{"host":"sy26bfguqtls01um","time":1611156833,"event":{"mods":["BaseMod","DeckTracker","Hermit","Minty Spire (QoL Compilation)","Random Character Button","StSLib","SuperFastMode","The Hierophant","The Necromancer","The Servant 0.9.4","The Wild Card"],"gold_per_floor":[112,112,125,142,67,67,80,80,106,124,138,138,38,55,55,128,128,146,146,61,61,61,61,80,96,96,96,113,113,138,154,154,230,230,243,243,258,283,298,298,125,125,176,204,240,74,74,106,106,106,106],"floor_reached":52,"language":"KOR","playtime":3370,"items_purged":["Defend_S","Strike_S"],"score":1969,"play_id":"45e666ed-32ba-423e-a4f7-f328149b37b8","local_time":"20210121003353","is_ascension_mode":true,"campfire_choices":[{"data":"SoulSculpture","floor":6.0,"key":"SMITH"},{"data":"Potential","floor":8.0,"key":"SMITH"},{"data":"FlawlessForm","floor":12.0,"key":"SMITH"},{"floor":15.0,"key":"REST"},{"data":"TheWorld","floor":23.0,"key":"SMITH"},{"floor":29.0,"key":"REST"},{"floor":32.0,"key":"REST"},{"data":"SoulSculpture","floor":40.0,"key":"SMITH"},{"data":"TheWorld","floor":42.0,"key":"SMITH"},{"data":"SoulSculpture","floor":49.0,"key":"SMITH"}],"circlet_count":0,"master_deck":["AscendersBane","Exchange+1","Dilation","SoulSculpture+1","Potential+1","SilverBlades","BottledTime+1","Comet","FlawlessForm+1","TheWorld+1","Orbit+1","Orbit+1","Reset+1","TimeWarp","Manipulate+1","SoulSculpture+1","Potential+1","SilverMatrix","ShiftingGears","ShatteredReality+1","TimeWarp+1","TheWorld+1","SoulSculpture+1","SoulSculpture"],"relics":["Uniform","Lantern","Astrolabe","Nunchaku","Blue Candle","Mercury Hourglass","Matryoshka","StoneMask","PocketWatch","Letter Opener","CeramicFish","OldScarf","TheAbacus","War Paint"],"acts_visited":["Exordium","TheCity","TheBeyond"],"potions_floor_usage":[],"damage_taken":[{"damage":2.0,"enemies":"2 Louse","floor":1.0,"turns":3.0},{"damage":0.0,"enemies":"Cultist","floor":3.0,"turns":3.0},{"damage":1.0,"enemies":"Small Slimes","floor":4.0,"turns":3.0},{"damage":11.0,"enemies":"3 Louse","floor":7.0,"turns":4.0},{"damage":9.0,"enemies":"Blue Slaver","floor":10.0,"turns":3.0},{"damage":1.0,"enemies":"Large Slime","floor":11.0,"turns":5.0},{"damage":3.0,"enemies":"3 Louse","floor":14.0,"turns":2.0},{"damage":0.0,"enemies":"Hexaghost","floor":16.0,"turns":9.0},{"damage":0.0,"enemies":"3 Byrds","floor":18.0,"turns":1.0},{"damage":0.0,"enemies":"Chosen","floor":24.0,"turns":2.0},{"damage":16.0,"enemies":"Centurion and Healer","floor":25.0,"turns":4.0},{"damage":3.0,"enemies":"Snecko","floor":28.0,"turns":4.0},{"damage":11.0,"enemies":"Slavers","floor":30.0,"turns":4.0},{"damage":0.0,"enemies":"Sentry and Sphere","floor":31.0,"turns":3.0},{"damage":19.0,"enemies":"Collector","floor":33.0,"turns":5.0},{"damage":9.0,"enemies":"Orb Walker","floor":35.0,"turns":2.0},{"damage":10.0,"enemies":"3 Darklings","floor":37.0,"turns":3.0},{"damage":0.0,"enemies":"Mind Bloom Boss Battle","floor":38.0,"turns":5.0},{"damage":14.0,"enemies":"Jaw Worm Horde","floor":39.0,"turns":3.0},{"damage":5.0,"enemies":"Writhing Mass","floor":44.0,"turns":5.0},{"damage":2.0,"enemies":"Nemesis","floor":45.0,"turns":3.0},{"damage":0.0,"enemies":"Giant Head","floor":48.0,"turns":4.0},{"damage":30.0,"enemies":"Awakened One","floor":50.0,"turns":8.0},{"damage":16,"enemies":"Donu and Deca","floor":51,"turns":6}],"seed_played":"-4592294469668339762","potions_obtained":[{"floor":3.0,"key":"CultistPotion"},{"floor":4.0,"key":"Energy Potion"},{"floor":14.0,"key":"SteroidPotion"},{"floor":33.0,"key":"GamblersBrew"}],"is_trial":false,"path_per_floor":["M","?","M","M","$","R","M","R","T","M","M","R","$","M","R","B",null,"M","?","?","T","?","R","M","M","T","?","M","R","E","M","R","B",null,"M","?","M","?","M","R","$","R","T","M","E","$","?","E","R","B","B",null],"character_chosen":"THE_SERVANT","items_purchased":["TheWorld","TheAbacus"],"campfire_rested":3,"item_purchase_floors":[41,46],"current_hp_per_floor":[37,37,37,36,36,36,25,25,25,16,15,15,15,12,30,30,53,53,37,37,37,37,37,37,21,21,21,18,37,26,26,45,26,55,49,49,42,51,46,46,46,46,46,44,45,45,45,48,48,30,20],"gold":106,"neow_bonus":"TRANSFORM_TWO_CARDS","is_daily":false,"chose_seed":false,"campfire_upgraded":7,"win_rate":0.0,"timestamp":1611156833,"path_taken":["M","?","M","?","$","R","M","R","T","M","M","R","?","M","R","BOSS","M","?","?","?","?","R","M","M","T","?","M","R","E","?","R","BOSS","M","?","M","?","M","R","$","R","T","M","E","$","?","E","R","BOSS","BOSS"],"items_purchased_type":["Card","Relic"],"build_version":"2020-12-22","purchased_purges":2,"victory":true,"max_hp_per_floor":[60,60,60,60,60,60,60,60,60,60,60,60,60,60,60,60,60,60,65,65,65,65,65,65,65,65,65,65,65,65,65,65,65,65,66,66,67,70,73,73,73,73,73,74,75,75,75,76,76,80,82],"card_choices":[{"not_picked":["FastForward","Desolation"],"picked":"Potential","floor":1.0},{"not_picked":["BottledTime","Defy"],"picked":"SilverBlades","floor":3.0},{"not_picked":["Rewind","Unruled"],"picked":"BottledTime","floor":4.0},{"not_picked":["ShatteredReality","WasteNot"],"picked":"Comet","floor":7.0},{"not_picked":["Unruled","Starlight"],"picked":"FlawlessForm","floor":10.0},{"not_picked":["Ricochet","BottledTime"],"picked":"TimeWarp","floor":11.0},{"not_picked":["Desolation","ShatteredReality","Rearm"],"picked":"SKIP","floor":14.0},{"not_picked":["Dilation","Deny"],"picked":"TheWorld","floor":16.0},{"not_picked":["MoonPhase","Snipe"],"picked":"TimeWarp","floor":18.0},{"not_picked":["SpecialFormula","DoubleEdge","Alleviate"],"picked":"SKIP","floor":24.0},{"not_picked":["BestPractice","Comet"],"picked":"Manipulate+1","floor":25.0},{"not_picked":["DancingSilver","StarChef"],"picked":"Potential+1","floor":28.0},{"not_picked":["SurpressingFire","Desolation","TimeTheft"],"picked":"SKIP","floor":30.0},{"not_picked":["DoubleEdge","Starlight","Barrier"],"picked":"SKIP","floor":31.0},{"not_picked":["PendulumOfEternity","FlawlessForm"],"picked":"SilverMatrix","floor":33.0},{"not_picked":["Revamp","Starlight+1"],"picked":"ShiftingGears","floor":35.0},{"not_picked":["Spin","BottledTime"],"picked":"ShatteredReality+1","floor":37.0},{"not_picked":["Moonlight","Revamp"],"picked":"TimeWarp+1","floor":39.0},{"not_picked":["TimeWarp+1","Unruled"],"picked":"SoulSculpture","floor":44.0},{"not_picked":["Manipulate+1","Rewind+1"],"picked":"SoulSculpture","floor":45.0},{"not_picked":["Desolation","FanOfKnives","Moonlight"],"picked":"SKIP","floor":48.0}],"player_experience":1869216,"relics_obtained":[{"floor":9.0,"key":"Lantern"},{"floor":21.0,"key":"Blue Candle"},{"floor":26.0,"key":"Mercury Hourglass"},{"floor":30.0,"key":"Matryoshka"},{"floor":38.0,"key":"PocketWatch"},{"floor":43.0,"key":"Letter Opener"},{"floor":43.0,"key":"CeramicFish"},{"floor":45.0,"key":"OldScarf"},{"floor":48.0,"key":"War Paint"}],"event_choices":[{"cards_removed":["Strike_S"],"damage_healed":0.0,"max_hp_gain":0.0,"max_hp_loss":0.0,"gold_gain":0.0,"event_name":"Purifier","player_choice":"Purged","floor":2.0,"gold_loss":0.0,"damage_taken":0.0},{"damage_healed":0.0,"max_hp_gain":5.0,"max_hp_loss":0.0,"gold_gain":0.0,"event_name":"Forgotten Altar","player_choice":"Shed Blood","floor":19.0,"gold_loss":0.0,"damage_taken":21.0},{"damage_healed":0.0,"max_hp_gain":0.0,"max_hp_loss":0.0,"gold_gain":0.0,"event_name":"Addict","player_choice":"Obtained Relic","floor":20.0,"gold_loss":85.0,"damage_taken":0.0,"relics_obtained":["Nunchaku"]},{"cards_removed":["TimeWarp"],"damage_healed":0.0,"max_hp_gain":0.0,"max_hp_loss":0.0,"gold_gain":0.0,"event_name":"Back to Basics","player_choice":"Elegance","floor":22.0,"gold_loss":0.0,"damage_taken":0.0},{"damage_healed":0.0,"max_hp_gain":0.0,"max_hp_loss":0.0,"gold_gain":0.0,"event_name":"Match and Keep!","player_choice":"1 cards matched","floor":27.0,"gold_loss":0.0,"damage_taken":0.0,"cards_obtained":["SoulSculpture"]},{"damage_healed":0.0,"max_hp_gain":0.0,"max_hp_loss":0.0,"gold_gain":0.0,"event_name":"Tomb of Lord Red Mask","player_choice":"Ignored","floor":36.0,"gold_loss":0.0,"damage_taken":0.0},{"damage_healed":0.0,"max_hp_gain":0.0,"max_hp_loss":0.0,"gold_gain":0.0,"event_name":"MindBloom","player_choice":"Fight","floor":38.0,"gold_loss":0.0,"damage_taken":0.0},{"cards_removed":["KidneyShot"],"damage_healed":0.0,"max_hp_gain":0.0,"max_hp_loss":0.0,"gold_gain":0.0,"event_name":"Falling","player_choice":"Removed Attack","floor":47.0,"gold_loss":0.0,"damage_taken":0.0}],"is_beta":false,"boss_relics":[{"not_picked":["SacredBark","Black Star"],"picked":"Astrolabe"},{"not_picked":["MysterySword","Tiny House"],"picked":"StoneMask"}],"items_purged_floors":[5,13],"is_endless":false,"potions_floor_spawned":[3,4,10,14,16,24,25,30,31,33,37,38,39,44],"ascension_level":20}}