{"host":"flm17o2q7bfjyna6","time":1611169072,"event":{"mods":["2.2 Compatiblity","Act Like it!","BaseMod","Better Altar","Better Match","Better Note","Better Sensory Stone","Better Skull","Better Third Choice","Better Vampires","Colored Map","Colored Powertips","DeckTracker","Fox Events","Hermit","Minty Spire (QoL Compilation)","Quick Restart","Replay The Spire","Reworked Bosses","Spicy Shops","StSLib","Wandering Minibosses"],"gold_per_floor":[110,121,136,153,153,183,183,214,239,18,28,28,28,41,41,41,41],"floor_reached":16,"language":"ENG","playtime":653,"items_purged":["Strike_B"],"score":193,"play_id":"50364009-2ef7-4044-9b28-ca3401234f92","local_time":"20210120135752","is_ascension_mode":true,"campfire_choices":[{"floor":7,"key":"REST"},{"data":"Streamline","floor":13,"key":"SMITH"}],"circlet_count":0,"master_deck":["AscendersBane","Strike_B","Strike_B","Defend_B","Defend_B","Defend_B","Zap","Dualcast","Rip and Tear","Hyperbeam","Ball Lightning","ReplayTheSpireMod:System Scan","Steam","BootSequence","CommonCold","Streamline+1","Gash"],"relics":["Cracked Core","ReplayTheSpireMod:Ring of Collecting","Ring of Hypnosis","Singing Bowl","Replay:Wax Seal","Ring of Shattering","Vajra","Mango"],"acts_visited":["Exordium"],"potions_floor_usage":[6,8,16,16],"damage_taken":[{"damage":0,"enemies":"Cultist","floor":1,"turns":2},{"damage":12,"enemies":"Jaw Worm","floor":2,"turns":2},{"damage":0,"enemies":"2 Louse","floor":3,"turns":2},{"damage":10,"enemies":"Looter","floor":4,"turns":6},{"damage":21,"enemies":"Replay:BlueRogue","floor":6,"turns":7},{"damage":28,"enemies":"Lagavulin","floor":8,"turns":5},{"damage":0,"enemies":"Exordium Wildlife","floor":11,"turns":3},{"damage":0,"enemies":"3 Louse","floor":14,"turns":1},{"damage":46,"enemies":"Fading Forest","floor":16,"turns":11}],"seed_played":"-8109311107952330984","potions_obtained":[{"floor":3,"key":"PowerPotion"},{"floor":4,"key":"Adrenaline Potion"},{"floor":6,"key":"SteroidPotion"},{"floor":15,"key":"Dexterity Potion"},{"floor":15,"key":"Swift Potion"}],"is_trial":false,"path_per_floor":["M","M","M","M","?","E","R","E","T","$","M","$","R","M","R_BF","B"],"character_chosen":"DEFECT","items_purchased":["Mango"],"campfire_rested":1,"item_purchase_floors":[10],"current_hp_per_floor":[50,38,38,28,28,7,29,1,1,15,17,17,17,19,19,0,0],"gold":41,"neow_bonus":"TRANSFORM_TWO_CARDS","is_daily":false,"chose_seed":false,"campfire_upgraded":1,"win_rate":0.0,"timestamp":1611169072,"path_taken":["M","M","?","M","?","E","R","E","T","$","M","$","R","M","R_BF","BOSS"],"items_purchased_type":["Relic"],"build_version":"2020-12-22","purchased_purges":1,"victory":false,"max_hp_per_floor":[75,75,75,75,75,75,75,75,75,89,91,91,91,93,93,93,93],"card_choices":[{"not_picked":["BasicCrystalCard","Skim"],"picked":"Ball Lightning","floor":1},{"not_picked":["ReplayTheSpireMod:Repulse","Crystallizer"],"picked":"ReplayTheSpireMod:System Scan","floor":2},{"not_picked":["Tempest","Cold Snap"],"picked":"Steam","floor":3},{"not_picked":["Hello World","Hologram"],"picked":"BootSequence","floor":4},{"not_picked":["Loop","Reprogram"],"picked":"Streamline","floor":6},{"not_picked":["Go for the Eyes","Machine Learning"],"picked":"Gash","floor":8},{"not_picked":["Panic Button","Blizzard","Rebound"],"picked":"Singing Bowl","floor":11},{"not_picked":["Leap","Stack","Coolheaded"],"picked":"Singing Bowl","floor":14}],"player_experience":1669889,"relics_obtained":[{"floor":5,"key":"ReplayTheSpireMod:Ring of Collecting"},{"floor":5,"key":"Ring of Hypnosis"},{"floor":6,"key":"Singing Bowl"},{"floor":8,"key":"Replay:Wax Seal"},{"floor":9,"key":"Ring of Shattering"},{"floor":9,"key":"Vajra"}],"event_choices":[],"is_beta":false,"boss_relics":[],"items_purged_floors":[10],"is_endless":false,"potions_floor_spawned":[3,4,6],"killed_by":"Fading Forest","ascension_level":10}}