{"host":"Teixeira","time":1611169620,"event":{"mods":["2.2 Compatiblity","AchievementEnabler","Aspiration","BaseMod","Better Match","Better Note","Better Sensory Stone","Better Skull","Better Third Choice","Colored Map","Colored Powertips","Downfall","Hermit","Hubris","Infinite Spire","Minty Spire (QoL Compilation)","Permanent Neow","Quick Restart","Rare Cards Sparkle","Relic Filter","Spicy Shops","StS++","StSLib","SuperFastMode"],"gold_per_floor":[99,116,126,126,137,169,169,185,205,205,221,221,249,262,282,382,382,382,396,396,415,392,392,392,433,433,333,99,99,99,99,99,99],"floor_reached":31,"language":"ENG","playtime":2494,"items_purged":["bronze:Defend","bronze:Frontload"],"score":331,"play_id":"d9ad8a73-9a92-481e-a0c6-5be0e7b6ddf8","local_time":"20210120160700","is_ascension_mode":true,"campfire_choices":[{"data":"bronze:Goto","floor":1.0,"key":"SMITH"},{"data":"bronze:Virus","floor":10.0,"key":"SMITH"},{"data":"bronze:Terminator","floor":12.0,"key":"SMITH"},{"data":"bronze:ChosenStrike","floor":18.0,"key":"SMITH"},{"floor":27.0,"key":"RECALL"},{"data":"bronze:Flail","floor":30.0,"key":"SMITH"}],"circlet_count":0,"master_deck":["bronze:Strike","bronze:Strike","bronze:Strike","bronze:Defend","bronze:Defend","bronze:Defend","bronze:Replicate","bronze:Goto+1","Dark Shackles","bronze:Repulsor","bronze:CutThrough","bronze:Virus+1","bronze:Terminator+1","bronze:ChosenStrike+1","bronze:DelayedSlice","bronze:ThunderWave","bronze:DelayedSlice","bronze:Flail+1"],"relics":["bronze:BronzeCore","Blood Vial","infinitespire:WardingShard","aspiration:PoetsPen","Nloth\u0027s Gift","Golden Idol","Dead Branch","StSpp:Dice","Lizard Tail","Orichalcum","SlaversCollar","downfall:HeartBlessingBlue","TheAbacus","hubris:TenFootPole","Ginger","Ginger"],"acts_visited":["Exordium","TheCity","TheCity"],"potions_floor_usage":[],"damage_taken":[{"damage":1.0,"enemies":"Jaw Worm","floor":2.0,"turns":3.0},{"damage":1.0,"enemies":"Cultist","floor":3.0,"turns":4.0},{"damage":3.0,"enemies":"Small Slimes","floor":5.0,"turns":2.0},{"damage":13.0,"enemies":"3 Sentries","floor":6.0,"turns":4.0},{"damage":5.0,"enemies":"3 Louse","floor":8.0,"turns":3.0},{"damage":11.0,"enemies":"Lots of Slimes","floor":9.0,"turns":3.0},{"damage":0.0,"enemies":"Exordium Wildlife","floor":11.0,"turns":3.0},{"damage":0.0,"enemies":"Gremlin Nob","floor":13.0,"turns":2.0},{"damage":8.0,"enemies":"Exordium Thugs","floor":14.0,"turns":4.0},{"damage":0.0,"enemies":"Blue Slaver","floor":15.0,"turns":2.0},{"damage":30.0,"enemies":"SI_SHIV_ARCHETYPE","floor":16.0,"turns":6.0},{"damage":0.0,"enemies":"Spheric Guardian","floor":19.0,"turns":1.0},{"damage":0.0,"enemies":"Shell Parasite","floor":21.0,"turns":2.0},{"damage":0.0,"enemies":"downfall:FleeingMerchant","floor":22.0,"turns":1.0},{"damage":14.0,"enemies":"Gremlin Leader","floor":25.0,"turns":3.0},{"damage":0,"enemies":"Shell Parasite","floor":31,"turns":1}],"seed_played":"-6709556058682570870","potions_obtained":[{"floor":5.0,"key":"StSpp:ScatteredPotion"},{"floor":14.0,"key":"Fire Potion"},{"floor":15.0,"key":"Weak Potion"},{"floor":16.0,"key":"Weak Potion"}],"is_trial":false,"path_per_floor":["R","M","M","?","M","E","T","M","M","R","M","R","E","M","M","B",null,"R","M","?","M","$","?","T","E","AVR","R","$","E","R","M"],"character_chosen":"THE_AUTOMATON","items_purchased":["Dead Branch","StSpp:Dice","bronze:Frontload","bronze:Flail","TheAbacus","hubris:TenFootPole"],"campfire_rested":0,"item_purchase_floors":[22,22,22,22,28,28],"current_hp_per_floor":[70,69,68,68,65,52,52,49,40,40,42,42,44,38,40,12,70,70,70,70,70,70,70,70,56,56,66,66,80,80,80,80,80],"gold":99,"neow_bonus":"RANDOM_COLORLESS","is_daily":false,"chose_seed":false,"campfire_upgraded":5,"win_rate":0.0,"timestamp":1611169620,"path_taken":["R","M","M","?","?","E","T","M","M","R","M","R","E","?","M","BOSS","R","M","?","M","$","?","T","E","AVR","R","?","E","R","M"],"items_purchased_type":["Relic","Relic","Card","Card","Relic","Relic"],"build_version":"2020-11-17","purchased_purges":2,"victory":false,"max_hp_per_floor":[70,70,70,70,70,70,70,70,70,70,70,70,70,70,70,70,70,70,70,70,70,70,70,70,70,70,80,80,80,80,80,80,80],"card_choices":[{"not_picked":["Enlightenment","Impatience"],"picked":"Dark Shackles","floor":0.0},{"not_picked":["bronze:ChildClass","bronze:CloningBeam"],"picked":"bronze:Repulsor","floor":2.0},{"not_picked":["bronze:Optimize","bronze:Shield"],"picked":"bronze:CutThrough","floor":3.0},{"not_picked":["bronze:Invalidate","bronze:Frontload"],"picked":"bronze:Terminator","floor":5.0},{"not_picked":["bronze:Shell","bronze:Separator"],"picked":"bronze:ChosenStrike","floor":6.0},{"not_picked":["bronze:ClassDefault","bronze:CloningBeam","bronze:Break"],"picked":"SKIP","floor":8.0},{"not_picked":["bronze:ChildClass","bronze:Optimize","bronze:Shell"],"picked":"SKIP","floor":9.0},{"not_picked":["bronze:FollowUp","bronze:DelayedGuard","bronze:Iterate"],"picked":"SKIP","floor":11.0},{"not_picked":["bronze:ClassDefault","bronze:Turbo","bronze:CloningBeam"],"picked":"SKIP","floor":13.0},{"not_picked":["bronze:ForLoop","bronze:Separator","bronze:Invalidate"],"picked":"SKIP","floor":14.0},{"not_picked":["bronze:ForceShield","bronze:DarkDash"],"picked":"bronze:DelayedSlice","floor":15.0},{"not_picked":["bronze:Format","bronze:ShipIt"],"picked":"bronze:ThunderWave","floor":16.0},{"not_picked":["bronze:Turbo","bronze:Separator","bronze:Shield"],"picked":"SKIP","floor":19.0},{"not_picked":["bronze:BitShift","bronze:WhirlingStrike","bronze:DelayedGuard"],"picked":"SKIP","floor":21.0},{"not_picked":["bronze:Backtrace","bronze:FollowUp"],"picked":"bronze:DelayedSlice","floor":22.0},{"not_picked":["bronze:Format","bronze:FollowUp","bronze:NullPointer"],"picked":"SKIP","floor":25.0}],"player_experience":134975,"relics_obtained":[{"floor":6.0,"key":"Blood Vial"},{"floor":7.0,"key":"infinitespire:WardingShard"},{"floor":13.0,"key":"Smiling Mask"},{"floor":25.0,"key":"Lizard Tail"}],"event_choices":[{"damage_healed":0.0,"max_hp_gain":0.0,"max_hp_loss":0.0,"gold_gain":0.0,"event_name":"betterNote:BetterNote","player_choice":"Ignored","floor":23.0,"gold_loss":0.0,"damage_taken":0.0,"cards_obtained":["bronze:Shell"]}],"is_beta":true,"boss_relics":[{"not_picked":["aspiration:FutureDiary","Tiny House"],"picked":"aspiration:PoetsPen"}],"items_purged_floors":[22,26],"is_endless":false,"potions_floor_spawned":[5,14,15,16,25],"killed_by":"Shell Parasite","ascension_level":1}}