{"host":"oigynbtg272c19pw","time":1611156745,"event":{"mods":["BaseMod","Colored Map","Minty Spire (QoL Compilation)","Relic Stats","Slay the Relics Exporter","StSLib"],"gold_per_floor":[115,115,115,7,25,25,56,56,56,86,86,86,86,100,100,100,100],"floor_reached":16,"playtime":410,"items_purged":[],"score":262,"play_id":"5d353885-3f69-40e7-ae0e-b8e1be7ebb22","local_time":"20210120163225","is_ascension_mode":true,"campfire_choices":[{"data":"Defragment","floor":6,"key":"SMITH"},{"data":"Streamline","floor":8,"key":"SMITH"},{"floor":11,"key":"REST"},{"data":"Leap","floor":15,"key":"SMITH"}],"circlet_count":0,"master_deck":["AscendersBane","Strike_B","Strike_B","Strike_B","Defend_B","Defend_B","Defend_B","Defend_B","Zap","Dualcast","Compile Driver","Fusion","Defragment+1","Turbo","Streamline+1","Leap+1","Electrodynamics","Cold Snap+1","Gash+1"],"relics":["Cracked Core","NeowsBlessing","Meat on the Bone","Art of War","Kunai","Prayer Wheel","Molten Egg 2"],"acts_visited":["Exordium"],"potions_floor_usage":[14,16,16],"damage_taken":[{"damage":0,"enemies":"Small Slimes","floor":1,"turns":1},{"damage":0,"enemies":"Jaw Worm","floor":5,"turns":1},{"damage":0,"enemies":"3 Sentries","floor":7,"turns":2},{"damage":31,"enemies":"Lagavulin","floor":10,"turns":6},{"damage":6,"enemies":"2 Louse","floor":14,"turns":2},{"damage":42,"enemies":"The Guardian","floor":16,"turns":9}],"seed_played":"-3276168691062245007","potions_obtained":[{"floor":7,"key":"PowerPotion"},{"floor":10,"key":"BlessingOfTheForge"},{"floor":14,"key":"SpeedPotion"}],"is_trial":false,"path_per_floor":["M","?","?","$","M","R","E","R","T","E","R","?","T","M","R","B"],"character_chosen":"DEFECT","items_purchased":["Defragment","Turbo"],"campfire_rested":1,"item_purchase_floors":[4,4],"current_hp_per_floor":[64,29,29,29,41,41,41,41,41,22,43,48,48,42,42,0,0],"gold":100,"neow_bonus":"THREE_ENEMY_KILL","is_daily":false,"chose_seed":false,"campfire_upgraded":3,"win_rate":0.0,"timestamp":1611156745,"path_taken":["M","?","?","$","M","R","E","R","T","E","R","?","?","M","R","BOSS"],"items_purchased_type":["Card","Card"],"build_version":"2020-12-13","purchased_purges":0,"victory":false,"max_hp_per_floor":[71,71,71,71,71,71,71,71,71,71,71,76,76,76,76,76,76],"relic_stats":{"counters":[6,21],"Prayer Wheel":1,"Art of War":[4],"Kunai":[2],"obtain_stats":[{"NeowsBlessing":0,"Prayer Wheel":10,"Molten Egg 2":13,"Art of War":7,"Kunai":9,"Cracked Core":0,"Meat on the Bone":2},{"NeowsBlessing":0,"Prayer Wheel":4,"Molten Egg 2":4,"Art of War":3,"Kunai":3,"Cracked Core":0,"Meat on the Bone":1},{"NeowsBlessing":0,"Prayer Wheel":10,"Molten Egg 2":10,"Art of War":4,"Kunai":4,"Cracked Core":0,"Meat on the Bone":1}],"Meat on the Bone":24},"card_choices":[{"not_picked":["Steam","Go for the Eyes"],"picked":"Compile Driver","floor":1},{"not_picked":["Stack","Hologram"],"picked":"Streamline","floor":5},{"not_picked":["Rebound","Machine Learning"],"picked":"Leap","floor":7},{"not_picked":["Reboot","Genetic Algorithm"],"picked":"Electrodynamics","floor":10},{"not_picked":["Beam Cell+1","Coolheaded"],"picked":"Cold Snap+1","floor":14},{"not_picked":["Coolheaded","Auto Shields"],"picked":"Gash+1","floor":14}],"player_experience":1447419,"relics_obtained":[{"floor":7,"key":"Art of War"},{"floor":9,"key":"Kunai"},{"floor":10,"key":"Prayer Wheel"},{"floor":13,"key":"Molten Egg 2"}],"event_choices":[{"damage_healed":0,"gold_gain":0,"player_choice":"Success","damage_taken":35,"relics_obtained":["Meat on the Bone"],"max_hp_gain":0,"max_hp_loss":0,"event_name":"Scrap Ooze","floor":2,"gold_loss":0},{"damage_healed":0,"gold_gain":0,"cards_transformed":["Strike_B"],"player_choice":"Change","damage_taken":0,"max_hp_gain":0,"max_hp_loss":0,"event_name":"Living Wall","floor":3,"gold_loss":0,"cards_obtained":["Fusion"]},{"damage_healed":0,"gold_gain":0,"player_choice":"Donut","damage_taken":0,"max_hp_gain":5,"max_hp_loss":0,"event_name":"Big Fish","floor":12,"gold_loss":0}],"is_beta":false,"boss_relics":[],"items_purged_floors":[],"is_endless":false,"potions_floor_spawned":[7,10,14],"killed_by":"The Guardian","ascension_level":20}}