{"host":"txhhdwa0hqfs4jhb","time":1611177164,"event":{"mods":["BaseMod","Better Third Choice","Filter the Spire","Fox Events","Minty Spire (QoL Compilation)","Relic Stats","Replay The Spire","StSLib","Thieving Mod"],"gold_per_floor":[116,36,48,60,40,68,81,81,81,112,37,65,94,111,111,183,183,198,198,98,111,122,122,141,141,190,190,204,204,204,204,79,106,106,185,185,200,225,25,70,83,117,133,161,161,195,195,195,207,207,207,207,207,207,1,29,29],"floor_reached":58,"language":"ENG","playtime":2809,"items_purged":["Writhe","Normality","Doubt","Writhe"],"score":2290,"play_id":"0e55d2cf-a7a0-4ad0-9cd3-7ecc05f720e5","local_time":"20210120211244","is_ascension_mode":true,"campfire_choices":[{"data":"Choke","floor":8.0,"key":"SMITH"},{"data":"Blade Dance","floor":15.0,"key":"SMITH"},{"data":"1","floor":23.0,"key":"LIFT"},{"data":"2","floor":25.0,"key":"LIFT"},{"data":"3","floor":27.0,"key":"LIFT"},{"data":"Blade Dance","floor":48,"key":"SMITH"},{"floor":51,"key":"RECALL"},{"floor":54,"key":"REST"}],"circlet_count":0,"master_deck":["AscendersBane","Defend_G","Defend_G","Defend_G","Survivor","Neutralize","ReplayTheSpireMod:From All Sides+1","Blade Dance+1","Adrenaline+1","Choke+1","Blade Dance","Escape Plan","Blade Dance+1","Blade Dance+1","ReplayTheSpireMod:From All Sides","Bite","Bite","Bite","Bite","Bite","Distraction+1","ReplayTheSpireMod:From All Sides","Cloak And Dagger+1","Blade Dance+1","Acrobatics+1","Cloak And Dagger+1","Finisher","Malaise+1"],"relics":["Ring of the Snake","Astrolabe","Vampiric Spirits","Singing Bowl","Letter Opener","Shuriken","PreservedInsect","Replay:Bottled Flurry","Ice Cream","Replay:Ancient Bell","Kunai","Girya","Ring of Peace","Toxic Egg 2","Replay:Ringing Soul","Enchiridion","Runic Dome","StoneCalendar","The Specimen","Bottled Lightning","Tingsha","HornCleat","Paper Crane","Bronze Scales","Toy Ornithopter"],"acts_visited":["Exordium","TheCity","TheBeyond","TheEnding"],"potions_floor_usage":[57,57],"damage_taken":[{"damage":1.0,"enemies":"Jaw Worm","floor":1.0,"turns":2.0},{"damage":0.0,"enemies":"Cultist","floor":3.0,"turns":3.0},{"damage":6.0,"enemies":"Small Slimes","floor":4.0,"turns":3.0},{"damage":6.0,"enemies":"Lagavulin","floor":6.0,"turns":6.0},{"damage":0.0,"enemies":"Looter","floor":7.0,"turns":1.0},{"damage":13.0,"enemies":"3 Sentries","floor":10.0,"turns":6.0},{"damage":0.0,"enemies":"Gremlin Nob","floor":12.0,"turns":2.0},{"damage":0.0,"enemies":"Blue Slaver","floor":14.0,"turns":2.0},{"damage":0.0,"enemies":"Fading Forest","floor":16.0,"turns":11.0},{"damage":33.0,"enemies":"2 Thieves","floor":18.0,"turns":3.0},{"damage":5.0,"enemies":"Shell Parasite","floor":21.0,"turns":4.0},{"damage":9.0,"enemies":"3 Cultists","floor":22.0,"turns":4.0},{"damage":0.0,"enemies":"Centurion and Healer","floor":24.0,"turns":4.0},{"damage":0.0,"enemies":"Snecko","floor":28.0,"turns":2.0},{"damage":0.0,"enemies":"Gremlin Leader","floor":33.0,"turns":1.0},{"damage":0.0,"enemies":"Collector","floor":35.0,"turns":5.0},{"damage":0,"enemies":"Orb Walker","floor":37,"turns":1},{"damage":6,"enemies":"Mind Bloom Boss Battle","floor":38,"turns":4},{"damage":0,"enemies":"2 Orb Walkers","floor":40,"turns":3},{"damage":0,"enemies":"3 Darklings","floor":41,"turns":3},{"damage":0,"enemies":"Reptomancer","floor":42,"turns":3},{"damage":0,"enemies":"Transient","floor":43,"turns":6},{"damage":0,"enemies":"Nemesis","floor":44,"turns":1},{"damage":0,"enemies":"Giant Head","floor":46,"turns":2},{"damage":0,"enemies":"4 Shapes","floor":49,"turns":2},{"damage":44,"enemies":"Replay:Hell Engine","floor":52,"turns":8},{"damage":12,"enemies":"Shield and Spear","floor":56,"turns":3},{"damage":70,"enemies":"The Heart","floor":57,"turns":6}],"seed_played":"8206732308123268538","potions_obtained":[{"floor":5.0,"key":"Energy Potion"},{"floor":7.0,"key":"Swift Potion"},{"floor":10.0,"key":"Ancient Potion"},{"floor":14.0,"key":"Dexterity Potion"},{"floor":18.0,"key":"Strength Potion"},{"floor":22.0,"key":"Energy Potion"},{"floor":41,"key":"Reflective Coating"}],"is_trial":false,"path_per_floor":["M","$","M","M","?","E","M","R","T","E","$","E","?","M","R","B",null,"M","?","$","M","M","R","M","R","T","R","M","?","PTL","PTL","$","E","R","B",null,"M","?","$","?","M","E","M","E","T","E","?","R","M","?","R","B",null,"R","$","E","B",null],"character_chosen":"THE_SILENT","items_purchased":["Footwork","Blade Dance+1","Bronze Scales","Finisher"],"campfire_rested":1,"item_purchase_floors":[2,39,55,55],"current_hp_per_floor":[58,58,65,60,60,56,66,66,66,58,58,66,37,42,42,59,79,53,53,53,52,48,48,53,53,53,53,64,64,64,64,64,76,55,73,90,98,101,104,106,109,111,114,116,116,118,118,118,120,120,120,82,111,120,123,118,62],"gold":29,"neow_bonus":"CURSED_BOSS_RELIC","is_daily":false,"chose_seed":false,"campfire_upgraded":3,"win_rate":0.0,"timestamp":1611177164,"path_taken":["M","$","M","M","?","E","?","R","T","E","$","E","?","M","R","BOSS","M","?","$","M","M","R","M","R","T","R","M","?","PTL","PTL","?","E","R","BOSS","M","?","$","?","M","E","M","E","T","E","?","R","M","?","R","BOSS","R","$","E","BOSS"],"items_purchased_type":["Card","Card","Relic","Card"],"build_version":"2020-12-22","purchased_purges":4,"victory":true,"max_hp_per_floor":[66,66,66,66,66,68,70,70,70,72,72,74,74,76,76,78,84,86,86,86,86,88,88,90,90,90,90,90,90,90,90,90,93,93,96,96,98,101,104,106,109,111,114,116,116,118,118,118,120,120,120,120,120,120,123,126,126],"relic_stats":{"Singing Bowl":36,"counters":[28,101],"Astrolabe":["ReplayTheSpireMod:From All Sides","Blade Dance","Adrenaline"],"StoneCalendar":[27],"Tingsha":[10],"PreservedInsect":385,"Letter Opener":[297],"Shuriken":[143],"Bronze Scales":[102],"Kunai":[123],"obtain_stats":[{"Ice Cream":13,"Singing Bowl":6,"Vampiric Spirits":2,"Enchiridion":34,"StoneCalendar":38,"Blood Vial":17,"Replay:Ringing Soul":33,"HornCleat":45,"Ring of Peace":19,"Replay:Bottled Flurry":12,"Kunai":17,"Toxic Egg 2":32,"Ring of the Snake":0,"Girya":17,"The Specimen":40,"Astrolabe":0,"Tingsha":44,"PreservedInsect":11,"Replay:Ancient Bell":17,"Letter Opener":9,"Paper Crane":46,"Runic Dome":36,"Shuriken":10,"Bronze Scales":55,"Bottled Lightning":42,"Toy Ornithopter":56},{"Ice Cream":7,"Singing Bowl":4,"Vampiric Spirits":1,"Enchiridion":15,"StoneCalendar":18,"Blood Vial":9,"Replay:Ringing Soul":15,"HornCleat":23,"Ring of Peace":10,"Replay:Bottled Flurry":7,"Kunai":9,"Toxic Egg 2":14,"Ring of the Snake":0,"Girya":9,"The Specimen":19,"Astrolabe":0,"Tingsha":23,"PreservedInsect":6,"Replay:Ancient Bell":9,"Letter Opener":5,"Paper Crane":24,"Runic Dome":16,"Shuriken":6,"Bronze Scales":26,"Bottled Lightning":21,"Toy Ornithopter":27},{"Ice Cream":23,"Singing Bowl":14,"Vampiric Spirits":2,"Enchiridion":54,"StoneCalendar":64,"Blood Vial":36,"Replay:Ringing Soul":54,"HornCleat":80,"Ring of Peace":39,"Replay:Bottled Flurry":23,"Kunai":36,"Toxic Egg 2":53,"Ring of the Snake":0,"Girya":36,"The Specimen":67,"Astrolabe":0,"Tingsha":80,"PreservedInsect":21,"Replay:Ancient Bell":36,"Letter Opener":15,"Paper Crane":82,"Runic Dome":59,"Shuriken":21,"Bronze Scales":92,"Bottled Lightning":73,"Toy Ornithopter":95}],"Toy Ornithopter":8,"Ring of the Snake":[56]},"card_choices":[{"not_picked":["Dodge and Roll","Blade Dance"],"picked":"Choke","floor":1.0},{"not_picked":["PiercingWail","Choke"],"picked":"Blade Dance","floor":3.0},{"not_picked":["Prepared","Tactician"],"picked":"Escape Plan","floor":4.0},{"not_picked":["Terror","Underhanded Strike","Draining Mist"],"picked":"Singing Bowl","floor":6.0},{"not_picked":["Dash","All Out Attack","Flying Knee"],"picked":"Singing Bowl","floor":7.0},{"not_picked":["Dagger Spray","Sucker Punch","Fluid Movement"],"picked":"Singing Bowl","floor":10.0},{"not_picked":["Acrobatics","Dagger Throw","PiercingWail"],"picked":"Singing Bowl","floor":12.0},{"not_picked":["Bane","Grand Finale"],"picked":"Blade Dance","floor":13.0},{"not_picked":["Leg Sweep","Backflip","Deflect"],"picked":"Singing Bowl","floor":14.0},{"not_picked":["Storm of Steel","Atom Bomb","A Thousand Cuts"],"picked":"Singing Bowl","floor":16.0},{"not_picked":["Normality","Decay","Regret"],"picked":"Singing Bowl","floor":17.0},{"not_picked":["Decay","Writhe","ReplayTheSpireMod:Splinters"],"picked":"Singing Bowl","floor":17.0},{"not_picked":["Doubt","Decay","Clumsy"],"picked":"Singing Bowl","floor":17.0},{"not_picked":["Bouncing Flask+1","PiercingWail","Deflect"],"picked":"Singing Bowl","floor":18.0},{"not_picked":["Dodge and Roll","Expertise"],"picked":"Blade Dance","floor":21.0},{"not_picked":["Accuracy","Well Laid Plans","Bane+1"],"picked":"Singing Bowl","floor":22.0},{"not_picked":["ReplayTheSpireMod:The Works","Skewer","Bouncing Flask"],"picked":"Singing Bowl","floor":24.0},{"not_picked":["Quick Slash","ReplayTheSpireMod:Exploit Weakness"],"picked":"ReplayTheSpireMod:From All Sides","floor":28.0},{"not_picked":["Slice","Backstab"],"picked":"Distraction+1","floor":33.0},{"not_picked":["Poison Darts+1","Unload"],"picked":"ReplayTheSpireMod:From All Sides","floor":35.0},{"not_picked":["Predator","Deadly Poison+1","Slice"],"picked":"Singing Bowl","floor":37},{"not_picked":["Backflip+1","Distraction+1"],"picked":"Cloak And Dagger+1","floor":38},{"not_picked":["Slice","Wraith Form v2","Concentrate+1"],"picked":"Singing Bowl","floor":40},{"not_picked":["Concentrate+1","Underhanded Strike"],"picked":"Acrobatics+1","floor":41},{"not_picked":["Dagger Throw","Replay:Poison Smokescreen+1","Reflex+1"],"picked":"Singing Bowl","floor":42},{"not_picked":["Draining Mist+1","Bane"],"picked":"Cloak And Dagger+1","floor":43},{"not_picked":["Quick Slash+1","Toxin Wave+1","Underhanded Strike+1"],"picked":"Singing Bowl","floor":44},{"not_picked":["Escape Plan+1","Wraith Form v2","Quick Slash"],"picked":"Singing Bowl","floor":46},{"not_picked":["Dagger Throw+1","Terror+1","Dodge and Roll+1"],"picked":"Singing Bowl","floor":49},{"not_picked":["Tactician+1","Outmaneuver+1"],"picked":"Malaise+1","floor":56}],"player_experience":281800,"relics_obtained":[{"floor":6.0,"key":"Singing Bowl"},{"floor":9.0,"key":"Letter Opener"},{"floor":10.0,"key":"Shuriken"},{"floor":12.0,"key":"Replay:Bottled Flurry"},{"floor":13.0,"key":"Ice Cream"},{"floor":19.0,"key":"Ring of Peace"},{"floor":33.0,"key":"Replay:Ringing Soul"},{"floor":34.0,"key":"Enchiridion"},{"floor":38,"key":"StoneCalendar"},{"floor":40,"key":"The Specimen"},{"floor":42,"key":"Bottled Lightning"},{"floor":44,"key":"Tingsha"},{"floor":45,"key":"HornCleat"},{"floor":46,"key":"Paper Crane"},{"floor":56,"key":"Toy Ornithopter"}],"event_choices":[{"damage_healed":0.0,"max_hp_gain":0.0,"max_hp_loss":0.0,"gold_gain":0.0,"event_name":"The Woman in Blue","player_choice":"Bought 1 Potion","floor":5.0,"gold_loss":0.0,"damage_taken":0.0},{"damage_healed":0.0,"max_hp_gain":0.0,"max_hp_loss":0.0,"gold_gain":0.0,"event_name":"Vampires","player_choice":"Became a vampire (Vial)","floor":29.0,"relics_lost":["Blood Vial"],"gold_loss":0.0,"damage_taken":0.0,"cards_obtained":["Bite","Bite","Bite","Bite","Bite"]},{"damage_healed":0.0,"max_hp_gain":0.0,"max_hp_loss":0.0,"gold_gain":0.0,"event_name":"Cursed Tome","player_choice":"Obtained Book","floor":34.0,"gold_loss":0.0,"damage_taken":21.0},{"damage_healed":0,"gold_gain":0,"player_choice":"Fight","damage_taken":0,"max_hp_gain":0,"max_hp_loss":0,"event_name":"MindBloom","floor":38,"gold_loss":0},{"damage_healed":0,"gold_gain":0,"player_choice":"Fight","damage_taken":0,"max_hp_gain":0,"max_hp_loss":0,"event_name":"Mysterious Sphere","floor":40,"gold_loss":0},{"cards_removed":["Footwork"],"damage_healed":0,"gold_gain":0,"player_choice":"Removed Power","damage_taken":0,"max_hp_gain":0,"max_hp_loss":0,"event_name":"Falling","floor":47,"gold_loss":0},{"damage_healed":0,"gold_gain":0,"player_choice":"Got Potions","damage_taken":0,"max_hp_gain":0,"max_hp_loss":0,"event_name":"Lab","floor":50,"gold_loss":0}],"is_beta":false,"boss_relics":[{"not_picked":["Empty Cage","Ectoplasm"],"picked":"Replay:Ancient Bell"},{"not_picked":["Potion Belt","Simple Rune"],"picked":"Blood Vial"},{"not_picked":["Garlic","Snack Pack"],"picked":"Kunai"},{"not_picked":["Shovel","Lizard Tail"],"picked":"Girya"},{"not_picked":["Velvet Choker","Ring of the Serpent"],"picked":"Runic Dome"}],"items_purged_floors":[11,20,32,39],"is_endless":false,"potions_floor_spawned":[7,10,14,18,22,41,42,44,49,56],"ascension_level":17}}