{"host":"jpcy2bclvs7juczu","time":1611124026,"event":{"mods":["AchievementEnabler","BaseMod","Block Reminder","Colored Map","Colored Powertips","Curses Come First","Dark Map","Minty Spire (QoL Compilation)","Quick Restart","Relic Stats","StSLib","ojb\u0027s Better Paths Mod","ojb\u0027s Info Mod","slay the spire mod where everything is the same but ironclad has a cowboy hat"],"gold_per_floor":[112,125,138,63,82,82,114,133,133,133,78,78,104,114,114,193,193,206,206,219,2,2,2,36,47,47,47,58,58,107,138,138,138,138],"floor_reached":33,"language":"ENG","playtime":1947,"items_purged":["Strike_G"],"score":615,"play_id":"fbf943cb-76b1-4ae9-b1d7-737246c4ff01","local_time":"20210120062706","is_ascension_mode":true,"campfire_choices":[{"data":"Noxious Fumes","floor":6.0,"key":"SMITH"},{"floor":12.0,"key":"REST"},{"floor":15.0,"key":"REST"},{"data":"Outmaneuver","floor":23,"key":"SMITH"},{"data":"Venomology","floor":32,"key":"SMITH"}],"circlet_count":0,"master_deck":["AscendersBane","Defend_G+1","Defend_G+1","Defend_G+1","Defend_G+1","Defend_G+1","Survivor","Neutralize","Poisoned Stab","Quick Slash","Skewer+1","Noxious Fumes+1","Deadly Poison+1","Blade Dance","Finisher","Flying Knee","Outmaneuver+1","Backflip","Footwork+1","Dagger Spray+1","Glass Knife+1","Cloak And Dagger+1","Dodge and Roll","Bite+1","Bite+1","Bite+1","Bite+1","Bite+1","Crippling Poison+1","Underhanded Strike+1","PiercingWail","Backflip+1","Venomology+1"],"relics":["Ring of the Snake","Prayer Wheel","Torii","Molten Egg 2","Frozen Egg 2","Runic Pyramid","Medical Kit","Tingsha","TungstenRod","Orichalcum","CeramicFish"],"acts_visited":["Exordium","TheCity"],"potions_floor_usage":[24,33,33],"damage_taken":[{"damage":2.0,"enemies":"Cultist","floor":1.0,"turns":5.0},{"damage":1.0,"enemies":"Jaw Worm","floor":2.0,"turns":3.0},{"damage":0.0,"enemies":"2 Louse","floor":3.0,"turns":2.0},{"damage":1.0,"enemies":"Blue Slaver","floor":5.0,"turns":3.0},{"damage":30.0,"enemies":"Lagavulin","floor":7.0,"turns":4.0},{"damage":21.0,"enemies":"Exordium Thugs","floor":8.0,"turns":6.0},{"damage":13.0,"enemies":"3 Sentries","floor":13.0,"turns":8.0},{"damage":1.0,"enemies":"2 Fungi Beasts","floor":14.0,"turns":3.0},{"damage":7.0,"enemies":"Hexaghost","floor":16.0,"turns":9.0},{"damage":15.0,"enemies":"Shell Parasite","floor":18.0,"turns":4.0},{"damage":11.0,"enemies":"Spheric Guardian","floor":20.0,"turns":5.0},{"damage":13,"enemies":"Gremlin Leader","floor":24,"turns":9},{"damage":18,"enemies":"Snecko","floor":25,"turns":6},{"damage":12,"enemies":"Centurion and Healer","floor":28,"turns":13},{"damage":37,"enemies":"Slavers","floor":31,"turns":10},{"damage":44,"enemies":"Collector","floor":33,"turns":6}],"seed_played":"-8566088130660090349","potions_obtained":[{"floor":2.0,"key":"PowerPotion"},{"floor":3.0,"key":"GamblersBrew"},{"floor":7.0,"key":"Dexterity Potion"},{"floor":14.0,"key":"PowerPotion"},{"floor":28,"key":"PowerPotion"},{"floor":31,"key":"LiquidMemories"}],"is_trial":false,"path_per_floor":["M","M","M","$","M","R","E","M","T","?","$","R","E","M","R","B",null,"M","?","M","$","T","R","E","M","T","?","M","?","T","E","R","B"],"character_chosen":"THE_SILENT","items_purchased":["PowerPotion","Medical Kit","Block Potion"],"campfire_rested":2,"item_purchase_floors":[11,21,21],"current_hp_per_floor":[57,56,56,56,55,55,25,4,4,4,4,22,9,8,26,19,50,35,35,33,33,33,33,39,27,27,27,42,42,42,26,26,0,0],"gold":138,"neow_bonus":"ONE_RARE_RELIC","is_daily":false,"chose_seed":false,"campfire_upgraded":3,"win_rate":0.0,"timestamp":1611124026,"path_taken":["M","M","M","$","M","R","E","M","T","?","?","R","E","M","R","BOSS","M","?","M","$","?","R","E","M","T","?","?","?","?","E","R","BOSS"],"items_purchased_type":["Potion","Relic","Potion"],"build_version":"2020-12-22","purchased_purges":1,"victory":false,"max_hp_per_floor":[60,60,60,60,60,60,60,60,60,60,60,60,60,60,60,60,60,60,42,42,42,42,42,42,42,42,42,42,42,42,42,42,42,42],"relic_stats":{"Torii":45,"counters":[16,96],"CeramicFish":0,"Prayer Wheel":10,"Tingsha":[21],"Orichalcum":[18],"Medical Kit":[2],"obtain_stats":[{"Torii":7,"CeramicFish":31,"Prayer Wheel":0,"Molten Egg 2":9,"Tingsha":22,"Frozen Egg 2":13,"Orichalcum":30,"Medical Kit":21,"TungstenRod":24,"Ring of the Snake":0,"Runic Pyramid":17},{"Torii":5,"CeramicFish":15,"Prayer Wheel":0,"Molten Egg 2":6,"Tingsha":11,"Frozen Egg 2":7,"Orichalcum":14,"Medical Kit":11,"TungstenRod":12,"Ring of the Snake":0,"Runic Pyramid":9},{"Torii":17,"CeramicFish":90,"Prayer Wheel":0,"Molten Egg 2":23,"Tingsha":52,"Frozen Egg 2":31,"Orichalcum":80,"Medical Kit":52,"TungstenRod":61,"Ring of the Snake":0,"Runic Pyramid":43}],"TungstenRod":21,"Ring of the Snake":[32]},"card_choices":[{"not_picked":["Prepared","Bane"],"picked":"Poisoned Stab","floor":1.0},{"not_picked":["Underhanded Strike","Reflex"],"picked":"Quick Slash","floor":1.0},{"not_picked":["Catalyst","A Thousand Cuts"],"picked":"Skewer","floor":2.0},{"not_picked":["Footwork","Flying Knee"],"picked":"Noxious Fumes","floor":2.0},{"not_picked":["Finisher","Underhanded Strike"],"picked":"Deadly Poison","floor":3.0},{"not_picked":["Finisher","Deflect"],"picked":"Blade Dance","floor":3.0},{"not_picked":["Quick Slash","Blade Dance"],"picked":"Finisher","floor":5.0},{"not_picked":["Accuracy","Slice"],"picked":"Flying Knee","floor":5.0},{"not_picked":["Storm of Steel","Underhanded Strike"],"picked":"Outmaneuver","floor":7.0},{"not_picked":["Prepared","PiercingWail"],"picked":"Backflip","floor":8.0},{"not_picked":["Prepared","Slice","Outmaneuver"],"picked":"SKIP","floor":8.0},{"not_picked":["Unload+1","Finisher+1","Deflect"],"picked":"SKIP","floor":13.0},{"not_picked":["Quick Slash+1","Bane+1"],"picked":"Footwork+1","floor":14.0},{"not_picked":["Accuracy+1","Blade Dance"],"picked":"Dagger Spray+1","floor":14.0},{"not_picked":["Grand Finale+1","Night Terror"],"picked":"Glass Knife+1","floor":16.0},{"not_picked":["Deadly Poison","Quick Slash+1"],"picked":"Cloak And Dagger+1","floor":18.0},{"not_picked":["Catalyst","Deflect"],"picked":"Dodge and Roll","floor":18.0},{"not_picked":["Well Laid Plans+1","Accuracy+1"],"picked":"Crippling Poison+1","floor":20.0},{"not_picked":["Dagger Spray+1","Skewer+1","Dodge and Roll"],"picked":"SKIP","floor":20.0},{"not_picked":["Prepared+1","Sucker Punch+1"],"picked":"Underhanded Strike+1","floor":24},{"not_picked":["Dagger Spray+1","Setup"],"picked":"PiercingWail","floor":25},{"not_picked":["Dodge and Roll","Flying Knee+1","Deadly Poison"],"picked":"SKIP","floor":25},{"not_picked":["Blade Dance","Setup"],"picked":"Backflip+1","floor":28},{"not_picked":["Deflect","Calculated Gamble"],"picked":"Venomology","floor":28},{"not_picked":["Flying Knee+1","Slice+1","Bouncing Flask"],"picked":"SKIP","floor":31}],"player_experience":420521,"relics_obtained":[{"floor":7.0,"key":"Torii"},{"floor":9.0,"key":"Molten Egg 2"},{"floor":13.0,"key":"Frozen Egg 2"},{"floor":22,"key":"Tingsha"},{"floor":24,"key":"TungstenRod"},{"floor":30,"key":"Orichalcum"},{"floor":31,"key":"CeramicFish"}],"event_choices":[{"damage_healed":0.0,"max_hp_gain":0.0,"max_hp_loss":0.0,"gold_gain":0.0,"event_name":"Upgrade Shrine","player_choice":"Upgraded","floor":10.0,"gold_loss":0.0,"damage_taken":0.0,"cards_upgraded":["Skewer"]},{"damage_healed":0.0,"max_hp_gain":0.0,"max_hp_loss":18.0,"gold_gain":0.0,"event_name":"Vampires","player_choice":"Became a vampire","floor":19.0,"gold_loss":0.0,"damage_taken":0.0,"cards_obtained":["Bite","Bite","Bite","Bite","Bite"]},{"damage_healed":0,"gold_gain":0,"player_choice":"Upgraded","damage_taken":0,"max_hp_gain":0,"max_hp_loss":0,"event_name":"Upgrade Shrine","floor":27,"gold_loss":0,"cards_upgraded":["Deadly Poison"]},{"damage_healed":0,"gold_gain":0,"player_choice":"Simplicity","damage_taken":0,"max_hp_gain":0,"max_hp_loss":0,"event_name":"Back to Basics","floor":29,"gold_loss":0,"cards_upgraded":["Defend_G","Defend_G","Defend_G","Defend_G","Defend_G"]}],"is_beta":false,"boss_relics":[{"not_picked":["Philosopher\u0027s Stone","Ring of the Serpent"],"picked":"Runic Pyramid"}],"items_purged_floors":[4],"is_endless":false,"potions_floor_spawned":[2,3,7,14,28,31],"killed_by":"Collector","ascension_level":20}}