{"host":"umlqh7ic0jf4k5hg","time":1611176074,"event":{"mods":["AchievementEnabler","Astrologer","BaseMod","Card Forge","Colored Powertips","Custom Start","DeckTracker","Highlight Path","Minty Spire (QoL Compilation)","StSLib","Synergy Search"],"gold_per_floor":[116,134,147,162,162,162,162],"floor_reached":6,"language":"SPA","playtime":389,"items_purged":[],"score":38,"play_id":"d4f9b265-6144-4bfb-a39c-613ee74650ae","local_time":"20210120175434","is_ascension_mode":false,"campfire_choices":[],"circlet_count":0,"master_deck":["astrologer:Strike","astrologer:Strike","astrologer:Strike","astrologer:Strike","astrologer:Defend","astrologer:Defend","astrologer:Defend","astrologer:Defend","astrologer:NorthStar","astrologer:TheFool","astrologer:SolarFlare","astrologer:TheEmperor","astrologer:TheHighPriestess"],"relics":["astrologer:SkyMirror","Hammer of Thor","Seething Fire","Anvil of the Gods","Question Card"],"acts_visited":["Exordium"],"potions_floor_usage":[4,6],"damage_taken":[{"damage":7,"enemies":"Cultist","floor":1,"turns":5},{"damage":0,"enemies":"Small Slimes","floor":2,"turns":3},{"damage":4,"enemies":"Jaw Worm","floor":3,"turns":5},{"damage":16,"enemies":"Red Slaver","floor":4,"turns":5},{"damage":43,"enemies":"Gremlin Nob","floor":6,"turns":3}],"seed_played":"-8260332846866114391","potions_obtained":[{"floor":2,"key":"Regen Potion"},{"floor":3,"key":"FearPotion"}],"is_trial":false,"path_per_floor":["M","M","M","M","?","E"],"character_chosen":"ASTROLOGER","items_purchased":[],"campfire_rested":0,"item_purchase_floors":[],"current_hp_per_floor":[70,70,66,59,34,0,0],"gold":162,"neow_bonus":"TEN_PERCENT_HP_BONUS","is_daily":false,"chose_seed":false,"campfire_upgraded":0,"win_rate":0.0,"timestamp":1611176074,"path_taken":["M","M","M","?","?","E"],"items_purchased_type":[],"build_version":"2020-12-22","purchased_purges":0,"victory":false,"max_hp_per_floor":[77,77,77,77,77,77,77],"card_choices":[{"not_picked":["astrologer:CometStrike","astrologer:Eclipse"],"picked":"astrologer:SolarFlare","floor":1},{"not_picked":["astrologer:Judgement","astrologer:Still"],"picked":"astrologer:TheEmperor","floor":2},{"not_picked":["astrologer:Observe","astrologer:Opposition","astrologer:Conjunction"],"picked":"SKIP","floor":3},{"not_picked":["astrologer:GlassStar","astrologer:CometStrike"],"picked":"astrologer:TheHighPriestess","floor":4}],"player_experience":289760,"relics_obtained":[],"event_choices":[{"damage_healed":0,"gold_gain":0,"player_choice":"Success","damage_taken":25,"relics_obtained":["Question Card"],"max_hp_gain":0,"max_hp_loss":0,"event_name":"Scrap Ooze","floor":5,"gold_loss":0}],"is_beta":false,"boss_relics":[],"items_purged_floors":[],"is_endless":false,"potions_floor_spawned":[2,3],"killed_by":"Gremlin Nob","ascension_level":0}}