{"host":"nb3r5a3er9rrnn3n","time":1611129445,"event":{"mods":["BaseMod","Colored Map","Downfall","Minty Spire (QoL Compilation)","Spire Arcade","StSLib"],"gold_per_floor":[99,99,99,99,112,138,138,153,53,80,98,127,140,34,53,151,151,51,68,86,86,86,114,114,314,299,325,343,227,127,140,160,255,255,255,265,314,331,331,331,331,360,360,394,410,444,444,473,483,483,483,514,5,5,5,5],"floor_reached":57,"language":"ENG","playtime":6560,"items_purged":["bronze:Strike","bronze:Strike"],"score":1716,"play_id":"f15bda8c-d85e-4d74-9e81-0b9339118b20","local_time":"20210120185725","is_ascension_mode":true,"campfire_choices":[{"floor":1,"key":"RECALL"},{"floor":9,"key":"REST"},{"data":"bronze:Format","floor":18,"key":"SMITH"},{"data":"bronze:MaxOutput","floor":30,"key":"SMITH"},{"data":"bronze:ItsAFeature","floor":35,"key":"SMITH"},{"data":"bronze:Repulsor","floor":43,"key":"SMITH"},{"data":"bronze:ThunderWave","floor":54,"key":"SMITH"}],"circlet_count":0,"master_deck":["bronze:Strike","bronze:Strike","bronze:Defend","bronze:Defend","bronze:Defend","bronze:Defend","bronze:Replicate","bronze:Goto","bronze:OilSpill","bronze:WildBeam","bronze:ChosenStrike","bronze:ItsAFeature+1","bronze:Library","bronze:OilSpill","bronze:BuggyMess","bronze:InfiniteLoop","bronze:BugBarrage","expansioncontent:YouAreMine","bronze:Repulsor+1","bronze:Format+1","bronze:Shield","bronze:CutThrough+1","Shame","downfall:Haunted","bronze:Format","bronze:Separator+1","bronze:Constructor+1","bronze:Constructor","bronze:MaxOutput+1","bronze:Constructor","bronze:Refactor","bronze:ThunderWave+1","CurseOfTheBell","Normality","bronze:Shell+1","bronze:Refactor","bronze:ShipIt","Normality","bronze:ItsAFeature+1","bronze:DelayedGuard","bronze:FollowUp","bronze:DelayedGuard"],"relics":["bronze:BronzeCore","downfall:HeartsMalice","Orichalcum","Ice Cream","downfall:HeartBlessingRed","champ:DuelingGlove","Mercury Hourglass","Cursed Key","downfall:HeartBlessingGreen","Pear","Art of War","Bottled Tornado","downfall:HeartBlessingBlue","Calling Bell","bronze:ProtectiveGoggles","Pantograph","Mango","Gambling Chip","Mummified Hand","Vajra","Blue Candle","Letter Opener","Darkstone Periapt","Bag of Marbles","Strawberry","Membership Card","Centennial Puzzle","hexamod:Sixitude"],"acts_visited":["Exordium","TheCity","TheBeyond","TheEnding"],"potions_floor_usage":[10,15,16,22,23,31,37,46,52,56,56,56],"damage_taken":[{"damage":0,"enemies":"Cultist","floor":2,"turns":1},{"damage":0,"enemies":"Jaw Worm","floor":3,"turns":1},{"damage":0,"enemies":"Small Slimes","floor":4,"turns":1},{"damage":18,"enemies":"Large Slime","floor":5,"turns":2},{"damage":27,"enemies":"Gremlin Nob","floor":6,"turns":5},{"damage":10,"enemies":"3 Louse","floor":8,"turns":3},{"damage":6,"enemies":"3 Sentries","floor":10,"turns":5},{"damage":0,"enemies":"2 Fungi Beasts","floor":11,"turns":1},{"damage":6,"enemies":"Lagavulin","floor":12,"turns":5},{"damage":0,"enemies":"Large Slime","floor":13,"turns":3},{"damage":4,"enemies":"downfall:FleeingMerchant","floor":14,"turns":4},{"damage":7,"enemies":"Exordium Thugs","floor":15,"turns":3},{"damage":11,"enemies":"WA_ARCHETYPE_RETAIN","floor":16,"turns":6},{"damage":0,"enemies":"3 Byrds","floor":19,"turns":3},{"damage":0,"enemies":"Shell Parasite","floor":20,"turns":2},{"damage":0,"enemies":"Centurion and Healer","floor":22,"turns":1},{"damage":0,"enemies":"Book of Stabbing","floor":23,"turns":4},{"damage":0,"enemies":"downfall:FleeingMerchant","floor":26,"turns":4},{"damage":13,"enemies":"Slavers","floor":27,"turns":5},{"damage":0,"enemies":"Cultist and Chosen","floor":28,"turns":3},{"damage":0,"enemies":"downfall:FleeingMerchant","floor":29,"turns":2},{"damage":0,"enemies":"Snake Plant","floor":31,"turns":1},{"damage":0,"enemies":"3 Cultists","floor":32,"turns":2},{"damage":3,"enemies":"DF_ARCHETYPE_CLAW","floor":33,"turns":8},{"damage":4,"enemies":"3 Darklings","floor":36,"turns":4},{"damage":11,"enemies":"2 Orb Walkers","floor":37,"turns":5},{"damage":3,"enemies":"3 Shapes","floor":38,"turns":4},{"damage":20,"enemies":"Reptomancer","floor":42,"turns":6},{"damage":0,"enemies":"Nemesis","floor":44,"turns":5},{"damage":9,"enemies":"3 Darklings","floor":45,"turns":3},{"damage":9,"enemies":"Reptomancer","floor":46,"turns":5},{"damage":12,"enemies":"Giant Head","floor":48,"turns":6},{"damage":0,"enemies":"Sphere and 2 Shapes","floor":49,"turns":3},{"damage":42,"enemies":"SI_POISON_ARCHETYPE","floor":50,"turns":11},{"damage":17,"enemies":"downfall:CharBossMerchant","floor":52,"turns":7},{"damage":17,"enemies":"downfall:NeowBoss","floor":55,"turns":13},{"damage":83,"enemies":"downfall:NeowBossFinal","floor":56,"turns":9}],"seed_played":"-7616329769981010781","potions_obtained":[{"floor":6,"key":"BlessingOfTheForge"},{"floor":8,"key":"Fire Potion"},{"floor":10,"key":"SpeedPotion"},{"floor":12,"key":"hexamod:SoulburnPotion"},{"floor":16,"key":"SmokeBomb"},{"floor":20,"key":"champ:CounterPotion"},{"floor":28,"key":"DistilledChaos"},{"floor":31,"key":"ColorlessPotion"},{"floor":32,"key":"Fruit Juice"},{"floor":42,"key":"bronze:FreeFunctionsPotion"},{"floor":44,"key":"PowerPotion"},{"floor":46,"key":"Dexterity Potion"},{"floor":49,"key":"LiquidMemories"}],"is_trial":false,"path_per_floor":["R","M","M","M","M","E","T","M","R","E","M","E","M","$","M","B",null,"R","M","M","?","M","E","T","?","$","E","M","$","R","M","M","B",null,"R","M","?","M","?","?","T","E","R","E","M","E","?","E","M","B",null,"E","$","R","B","B",null],"character_chosen":"THE_AUTOMATON","items_purchased":["expansioncontent:YouAreMine","bronze:MaxOutput","Bottled Tornado","bronze:Constructor","Membership Card","Centennial Puzzle","bronze:FollowUp","bronze:DelayedGuard","hexamod:Sixitude","Strength Potion"],"campfire_rested":1,"item_purchase_floors":[14,29,29,29,53,53,53,53,53,53],"current_hp_per_floor":[70,70,70,70,52,25,25,15,36,30,30,24,24,20,13,2,70,70,70,70,57,57,67,67,67,67,54,54,54,64,64,64,61,109,109,105,94,91,91,91,91,71,71,71,62,58,58,46,46,29,114,104,104,104,104,38],"gold":5,"neow_bonus":"THREE_ENEMY_KILL","is_daily":false,"chose_seed":false,"campfire_upgraded":5,"win_rate":0.0,"timestamp":1611129445,"path_taken":["R","M","M","?","M","E","T","M","R","E","M","E","M","?","M","BOSS","R","M","M","?","M","E","T","?","$","E","M","$","R","M","M","BOSS","R","M","?","M","?","?","T","E","R","E","M","E","?","E","M","BOSS","E","$","R","BOSS","BOSS"],"items_purchased_type":["Card","Card","Relic","Card","Relic","Relic","Card","Card","Relic","Potion"],"build_version":"2020-12-22","purchased_purges":2,"victory":true,"max_hp_per_floor":[70,70,70,70,70,70,70,70,70,70,70,70,70,70,70,70,70,70,70,70,75,75,85,85,85,85,85,85,85,95,95,95,95,109,109,109,109,109,109,109,109,109,109,109,109,114,114,114,114,114,114,121,121,121,121,121],"card_choices":[{"not_picked":["bronze:Optimize","bronze:Frontload"],"picked":"bronze:OilSpill","floor":2},{"not_picked":["bronze:DelayedGuard","bronze:Shell"],"picked":"bronze:WildBeam","floor":3},{"not_picked":["bronze:Shield","bronze:Optimize"],"picked":"bronze:ChosenStrike","floor":4},{"not_picked":["bronze:WhirlingStrike","bronze:BitShift"],"picked":"bronze:ItsAFeature","floor":5},{"not_picked":["bronze:Repulsor","bronze:Shield"],"picked":"bronze:Library","floor":6},{"not_picked":["bronze:DelayedGuard","bronze:DelayedSlice"],"picked":"bronze:OilSpill","floor":8},{"not_picked":["bronze:Repulsor","bronze:Turbo"],"picked":"bronze:BuggyMess","floor":10},{"not_picked":["bronze:WildBeam","bronze:DelayedSlice","bronze:Overheat"],"picked":"SKIP","floor":11},{"not_picked":["bronze:Invalidate","bronze:Overheat","bronze:DelayedGuard"],"picked":"SKIP","floor":12},{"not_picked":["bronze:DigitalCarnage","bronze:Overheat"],"picked":"bronze:InfiniteLoop","floor":13},{"not_picked":["bronze:ChildClass","bronze:CutThrough"],"picked":"bronze:BugBarrage","floor":14},{"not_picked":["bronze:Iterate","bronze:FollowUp"],"picked":"bronze:Repulsor","floor":15},{"not_picked":["bronze:Hardcode","bronze:FindAndReplace"],"picked":"bronze:Format","floor":16},{"not_picked":["bronze:Turbo","bronze:DigitalCarnage+1"],"picked":"bronze:Shield","floor":19},{"not_picked":["bronze:ClassDefault","bronze:BronzeOrb","bronze:ChosenStrike+1"],"picked":"SKIP","floor":20},{"not_picked":["bronze:Flail+1","bronze:Deprecate"],"picked":"bronze:CutThrough+1","floor":23},{"not_picked":["bronze:Deprecate","bronze:BronzeArmor"],"picked":"bronze:Format","floor":26},{"not_picked":["bronze:DarkDash","bronze:Verify"],"picked":"bronze:Separator+1","floor":27},{"not_picked":["bronze:DelayedGuard","bronze:OilSpill+1"],"picked":"bronze:Constructor+1","floor":28},{"not_picked":["bronze:WhirlingStrike","bronze:OilSpill+1"],"picked":"bronze:Constructor","floor":29},{"not_picked":["bronze:FineTuning","bronze:DelayedSlice"],"picked":"bronze:Refactor","floor":31},{"not_picked":["bronze:Constructor","bronze:HyperBeam","bronze:Overheat"],"picked":"SKIP","floor":32},{"not_picked":["bronze:TinkerersToolbox","bronze:Verify"],"picked":"bronze:ThunderWave","floor":33},{"not_picked":["bronze:WildBeam+1","bronze:Invalidate+1","bronze:Overheat+1"],"picked":"SKIP","floor":36},{"not_picked":["bronze:ForLoop","bronze:CloningBeam+1","bronze:BronzeArmor+1"],"picked":"SKIP","floor":38},{"not_picked":["bronze:Optimize","bronze:CleanCode"],"picked":"bronze:Shell+1","floor":42},{"not_picked":["bronze:BitShift","bronze:BugBarrage"],"picked":"bronze:Refactor","floor":44},{"not_picked":["bronze:Overload","bronze:CutThrough+1","bronze:Overheat"],"picked":"SKIP","floor":45},{"not_picked":["bronze:Frontload+1","bronze:BronzeArmor+1"],"picked":"bronze:ShipIt","floor":46},{"not_picked":["bronze:Virus","bronze:BronzeArmor"],"picked":"bronze:ItsAFeature+1","floor":48},{"not_picked":["bronze:FineTuning+1","bronze:BugBarrage","bronze:Safeguard"],"picked":"SKIP","floor":49},{"not_picked":["bronze:OilSpill+1","bronze:BitShift+1"],"picked":"bronze:DelayedGuard","floor":52}],"player_experience":1912939,"relics_obtained":[{"floor":6,"key":"Orichalcum"},{"floor":7,"key":"Ice Cream"},{"floor":10,"key":"champ:DuelingGlove"},{"floor":12,"key":"Mercury Hourglass"},{"floor":23,"key":"Pear"},{"floor":27,"key":"Art of War"},{"floor":34,"key":"bronze:ProtectiveGoggles"},{"floor":34,"key":"Pantograph"},{"floor":34,"key":"Mango"},{"floor":37,"key":"Gambling Chip"},{"floor":41,"key":"Mummified Hand"},{"floor":42,"key":"Vajra"},{"floor":44,"key":"Blue Candle"},{"floor":46,"key":"Letter Opener"},{"floor":47,"key":"Darkstone Periapt"},{"floor":48,"key":"Bag of Marbles"},{"floor":52,"key":"Strawberry"}],"event_choices":[{"damage_healed":0,"gold_gain":0,"player_choice":"Fight","damage_taken":0,"max_hp_gain":0,"max_hp_loss":0,"event_name":"Mysterious Sphere","floor":37,"gold_loss":0}],"is_beta":false,"boss_relics":[{"not_picked":["Busted Crown","Black Star"],"picked":"Cursed Key"},{"not_picked":["Velvet Choker","Astrolabe"],"picked":"Calling Bell"}],"items_purged_floors":[29,53],"is_endless":false,"potions_floor_spawned":[6,8,10,12,13,16,20,22,28,31,32,42,44,46,49],"ascension_level":2}}