{"host":"sc0o2qwpf9j16a4i","time":1611161301,"event":{"mods":["AchievementEnabler","BaseMod","BetterRewards","Block Reminder","Colored Map","Colored Powertips","Custom Start","Highlight Path","Minty Spire (QoL Compilation)","Relic Stats"],"gold_per_floor":[112,131,147,147,160,160,189,189,189,207,207,221,233,248,248,325,325,341,361,341,341,341],"floor_reached":21,"language":"ENG","playtime":612,"items_purged":[],"score":370,"play_id":"1b20f4e0-0de8-4219-b6d8-c99a08fe0f4d","local_time":"20210120184821","is_ascension_mode":true,"campfire_choices":[{"floor":6,"key":"REST"},{"floor":8,"key":"REST"},{"floor":11,"key":"REST"},{"floor":15,"key":"REST"}],"circlet_count":0,"master_deck":["AscendersBane","Bash","Ghostly Armor+1","Searing Blow","Limit Break","Infernal Blade","Thunderclap","Combust","Shockwave+1","Flame Barrier","Inflame","Headbutt","Berserk","Shrug It Off","Fiend Fire","True Grit","Anger","Infernal Blade","Juggernaut","Dark Embrace"],"relics":["Pandora\u0027s Box","MealTicket","War Paint","Busted Crown"],"acts_visited":["Exordium","TheCity"],"potions_floor_usage":[7,11,14,21],"damage_taken":[{"damage":11,"enemies":"Small Slimes","floor":1,"turns":3},{"damage":7,"enemies":"Cultist","floor":2,"turns":3},{"damage":12,"enemies":"Jaw Worm","floor":3,"turns":3},{"damage":9,"enemies":"3 Louse","floor":5,"turns":3},{"damage":40,"enemies":"3 Sentries","floor":7,"turns":6},{"damage":4,"enemies":"Looter","floor":10,"turns":2},{"damage":3,"enemies":"Large Slime","floor":12,"turns":4},{"damage":2,"enemies":"Blue Slaver","floor":13,"turns":4},{"damage":11,"enemies":"Looter","floor":14,"turns":3},{"damage":37,"enemies":"Slime Boss","floor":16,"turns":7},{"damage":13,"enemies":"2 Thieves","floor":18,"turns":4},{"damage":12,"enemies":"Chosen","floor":19,"turns":4},{"damage":43,"enemies":"Shelled Parasite and Fungi","floor":21,"turns":3}],"seed_played":"-3963787617233417150","potions_obtained":[{"floor":2,"key":"ColorlessPotion"},{"floor":3,"key":"Strength Potion"},{"floor":7,"key":"Fruit Juice"},{"floor":16,"key":"SpeedPotion"},{"floor":20,"key":"DuplicationPotion"}],"is_trial":false,"path_per_floor":["M","M","M","?","M","R","E","R","T","M","R","M","M","M","R","B",null,"M","M","?","M"],"character_chosen":"IRONCLAD","items_purchased":[],"campfire_rested":4,"item_purchase_floors":[],"current_hp_per_floor":[57,50,38,38,29,51,11,33,33,29,58,55,53,42,66,29,67,54,42,42,0,0],"gold":341,"neow_bonus":"BOSS_RELIC","is_daily":false,"chose_seed":false,"campfire_upgraded":0,"win_rate":0.0,"timestamp":1611161301,"path_taken":["M","M","M","?","M","R","E","R","T","M","R","M","?","M","R","BOSS","M","M","?","?"],"items_purchased_type":[],"build_version":"2020-12-22","purchased_purges":0,"victory":false,"max_hp_per_floor":[75,75,75,75,75,75,75,75,75,75,80,80,80,80,80,80,80,80,80,80,80,80],"relic_stats":{"Busted Crown":4,"counters":[13,49],"Pandora\u0027s Box":["Ghostly Armor","Searing Blow","Entrench","Limit Break","Infernal Blade","Thunderclap","Combust","Shockwave","Flame Barrier"],"MealTicket":0,"War Paint":["Shockwave","Ghostly Armor"],"obtain_stats":[{"Busted Crown":17,"Pandora\u0027s Box":0,"MealTicket":7,"War Paint":9,"Burning Blood":0},{"Busted Crown":10,"Pandora\u0027s Box":0,"MealTicket":5,"War Paint":5,"Burning Blood":0},{"Busted Crown":38,"Pandora\u0027s Box":0,"MealTicket":18,"War Paint":18,"Burning Blood":0}]},"card_choices":[{"not_picked":["Pommel Strike","Pummel","Clothesline"],"picked":"SKIP","floor":1},{"not_picked":["Anger","Body Slam"],"picked":"Inflame","floor":2},{"not_picked":["Fire Breathing","Sword Boomerang"],"picked":"Headbutt","floor":3},{"not_picked":["Metallicize","Sever Soul"],"picked":"Shrug It Off","floor":5},{"not_picked":["Ghostly Armor","Flame Barrier"],"picked":"Fiend Fire","floor":7},{"not_picked":["Perfected Strike","Heavy Blade"],"picked":"True Grit","floor":10},{"not_picked":["Armaments","Clash"],"picked":"Anger","floor":12},{"not_picked":["Clash","Pommel Strike","Ghostly Armor"],"picked":"SKIP","floor":13},{"not_picked":["Disarm","Heavy Blade"],"picked":"Infernal Blade","floor":14},{"not_picked":["Corruption","Reaper"],"picked":"Juggernaut","floor":16},{"not_picked":[],"picked":"Dark Embrace","floor":18},{"not_picked":["Clothesline"],"picked":"SKIP","floor":19}],"player_experience":797301,"relics_obtained":[{"floor":7,"key":"MealTicket"},{"floor":9,"key":"War Paint"}],"event_choices":[{"damage_healed":0,"gold_gain":0,"cards_transformed":["Entrench"],"player_choice":"Transformed","damage_taken":0,"max_hp_gain":0,"max_hp_loss":0,"event_name":"Transmorgrifier","floor":4,"gold_loss":0,"cards_obtained":["Berserk"]},{"damage_healed":0,"gold_gain":0,"player_choice":"Bought 1 Potion","damage_taken":0,"max_hp_gain":0,"max_hp_loss":0,"event_name":"The Woman in Blue","floor":20,"gold_loss":0}],"is_beta":false,"boss_relics":[{"not_picked":["Runic Cube","Mark of Pain"],"picked":"Busted Crown"}],"items_purged_floors":[],"is_endless":false,"potions_floor_spawned":[2,3,7,16],"killed_by":"Shelled Parasite and Fungi","ascension_level":20}}