{"host":"umlqh7ic0jf4k5hg","time":1611177062,"event":{"mods":["AchievementEnabler","BaseMod","Card Forge","Colored Powertips","DeckTracker","Hero for Fun","Highlight Path","Minty Spire (QoL Compilation)","StSLib","Synergy Search"],"gold_per_floor":[19,39,57,57,57,110,110,160,187,187,220,270,270,304,304,442,442,460,478,478,577,595,639,655,683,683,714,739,275,299,332,332,462,462,482,503,109,132,132,168,188,188,215,65,65,104,118,136,136,136,136,136,136,172,172],"floor_reached":56,"language":"SPA","playtime":775,"items_purged":["Hop+1","Wear_Disguise"],"score":1841,"play_id":"7428b0f7-a814-4e8e-aa1f-303b8a17eedf","local_time":"20210120181102","is_ascension_mode":false,"campfire_choices":[{"data":"Get_Hopes_Up","floor":7,"key":"SMITH"},{"data":"Consecutive_Normal_Punch","floor":10,"key":"SMITH"},{"floor":15,"key":"RECALL"},{"data":"Serious_Punch","floor":32,"key":"SMITH"},{"data":"Normal_Punch","floor":42,"key":"SMITH"},{"floor":45,"key":"REST"},{"floor":49,"key":"REST"},{"floor":52,"key":"REST"}],"circlet_count":0,"master_deck":["Strike_Y+1","Strike_Y+1","Strike_Y+1","Strike_Y+1","Strike_Y+1","Defend_Y+1","Consecutive_Normal_Punch+1","Consecutive_Normal_Punch+1","Normal_Punch+1","Normal_Punch+1","Serious_Punch+1"],"relics":["Cape","Hammer of Thor","Seething Fire","Anvil of the Gods","Golden Idol","CeramicFish","War Paint","Bird Faced Urn","Nunchaku","Sozu","Bottled Lightning","Question Card","Bag of Marbles","Sundial","PrismaticShard","Blue Candle","Black Star","Turnip","Mummified Hand","Strawberry","Whetstone","Bag of Preparation","Vajra","Darkstone Periapt","HornCleat","Eternal Feather"],"acts_visited":["Exordium","TheCity","TheBeyond","TheEnding"],"potions_floor_usage":[16,53],"damage_taken":[{"damage":0,"enemies":"Cultist","floor":1,"turns":1},{"damage":0,"enemies":"2 Louse","floor":2,"turns":1},{"damage":0,"enemies":"Small Slimes","floor":3,"turns":1},{"damage":0,"enemies":"Lagavulin","floor":6,"turns":1},{"damage":0,"enemies":"3 Sentries","floor":8,"turns":1},{"damage":0,"enemies":"2 Fungi Beasts","floor":11,"turns":1},{"damage":0,"enemies":"Gremlin Nob","floor":12,"turns":1},{"damage":0,"enemies":"Exordium Wildlife","floor":14,"turns":1},{"damage":0,"enemies":"Hexaghost","floor":16,"turns":1},{"damage":0,"enemies":"Chosen","floor":18,"turns":1},{"damage":0,"enemies":"2 Thieves","floor":19,"turns":1},{"damage":0,"enemies":"Centurion and Healer","floor":22,"turns":1},{"damage":0,"enemies":"Gremlin Leader","floor":23,"turns":1},{"damage":0,"enemies":"Snecko","floor":24,"turns":1},{"damage":0,"enemies":"Snake Plant","floor":25,"turns":1},{"damage":0,"enemies":"Slavers","floor":27,"turns":1},{"damage":0,"enemies":"Sentry and Sphere","floor":28,"turns":1},{"damage":0,"enemies":"Snecko","floor":30,"turns":1},{"damage":0,"enemies":"Gremlin Leader","floor":31,"turns":1},{"damage":0,"enemies":"Collector","floor":33,"turns":1},{"damage":0,"enemies":"Orb Walker","floor":35,"turns":1},{"damage":0,"enemies":"3 Darklings","floor":36,"turns":1},{"damage":0,"enemies":"Maw","floor":38,"turns":1},{"damage":0,"enemies":"Reptomancer","floor":40,"turns":1},{"damage":0,"enemies":"Sphere and 2 Shapes","floor":41,"turns":1},{"damage":0,"enemies":"Giant Head","floor":46,"turns":1},{"damage":0,"enemies":"4 Shapes","floor":47,"turns":1},{"damage":0,"enemies":"Transient","floor":48,"turns":1},{"damage":0,"enemies":"Donu and Deca","floor":50,"turns":1},{"damage":0,"enemies":"Shield and Spear","floor":54,"turns":1},{"damage":0,"enemies":"The Heart","floor":55,"turns":3}],"seed_played":"-8533882657812103169","potions_obtained":[{"floor":1,"key":"EntropicBrew"},{"floor":2,"key":"SkillPotion"},{"floor":14,"key":"EntropicBrew"}],"is_trial":false,"path_per_floor":["M","M","M","$","?","E","R","E","T","R","M","E","?","M","R","B",null,"M","M","?","?","M","E","M","M","T","E","M","$","M","E","R","B",null,"M","M","$","M","?","E","M","R","T","$","R","E","M","M","R","B",null,"R","$","E","B",null],"character_chosen":"OPM","items_purchased":["Sundial","PrismaticShard","Turnip","Bag of Preparation"],"campfire_rested":3,"item_purchase_floors":[29,29,37,44],"current_hp_per_floor":[1098,1098,1098,1098,1098,1098,1098,1098,1098,1098,1098,1098,1098,1098,1098,1098,1098,1098,1098,1098,1098,1098,1098,1098,1098,1098,1098,1098,1098,1098,1098,1098,1098,1098,1098,1098,1098,1098,1098,1105,1105,1105,1105,1105,1105,1105,1105,1105,1105,1105,1105,1105,1105,1105,1105],"gold":172,"neow_bonus":"TEN_PERCENT_HP_BONUS","is_daily":false,"chose_seed":false,"campfire_upgraded":4,"win_rate":0.0,"timestamp":1611177062,"path_taken":["M","M","M","$","?","E","R","E","T","R","M","E","?","M","R","BOSS","M","?","?","?","M","E","M","M","T","E","M","$","M","E","R","BOSS","M","M","$","M","?","E","M","R","T","$","R","E","M","?","R","BOSS","R","$","E","BOSS"],"items_purchased_type":["Relic","Relic","Relic","Relic"],"build_version":"2020-12-22","purchased_purges":2,"victory":true,"max_hp_per_floor":[1098,1098,1098,1098,1098,1098,1098,1098,1098,1098,1098,1098,1098,1098,1098,1098,1098,1098,1098,1098,1098,1098,1098,1098,1098,1098,1098,1098,1098,1098,1098,1098,1098,1098,1098,1098,1098,1098,1098,1105,1105,1105,1105,1105,1105,1105,1105,1105,1105,1105,1105,1105,1105,1105,1105],"card_choices":[{"not_picked":["Do_Nothing","Wear_Disguise"],"picked":"Yawn","floor":1},{"not_picked":["Yawn","Hop"],"picked":"Consecutive_Normal_Punch","floor":2},{"not_picked":["Yawn","Side_Hop"],"picked":"Hop","floor":3},{"not_picked":["Slap","Do_Nothing"],"picked":"Get_Hopes_Up","floor":6},{"not_picked":["Side_Hop","Wear_Disguise"],"picked":"Consecutive_Normal_Punch","floor":8},{"not_picked":["Hop","Yawn"],"picked":"Normal_Punch","floor":11},{"not_picked":["Slap","Consecutive_Normal_Punch"],"picked":"Normal_Punch","floor":12},{"not_picked":["Side_Hop","Hop"],"picked":"Normal_Punch","floor":14},{"not_picked":["Get_Hopes_Up","Terrifying_Presence"],"picked":"Serious_Punch","floor":16},{"not_picked":["Side_Hop","Slap","Ignore"],"picked":"SKIP","floor":18},{"not_picked":["Hop","Yawn","Do_Nothing"],"picked":"SKIP","floor":19},{"not_picked":["Yawn+1","Do_Nothing","Ignore+1"],"picked":"SKIP","floor":22},{"not_picked":["Hop","Side_Hop+1","Slap+1"],"picked":"SKIP","floor":23},{"not_picked":["Side_Hop+1","Ignore","Serious_Side_Hops"],"picked":"SKIP","floor":24},{"not_picked":["Hop","Toss_Stone"],"picked":"Wear_Disguise","floor":25},{"not_picked":["Consecutive_Normal_Punch","Slap+1","Hop+1","Ignore+1"],"picked":"SKIP","floor":27},{"not_picked":["Toss_Stone","Hop","Consecutive_Normal_Punch","Wear_Disguise"],"picked":"SKIP","floor":28},{"not_picked":["Weave","Seeing Red","Prostrate","Beam Cell"],"picked":"SKIP","floor":30},{"not_picked":["Flying Knee","Hop","Beam Cell","Dodge and Roll"],"picked":"SKIP","floor":31},{"not_picked":["CarveReality+1","Sword Boomerang","Cleave","Body Slam+1"],"picked":"SKIP","floor":35},{"not_picked":["Catalyst+1","PathToVictory","Redo+1","White Noise"],"picked":"SKIP","floor":36},{"not_picked":["Blade Dance","Poisoned Stab+1","Study","Hemokinesis"],"picked":"SKIP","floor":38},{"not_picked":["DevaForm","Clash","Sucker Punch","Cleave"],"picked":"SKIP","floor":40},{"not_picked":["Cold Snap+1","Concentrate+1","Quick Slash","Genetic Algorithm+1"],"picked":"SKIP","floor":41},{"not_picked":["Poisoned Stab","Flex+1","Core Surge","Blur+1"],"picked":"SKIP","floor":46},{"not_picked":["PiercingWail","Slap","Fire Breathing+1","Outmaneuver+1"],"picked":"SKIP","floor":47},{"not_picked":["Blur","Headbutt+1","Consume+1","Dodge and Roll+1"],"picked":"SKIP","floor":48},{"not_picked":["ClearTheMind+1","Outmaneuver","BowlingBash","Force Field"],"picked":"SKIP","floor":54}],"player_experience":287768,"relics_obtained":[{"floor":6,"key":"CeramicFish"},{"floor":8,"key":"War Paint"},{"floor":12,"key":"Bird Faced Urn"},{"floor":23,"key":"Bottled Lightning"},{"floor":26,"key":"Question Card"},{"floor":27,"key":"Bag of Marbles"},{"floor":31,"key":"Blue Candle"},{"floor":40,"key":"Mummified Hand"},{"floor":40,"key":"Strawberry"},{"floor":43,"key":"Whetstone"},{"floor":46,"key":"Vajra"},{"floor":46,"key":"Darkstone Periapt"},{"floor":54,"key":"HornCleat"},{"floor":54,"key":"Eternal Feather"}],"event_choices":[{"damage_healed":0,"gold_gain":0,"player_choice":"Take Damage","damage_taken":274,"relics_obtained":["Golden Idol"],"max_hp_gain":0,"max_hp_loss":0,"event_name":"Golden Idol","floor":5,"gold_loss":0},{"cards_removed":["Get_Hopes_Up"],"damage_healed":0,"gold_gain":0,"player_choice":"Gave Card","damage_taken":0,"relics_obtained":["Nunchaku"],"max_hp_gain":0,"max_hp_loss":0,"event_name":"WeMeetAgain","floor":13,"gold_loss":0},{"damage_healed":0,"gold_gain":0,"player_choice":"Ignored","damage_taken":0,"max_hp_gain":0,"max_hp_loss":0,"event_name":"Vampires","floor":20,"gold_loss":0},{"damage_healed":0,"gold_gain":99,"player_choice":"Stole From Cult","damage_taken":0,"max_hp_gain":0,"max_hp_loss":0,"event_name":"Nest","floor":21,"gold_loss":0},{"cards_removed":["Normal_Punch"],"damage_healed":0,"gold_gain":0,"player_choice":"Purged","damage_taken":0,"max_hp_gain":0,"max_hp_loss":0,"event_name":"Purifier","floor":39,"gold_loss":0}],"is_beta":false,"boss_relics":[{"not_picked":["Runic Pyramid","Astrolabe"],"picked":"Sozu"},{"not_picked":["Velvet Choker","Pandora\u0027s Box"],"picked":"Black Star"}],"items_purged_floors":[29,37],"is_endless":false,"potions_floor_spawned":[1,2,14,16,22,24,25,28,31,33,38,40,47],"ascension_level":0}}