{"host":"8388a52tkodd0hlf","time":1611183178,"event":{"mods":["BaseMod","Googly Eyes","Hubris","Infinite Spire","Marisa????????","Minty Spire (QoL Compilation)","Replay The Spire","StSLib","Td1madao Mod","The Bug Knight","The Cursed","The Hierophant","The Servant 0.9.4","Unceasing Turn Reminder"],"gold_per_floor":[118,393,404,414,4,4,32,32,32,44,60,77,77,77,77,177,177,187,187,200,213,213,213],"floor_reached":22,"language":"ENG","playtime":1547,"items_purged":[],"score":188,"play_id":"3b6fdefc-8173-4f76-a5f6-04465c97e029","local_time":"20210120165258","is_ascension_mode":false,"campfire_choices":[{"data":"Accuracy","floor":6,"key":"SMITH"},{"data":"hubris:Counter","floor":8,"key":"SMITH"},{"data":"Beam Cell","floor":13,"key":"SMITH"},{"data":"Neutralize","floor":15,"key":"SMITH"}],"circlet_count":0,"master_deck":["Strike_G","Strike_G","Strike_G","Strike_G","Strike_G","Defend_G","Defend_G","Defend_G","Defend_G","Defend_G","Survivor","Neutralize+1","Dagger Throw","Regret","Accuracy+1","Caltrops","hubris:Counter+1","Beam Cell+1","Cold Snap+1","Envenom","Cloak And Dagger","ReplayTheSpireMod:Scrap Shanks","Caltrops+1"],"relics":["Ring of the Snake","NeowsBlessing","hubris:DisguiseKit","hubris:EmptyBottle","Gremlin Food","infinitespire:Bottled Soul","Replay:Grab Bag","hubris:VirtuousBlindfold","ReplayTheSpireMod:Onyx Gauntlets","Ring of Chaos"],"acts_visited":["Exordium","TheCity"],"potions_floor_usage":[7,16,21,22,22,22],"damage_taken":[{"damage":0,"enemies":"Small Slimes","floor":1,"turns":1},{"damage":0,"enemies":"Cultist","floor":3,"turns":1},{"damage":0,"enemies":"Jaw Worm","floor":4,"turns":1},{"damage":2,"enemies":"Lagavulin","floor":7,"turns":8},{"damage":7,"enemies":"Looter","floor":10,"turns":3},{"damage":5,"enemies":"3 Louse","floor":11,"turns":4},{"damage":12,"enemies":"Large Slime","floor":12,"turns":8},{"damage":43,"enemies":"The Guardian","floor":16,"turns":13},{"damage":40,"enemies":"Spheric Guardian","floor":18,"turns":5},{"damage":10,"enemies":"Shell Parasite","floor":20,"turns":5},{"damage":18,"enemies":"Chosen and Byrds","floor":21,"turns":7},{"damage":3,"enemies":"Snake Plant","floor":22,"turns":2}],"seed_played":"-2665162597108415545","potions_obtained":[{"floor":3,"key":"infinitespire:BlackPotion"},{"floor":4,"key":"Dexterity Potion"},{"floor":11,"key":"GhostInAJar"},{"floor":20,"key":"Swift Potion"},{"floor":21,"key":"LiquidBronze"}],"is_trial":false,"path_per_floor":["M","?","M","M","$","R","E","R","T","M","M","M","R","?","R","B",null,"M","?","M","M","M"],"character_chosen":"THE_SILENT","items_purchased":["hubris:DisguiseKit","hubris:EmptyBottle"],"campfire_rested":0,"item_purchase_floors":[5,5],"current_hp_per_floor":[70,70,70,70,70,70,68,68,68,61,56,44,44,44,44,1,70,30,30,20,2,0,0],"gold":213,"neow_bonus":"THREE_ENEMY_KILL","is_daily":false,"chose_seed":false,"campfire_upgraded":4,"win_rate":0.0,"timestamp":1611183178,"path_taken":["M","?","?","M","$","R","E","R","T","M","?","M","R","?","R","BOSS","M","?","M","M","M"],"items_purchased_type":["Relic","Relic"],"build_version":"2020-12-22","purchased_purges":0,"victory":false,"max_hp_per_floor":[70,70,70,70,70,70,70,70,70,70,70,70,70,70,70,70,70,70,70,70,70,70,70],"card_choices":[{"not_picked":["Outmaneuver","Sucker Punch"],"picked":"Dagger Throw","floor":1},{"not_picked":["Sucker Punch","Prepared"],"picked":"Accuracy","floor":3},{"not_picked":["Dagger Throw","Bane"],"picked":"Caltrops","floor":4},{"not_picked":["Draining Mist","hubris:SlightOfHand","Meteor Strike"],"picked":"hubris:Counter","floor":7},{"not_picked":["PiercingWail","Flying Knee","Prepared"],"picked":"Beam Cell","floor":10},{"not_picked":["Masterful Stab","Riddle With Holes","Quick Slash"],"picked":"Cold Snap","floor":11},{"not_picked":["Endless Agony","Eviscerate","Quick Slash","Cold Snap"],"picked":"SKIP","floor":12},{"not_picked":["Night Terror","Atom Bomb","ReplayTheSpireMod:Fabricate Wheel"],"picked":"Envenom","floor":16},{"not_picked":["ReplayTheSpireMod:Tripwire+1","Dash","Stack"],"picked":"Cloak And Dagger","floor":18},{"not_picked":["Deadly Poison+1","PiercingWail","Tactician+1","ReplayTheSpireMod:Repulse"],"picked":"SKIP","floor":20},{"not_picked":["Dagger Spray","Deflect+1","Conserve Battery"],"picked":"Caltrops+1","floor":21}],"player_experience":50856,"relics_obtained":[{"floor":7,"key":"Gremlin Food"},{"floor":9,"key":"infinitespire:Bottled Soul"}],"event_choices":[{"damage_healed":0,"gold_gain":275,"player_choice":"Desecrate","damage_taken":0,"max_hp_gain":0,"max_hp_loss":0,"event_name":"Golden Shrine","floor":2,"gold_loss":0,"cards_obtained":["Regret"]},{"damage_healed":0,"gold_gain":0,"player_choice":"Grow","damage_taken":0,"max_hp_gain":0,"max_hp_loss":0,"event_name":"Living Wall","floor":14,"gold_loss":0,"cards_upgraded":["Cold Snap"]},{"damage_healed":0,"gold_gain":0,"player_choice":"Read","damage_taken":0,"max_hp_gain":0,"max_hp_loss":0,"event_name":"The Library","floor":19,"gold_loss":0,"cards_obtained":["ReplayTheSpireMod:Scrap Shanks"]}],"is_beta":false,"boss_relics":[{"not_picked":["ChewingGum","ReplayTheSpireMod:SealedPack"],"picked":"Replay:Grab Bag"},{"not_picked":["Sozu","hubris:TerracottaHorce"],"picked":"hubris:VirtuousBlindfold"},{"not_picked":["Fusion Hammer","Replay:Wanted Poster"],"picked":"ReplayTheSpireMod:Onyx Gauntlets"},{"not_picked":["Runic Pyramid","Snecko Scales"],"picked":"Ring of Chaos"}],"items_purged_floors":[],"is_endless":false,"potions_floor_spawned":[3,4,11,12,20,21],"killed_by":"Snake Plant","ascension_level":0}}