{"host":"3imo7wsdyu7efakj","time":1611132801,"event":{"mods":["BaseMod","Downfall","Minty Spire (QoL Compilation)","Quick Restart","StSLib"],"gold_per_floor":[99,117,24,24,41,70,70,70,70,83,108,108,128,139,157,157,157,157],"floor_reached":16,"language":"ZHS","playtime":1814,"items_purged":[],"score":112,"play_id":"639996c6-2312-45b4-b460-0c4671a90379","local_time":"20210120165321","is_ascension_mode":false,"campfire_choices":[{"data":"champ:Taunt","floor":1,"key":"SMITH"},{"data":"champ:UltimateStance","floor":9,"key":"SMITH"},{"data":"champ:StanceDance","floor":12,"key":"SMITH"}],"circlet_count":0,"master_deck":["champ:Strike","champ:Strike","champ:Strike","champ:Strike+1","champ:Defend","champ:Defend","champ:Defend","champ:Defend","champ:Execute","champ:Taunt+1","champ:StanceDance+1","champ:UltimateStance+1","champ:ArenaPreparation+1","champ:FocusedBerserking","champ:SkillfulDodge+1","downfall:Malfunctioning","champ:Shatter","champ:Devastate","champ:FancyFootwork","champ:BringItOn"],"relics":["champ:ChampionCrown","downfall:BrokenWingStatue","Art of War","Omamori"],"acts_visited":["Exordium"],"potions_floor_usage":[10,11,16],"damage_taken":[{"damage":26,"enemies":"Jaw Worm","floor":2,"turns":6},{"damage":5,"enemies":"downfall:FleeingMerchant","floor":3,"turns":4},{"damage":15,"enemies":"2 Louse","floor":5,"turns":3},{"damage":89,"enemies":"3 Sentries","floor":6,"turns":8},{"damage":42,"enemies":"Small Slimes","floor":10,"turns":4},{"damage":40,"enemies":"Gremlin Nob","floor":11,"turns":4},{"damage":30,"enemies":"Blue Slaver","floor":13,"turns":1},{"damage":45,"enemies":"Exordium Thugs","floor":14,"turns":4},{"damage":32,"enemies":"3 Louse","floor":15,"turns":4},{"damage":45,"enemies":"IC_STATUS_ARCHETYPE","floor":16,"turns":4}],"seed_played":"6357357912768645249","potions_obtained":[{"floor":6,"key":"Regen Potion"},{"floor":10,"key":"ColorlessPotion"},{"floor":15,"key":"champ:UltimateStancePotion"}],"is_trial":false,"path_per_floor":["R","M","$","?","M","E","T","?","R","M","E","R","M","M","M","B"],"character_chosen":"THE_CHAMP","items_purchased":["champ:ArenaPreparation"],"campfire_rested":0,"item_purchase_floors":[3],"current_hp_per_floor":[99,98,98,98,98,64,64,64,64,74,54,54,54,39,32,0,0,0],"gold":157,"neow_bonus":"TEN_PERCENT_HP_BONUS","is_daily":false,"chose_seed":false,"campfire_upgraded":3,"win_rate":0.0,"timestamp":1611132801,"path_taken":["R","M","$","?","M","E","T","?","R","M","E","R","M","M","M","BOSS"],"items_purchased_type":["Card"],"build_version":"2020-12-22","purchased_purges":0,"victory":false,"max_hp_per_floor":[99,99,99,99,99,99,99,99,99,99,99,99,99,99,99,99,99,99],"card_choices":[{"not_picked":["champ:Shatter","champ:DefensiveShout"],"picked":"champ:StanceDance","floor":2},{"not_picked":["champ:BladeFlurry","champ:FlashCut"],"picked":"champ:UltimateStance","floor":3},{"not_picked":["champ:Backstep","champ:FlashCut"],"picked":"champ:FocusedBerserking","floor":5},{"not_picked":["champ:ShieldSlam","champ:AdrenalArmor"],"picked":"champ:SkillfulDodge","floor":6},{"not_picked":["champ:TornadoPunch","champ:RisingSlash"],"picked":"champ:Shatter","floor":10},{"not_picked":["champ:StanceDance","champ:Shatter"],"picked":"champ:Devastate","floor":11},{"not_picked":["champ:SetATrap","champ:CalledShot"],"picked":"champ:FancyFootwork","floor":13},{"not_picked":["champ:CrownThrow","champ:PreciseThrust","champ:Shatter"],"picked":"SKIP","floor":14},{"not_picked":["champ:Shatter","champ:BladeFlurry"],"picked":"champ:BringItOn","floor":15}],"player_experience":260618,"relics_obtained":[{"floor":6,"key":"Art of War"},{"floor":11,"key":"Omamori"}],"event_choices":[],"is_beta":false,"boss_relics":[],"items_purged_floors":[],"is_endless":false,"potions_floor_spawned":[6,10,15],"killed_by":"IC_STATUS_ARCHETYPE","ascension_level":0}}