{"host":"TheShotgunBoss","time":1611186607,"event":{"mods":["AchievementEnabler","Always Whale","Aspiration","BaseMod","Beaked The Cultist","Colored Map","Colored Powertips","Colorless Booster Pack","Conspire","Downfall","Energized Spire","FetchMod","GifTheSpireLib","Halation","Hubris","Infinite Spire","Jedi Mod","Minty Spire (QoL Compilation)","Quick Restart","RNG!","Relic Sorter","SacredBarkPlus","Shop Mod","Spikes Relics","StSLib","Stuff the Spire","The Blue Laboratory","The Construct","Uncapped","Unceasing Turn Reminder","everything is the same but u backflip on backflip","vexMod","??????REMEMod"],"gold_per_floor":[99,110,124,124,35,35,35,45,63,89,103,136,136,136,147,246,246,246,263,280,280,280,280,304,304,304,319,334,363,375,401,412,511,1177,1177,1189,1189,1189,508,508,508,508,526,540,540,540,557,576,594,594,594,594],"floor_reached":50,"language":"ENG","playtime":2837,"items_purged":["construct:ShieldBurst"],"score":651,"play_id":"0b55ea93-05ee-49ec-92ad-450f87326aaa","local_time":"20210120185007","is_ascension_mode":true,"campfire_choices":[{"data":"Slimebound:Split","floor":1.0,"key":"SMITH"},{"data":"Slimebound:SpikyOuterGoop","floor":6.0,"key":"SMITH"},{"data":"Slimebound:GrowthPunch","floor":13,"key":"SMITH"},{"data":"Slimebound:OozeBath","floor":18,"key":"SMITH"},{"data":"Slimebound:Nibble","floor":23,"key":"SMITH"},{"data":"Slimebound:CorrosiveSpit","floor":35,"key":"SMITH"},{"data":"Slimebound:RainOfGoop","floor":40,"key":"SMITH"},{"data":"Slimebound:LivingWall","floor":42,"key":"SMITH"},{"data":"Slimebound:LeechEnergy","floor":46,"key":"SMITH"}],"circlet_count":0,"master_deck":["Slimebound:Strike_Slimebound","Slimebound:Strike_Slimebound","Slimebound:Strike_Slimebound","Slimebound:Tackle","Slimebound:Defend_Slimebound","Slimebound:Defend_Slimebound","Slimebound:Defend_Slimebound","Slimebound:Defend_Slimebound","Slimebound:Split+1","Slimebound:CorrosiveSpit+1","Slimebound:OozeBath+1","Slimebound:LeechEnergy+1","Slimebound:RainOfGoop+1","Slimebound:GrowthPunch+1","Slimebound:SpikyOuterGoop+1","Slimebound:SpikyOuterGoop+1","Slimebound:LivingWall+1","Slimebound:Recycling+1","Slimebound:Nibble+1","Slimebound:LivingWall+1","Slimebound:Grow+1","Slimebound:SpikyOuterGoop+1"],"relics":["Slimebound:AbsorbEndCombat","REME_ComplimentaryCards","Frozen Egg 2","Bronze Scales","hubris:CrystalStatue","halation:LoveArrow","hubris:BottledHeart","Strawberry","Vajra","REME_HandOfSuture","Blood Vial","vexMod:RockOfEvil","halation:PinkSoulGem","hubris:Spice","Unceasing Top","SuspiciousGoo"],"acts_visited":["Exordium","TheCity","TheBeyond"],"potions_floor_usage":[19,27,28,29],"damage_taken":[{"damage":2.0,"enemies":"Cultist","floor":2.0,"turns":4.0},{"damage":6.0,"enemies":"Jaw Worm","floor":3.0,"turns":4.0},{"damage":5.0,"enemies":"downfall:FleeingMerchant","floor":5.0,"turns":4.0},{"damage":5.0,"enemies":"Small Slimes","floor":8.0,"turns":3.0},{"damage":7.0,"enemies":"3 Louse","floor":9.0,"turns":3.0},{"damage":14,"enemies":"3 Sentries","floor":10,"turns":6},{"damage":9,"enemies":"2 Fungi Beasts","floor":11,"turns":3},{"damage":2,"enemies":"Lagavulin","floor":12,"turns":7},{"damage":4,"enemies":"Red Slaver","floor":15,"turns":3},{"damage":1,"enemies":"SI_SHIV_ARCHETYPE","floor":16,"turns":8},{"damage":5,"enemies":"Chosen","floor":19,"turns":4},{"damage":5,"enemies":"3 Cultists","floor":20,"turns":5},{"damage":0,"enemies":"Snake Plant","floor":27,"turns":4},{"damage":0,"enemies":"Cultist and Chosen","floor":28,"turns":5},{"damage":0,"enemies":"Slavers","floor":29,"turns":4},{"damage":0,"enemies":"Centurion and Healer","floor":30,"turns":5},{"damage":0,"enemies":"Gremlin Leader","floor":31,"turns":5},{"damage":0,"enemies":"Snecko","floor":32,"turns":4},{"damage":0,"enemies":"WA_ARCHETYPE_CALM","floor":33,"turns":9},{"damage":0,"enemies":"3 Shapes","floor":36,"turns":5},{"damage":0,"enemies":"downfall:FleeingMerchant","floor":39,"turns":4},{"damage":0,"enemies":"3 Darklings","floor":43,"turns":4},{"damage":0,"enemies":"Sphere and 2 Shapes","floor":44,"turns":5},{"damage":0,"enemies":"Spire Growth","floor":47,"turns":5},{"damage":0,"enemies":"4 Shapes","floor":48,"turns":4},{"damage":0,"enemies":"Transient","floor":49,"turns":5},{"damage":16,"enemies":"IC_BLOCK_ARCHETYPE","floor":50,"turns":4}],"seed_played":"-7584912529997873007","potions_obtained":[{"floor":2.0,"key":"DuplicationPotion"},{"floor":8.0,"key":"jedi:holywater"},{"floor":10,"key":"jedi:StrikingPotion"},{"floor":12,"key":"blueLaboratory:HorrorPotion"},{"floor":25,"key":"CultistPotion"},{"floor":28,"key":"REME_GoldPotion"},{"floor":29,"key":"blueLaboratory:RecallPotion"},{"floor":30,"key":"blueLaboratory:NullPotion"},{"floor":32,"key":"AttackPotion"},{"floor":33,"key":"DuplicationPotion"}],"is_trial":false,"path_per_floor":["R","M","M","?","$","R","T","M","M","E","M","E","R","?","M","B",null,"R","M","M","?","?","R","T","?","?","M","M","E","M","E","M","B",null,"R","M","?","?","$","R","T","R","M","M","?","R","M","M","M","B"],"character_chosen":"SLIMEBOUND","items_purchased":["Slimebound:SpikyOuterGoop","hubris:Spice","Unceasing Top"],"campfire_rested":0,"item_purchase_floors":[5,39,39],"current_hp_per_floor":[65,65,65,65,65,65,65,60,59,53,48,54,54,54,54,61,65,65,65,65,1,1,1,1,1,1,1,1,1,1,1,1,1,1,1,1,1,1,1,1,1,1,1,1,1,1,1,1,1,0,0,0],"gold":594,"neow_bonus":"ONE_RANDOM_RARE_CARD","is_daily":false,"chose_seed":false,"campfire_upgraded":9,"win_rate":0.0,"timestamp":1611186607,"path_taken":["R","M","M","?","$","R","T","M","M","E","M","E","R","?","M","BOSS","R","M","M","?","?","R","T","?","?","?","M","E","M","E","M","BOSS","R","M","?","?","?","R","T","R","M","M","?","R","M","M","M","BOSS"],"items_purchased_type":["Card","Relic","Relic"],"build_version":"2020-12-18","purchased_purges":1,"victory":false,"max_hp_per_floor":[65,65,65,65,65,65,65,65,65,65,65,65,65,65,65,65,65,65,65,65,1,1,1,1,1,1,1,1,1,1,1,1,1,1,1,1,1,1,1,1,1,1,1,1,1,1,1,1,1,1,1,1],"card_choices":[{"not_picked":["Slimebound:ItLooksTasty","Slimebound:MegaLick"],"picked":"Slimebound:LeechEnergy","floor":2.0},{"not_picked":["Slimebound:PressTheAttack","Slimebound:LevelUp"],"picked":"Slimebound:RainOfGoop","floor":3.0},{"not_picked":["Slimebound:ForwardTackle","Slimebound:SlimeSpikes"],"picked":"Slimebound:GrowthPunch","floor":5.0},{"not_picked":["Slimebound:LeadByExample+1","Slimebound:BestDefense+1","Slimebound:SplitBruiser"],"picked":"SKIP","floor":8.0},{"not_picked":["Slimebound:MegaLick","Slimebound:RainOfGoop"],"picked":"Slimebound:SpikyOuterGoop+1","floor":9.0},{"not_picked":["Slimebound:Nibble","Slimebound:LeechEnergy","Slimebound:SplitMire"],"picked":"SKIP","floor":10},{"not_picked":["Slimebound:ItLooksTasty","Slimebound:LeechingTouch"],"picked":"Slimebound:LivingWall","floor":11},{"not_picked":["Slimebound:ForwardTackle","Slimebound:ItLooksTasty","Slimebound:Equalize"],"picked":"SKIP","floor":12},{"not_picked":["Slimebound:FlameTackle","Slimebound:RallyTheTroops","Slimebound:ComboTackle"],"picked":"SKIP","floor":15},{"not_picked":["Slimebound:TagTeam","Slimebound:MinionMaster+1"],"picked":"Slimebound:Recycling+1","floor":16},{"not_picked":["Slimebound:ForwardTackle+1","Slimebound:SlimeTap"],"picked":"Slimebound:Nibble","floor":19},{"not_picked":["Slimebound:SamplingLick","Slimebound:SplitBruiser","Slimebound:Schlurp"],"picked":"SKIP","floor":20},{"not_picked":["Slimebound:ProtectTheBoss+1","Slimebound:Nibble","Slimebound:PressTheAttack+1"],"picked":"SKIP","floor":27},{"not_picked":["Slimebound:Recollect","Slimebound:ItLooksTasty","Slimebound:DivideAndConquer+1"],"picked":"SKIP","floor":28},{"not_picked":["Slimebound:LeechingTouch","Slimebound:SplitBruiser+1"],"picked":"Slimebound:LivingWall+1","floor":29},{"not_picked":["Slimebound:RejuvenatingLick","Slimebound:DivideAndConquer","Slimebound:CheckThePlaybook"],"picked":"SKIP","floor":30},{"not_picked":["Slimebound:RollThrough+1","Slimebound:SplitSpecialist+1","Slimebound:FinishingTackle"],"picked":"SKIP","floor":31},{"not_picked":["Slimebound:SplitMire","Slimebound:ItLooksTasty"],"picked":"Slimebound:Grow+1","floor":32},{"not_picked":["Slimebound:Grow+1","Slimebound:RollThrough+1","Slimebound:SplitBruiser"],"picked":"SKIP","floor":36},{"not_picked":["Slimebound:FirmFortitude","Slimebound:Chomp+1","Slimebound:MegaLick"],"picked":"SKIP","floor":39},{"not_picked":["Slimebound:GoopTackle+1","Slimebound:Prepare+1"],"picked":"Slimebound:SpikyOuterGoop+1","floor":43},{"not_picked":["Slimebound:LivingWall","Slimebound:LeechEnergy+1","Slimebound:MegaLick+1"],"picked":"SKIP","floor":44},{"not_picked":["Slimebound:SplitAcid","Slimebound:HungryTackle","Slimebound:RollThrough"],"picked":"SKIP","floor":47},{"not_picked":["Slimebound:ItLooksTasty","Slimebound:SplitSpecialist+1","Slimebound:ComboTackle"],"picked":"SKIP","floor":48},{"not_picked":["Slimebound:TongueLash","Slimebound:HungryTackle+1","Slimebound:SplitLeeching+1"],"picked":"SKIP","floor":49}],"player_experience":263878,"relics_obtained":[{"floor":7.0,"key":"Frozen Egg 2"},{"floor":10,"key":"Bronze Scales"},{"floor":12,"key":"hubris:CrystalStatue"},{"floor":22,"key":"Strawberry"},{"floor":24,"key":"Vajra"},{"floor":29,"key":"REME_HandOfSuture"},{"floor":31,"key":"Blood Vial"},{"floor":41,"key":"SuspiciousGoo"}],"event_choices":[{"damage_healed":0,"gold_gain":0,"player_choice":"Leave","damage_taken":0,"max_hp_gain":0,"max_hp_loss":0,"event_name":"conspire:Investor","floor":14,"gold_loss":0}],"is_beta":true,"boss_relics":[{"not_picked":["Astrolabe","conspire:SlowCooker"],"picked":"halation:LoveArrow"},{"not_picked":["RNG:RNG","halation:ForbiddenBikini"],"picked":"vexMod:RockOfEvil"}],"items_purged_floors":[39],"is_endless":false,"potions_floor_spawned":[2,8,10,12,28,29,30,32,33,44,48,49],"killed_by":"IC_BLOCK_ARCHETYPE","ascension_level":1}}