{"host":"gzk4gkgy3zij1c51","time":1611151214,"event":{"mods":["BaseMod","Colored Map","Downfall","Highlight Path","Marked Mod","Minty Spire (QoL Compilation)","Relic Stats","StSLib","everything is the same but u backflip on backflip"],"gold_per_floor":[99,111,111,129,143,154,206,106,106,125,140,168,68,86,104,207,207,207,217,217,51,63,48,48,48,83,98,109,109,139,154,164,260,260,260,369,388,398,411,411,434,453,488,503,531,431,49,64,76,76,76,76],"floor_reached":50,"language":"ENG","playtime":4696,"items_purged":["bronze:Strike"],"score":777,"play_id":"9b308228-4b56-4c99-8c2a-f852c68ace8a","local_time":"20210120140014","is_ascension_mode":false,"campfire_choices":[{"floor":1.0,"key":"RECALL"},{"data":"bronze:Iterate","floor":8.0,"key":"SMITH"},{"data":"bronze:Mutator","floor":13.0,"key":"SMITH"},{"data":"bronze:InfiniteLoop","floor":18.0,"key":"SMITH"},{"data":"bronze:ItsAFeature","floor":25.0,"key":"SMITH"},{"floor":29,"key":"REST"},{"data":"bronze:AlphaBuild","floor":35,"key":"SMITH"},{"floor":46,"key":"REST"}],"circlet_count":0,"master_deck":["bronze:Strike","bronze:Strike","bronze:Defend","bronze:Defend","bronze:Defend","bronze:Defend","bronze:Replicate","bronze:Goto","bronze:Iterate+1","bronze:BugBarrage","bronze:ChosenStrike","bronze:Constructor","bronze:WhirlingStrike","bronze:SpaghettiCode+1","bronze:WildBeam","bronze:FineTuning","bronze:Mutator+1","bronze:Refactor","bronze:BuggyMess","bronze:InfiniteLoop+1","bronze:GetLatest","bronze:DelayedSlice","bronze:FollowUp","bronze:ItsAFeature+1","bronze:Frontload+1","bronze:HyperBeam","bronze:Repair","bronze:Optimize","bronze:OilSpill+1","bronze:Allocate+1","bronze:Branch+1","bronze:BitShift+1","bronze:AlphaBuild+1","bronze:Boost","bronze:ClassDefault","bronze:Flail+1","downfall:Icky","Normality","Clumsy","downfall:Malfunctioning","Parasite","bronze:FindAndReplace","Parasite","bronze:Optimize","bronze:ThunderWave","bronze:InfiniteBeams","bronze:Repulsor","bronze:DelayedSlice+1"],"relics":["bronze:BronzeCore","Nunchaku","downfall:HeartBlessingRed","Happy Flower","downfall:HeartBlessingGreen","sneckomod:SneckoTalon","Pen Nib","Bird Faced Urn","StrikeDummy","bronze:MakeshiftBattery","Darkstone Periapt","Blood Vial","Art of War","downfall:HeartBlessingBlue","Membership Card","Blue Candle","PreservedInsect"],"acts_visited":["Exordium","TheCity","TheBeyond"],"potions_floor_usage":[28,28,33,42,43,43,50],"damage_taken":[{"damage":7.0,"enemies":"Small Slimes","floor":2.0,"turns":3.0},{"damage":1.0,"enemies":"Cultist","floor":4.0,"turns":3.0},{"damage":6.0,"enemies":"2 Louse","floor":5.0,"turns":2.0},{"damage":5.0,"enemies":"Exordium Thugs","floor":6.0,"turns":3.0},{"damage":3.0,"enemies":"Lots of Slimes","floor":10.0,"turns":2.0},{"damage":9.0,"enemies":"2 Fungi Beasts","floor":11.0,"turns":3.0},{"damage":1.0,"enemies":"Gremlin Nob","floor":12.0,"turns":3.0},{"damage":0.0,"enemies":"Large Slime","floor":14.0,"turns":5.0},{"damage":0.0,"enemies":"3 Louse","floor":15.0,"turns":2.0},{"damage":16.0,"enemies":"IC_STATUS_ARCHETYPE","floor":16.0,"turns":4.0},{"damage":16.0,"enemies":"Shell Parasite","floor":19.0,"turns":3.0},{"damage":4.0,"enemies":"downfall:FleeingMerchant","floor":21.0,"turns":4.0},{"damage":0.0,"enemies":"3 Byrds","floor":22.0,"turns":3.0},{"damage":0.0,"enemies":"downfall:FleeingMerchant","floor":23.0,"turns":4.0},{"damage":38.0,"enemies":"Book of Stabbing","floor":26.0,"turns":5.0},{"damage":0,"enemies":"3 Cultists","floor":27,"turns":3},{"damage":14,"enemies":"Centurion and Healer","floor":28,"turns":6},{"damage":21,"enemies":"Gremlin Leader","floor":30,"turns":6},{"damage":0,"enemies":"Snecko","floor":31,"turns":3},{"damage":30,"enemies":"Snake Plant","floor":32,"turns":4},{"damage":60,"enemies":"DF_ARCHETYPE_CLAW","floor":33,"turns":9},{"damage":14,"enemies":"downfall:FleeingMerchant","floor":36,"turns":3},{"damage":5,"enemies":"3 Darklings","floor":37,"turns":3},{"damage":12,"enemies":"3 Shapes","floor":38,"turns":3},{"damage":16,"enemies":"Spire Growth","floor":39,"turns":3},{"damage":16,"enemies":"Writhing Mass","floor":42,"turns":4},{"damage":17,"enemies":"Nemesis","floor":43,"turns":7},{"damage":37,"enemies":"3 Darklings","floor":44,"turns":5},{"damage":64,"enemies":"Reptomancer","floor":45,"turns":5},{"damage":23,"enemies":"Maw","floor":48,"turns":7},{"damage":5,"enemies":"Writhing Mass","floor":49,"turns":5},{"damage":99,"enemies":"WA_ARCHETYPE_DIVINITY","floor":50,"turns":7}],"seed_played":"-2249004481450721947","potions_obtained":[{"floor":6.0,"key":"hexamod:SoulburnPotion"},{"floor":11.0,"key":"BlessingOfTheForge"},{"floor":12.0,"key":"hexamod:SoulburnPotion"},{"floor":14.0,"key":"Ancient Potion"},{"floor":26.0,"key":"bronze:FreeFunctionsPotion"},{"floor":27,"key":"Regen Potion"},{"floor":32,"key":"Dexterity Potion"},{"floor":38,"key":"GamblersBrew"},{"floor":39,"key":"PowerPotion"},{"floor":42,"key":"BlessingOfTheForge"},{"floor":48,"key":"Strength Potion"}],"is_trial":false,"path_per_floor":["R","M","?","M","M","M","T","R","?","M","M","E","R","M","M","B",null,"R","M","?","$","M","$","T","R","E","M","M","R","E","M","M","B",null,"R","$","M","M","M","?","T","M","E","M","E","R","$","M","M","B"],"character_chosen":"THE_AUTOMATON","items_purchased":["bronze:FollowUp","bronze:ItsAFeature","bronze:Boost","bronze:ClassDefault","Membership Card","Blue Candle","bronze:Repulsor","PreservedInsect"],"campfire_rested":2,"item_purchase_floors":[21,21,36,36,47,47,47,47],"current_hp_per_floor":[70,63,63,62,56,51,51,51,51,48,39,38,38,38,38,22,70,70,54,54,50,50,50,50,50,12,14,28,49,48,59,38,6,70,70,58,57,47,37,72,72,74,81,61,1,47,47,41,59,0,0,0],"gold":76,"neow_bonus":"THREE_CARDS","is_daily":false,"chose_seed":false,"campfire_upgraded":5,"win_rate":0.0,"timestamp":1611151214,"path_taken":["R","M","?","M","M","?","T","R","?","M","M","E","R","M","M","BOSS","R","M","?","$","M","$","T","R","E","M","M","R","E","M","M","BOSS","R","$","M","M","?","?","T","M","E","M","E","R","$","M","M","BOSS"],"items_purchased_type":["Card","Card","Card","Card","Relic","Relic","Card","Relic"],"build_version":"2020-12-22","purchased_purges":1,"victory":false,"max_hp_per_floor":[70,70,70,70,70,70,70,70,70,70,70,70,70,70,70,70,70,70,70,70,70,70,70,70,70,70,70,70,70,70,70,70,70,70,70,70,70,70,70,105,105,111,111,111,111,121,121,121,121,121,121,121],"relic_stats":{"Darkstone Periapt":36,"Blood Vial":10,"Nunchaku":[29],"Happy Flower":[37],"counters":[32,132],"Bird Faced Urn":[124],"Blue Candle":[5],"Pen Nib":[21],"PreservedInsect":0,"Art of War":[0],"obtain_stats":[{"Darkstone Periapt":40,"bronze:BronzeCore":0,"downfall:HeartBlessingRed":8,"Happy Flower":12,"Blue Candle":47,"downfall:HeartBlessingGreen":13,"Pen Nib":24,"PreservedInsect":47,"sneckomod:SneckoTalon":17,"Blood Vial":43,"Nunchaku":7,"downfall:HeartBlessingBlue":46,"Bird Faced Urn":26,"Art of War":45,"Membership Card":47,"StrikeDummy":30,"bronze:MakeshiftBattery":34},{"Darkstone Periapt":25,"bronze:BronzeCore":0,"downfall:HeartBlessingRed":4,"Happy Flower":7,"Blue Candle":29,"downfall:HeartBlessingGreen":7,"Pen Nib":14,"PreservedInsect":29,"sneckomod:SneckoTalon":10,"Blood Vial":27,"Nunchaku":4,"downfall:HeartBlessingBlue":29,"Bird Faced Urn":15,"Art of War":29,"Membership Card":29,"StrikeDummy":18,"bronze:MakeshiftBattery":21},{"Darkstone Periapt":92,"bronze:BronzeCore":0,"downfall:HeartBlessingRed":11,"Happy Flower":19,"Blue Candle":113,"downfall:HeartBlessingGreen":19,"Pen Nib":44,"PreservedInsect":113,"sneckomod:SneckoTalon":30,"Blood Vial":103,"Nunchaku":11,"downfall:HeartBlessingBlue":113,"Bird Faced Urn":49,"Art of War":113,"Membership Card":113,"StrikeDummy":64,"bronze:MakeshiftBattery":80}]},"card_choices":[{"not_picked":["bronze:BitShift","bronze:Deprecate"],"picked":"bronze:Iterate","floor":0.0},{"not_picked":["bronze:OilSpill","bronze:Shield"],"picked":"bronze:BugBarrage","floor":2.0},{"not_picked":["bronze:Iterate","bronze:ItsAFeature"],"picked":"bronze:ChosenStrike","floor":4.0},{"not_picked":["bronze:Deprecate","bronze:Frontload"],"picked":"bronze:Constructor","floor":5.0},{"not_picked":["bronze:ChosenStrike","bronze:ItsAFeature"],"picked":"bronze:WhirlingStrike","floor":6.0},{"not_picked":["bronze:FineTuning","bronze:BronzeOrb"],"picked":"bronze:WildBeam","floor":10.0},{"not_picked":["bronze:Return","bronze:Constructor"],"picked":"bronze:FineTuning","floor":11.0},{"not_picked":["bronze:Turbo","bronze:OilSpill"],"picked":"bronze:Mutator","floor":12.0},{"not_picked":["bronze:WildBeam","bronze:Turbo"],"picked":"bronze:Refactor","floor":14.0},{"not_picked":["bronze:Shield","bronze:Overheat"],"picked":"bronze:BuggyMess","floor":15.0},{"not_picked":["bronze:Verify","bronze:CleanCode"],"picked":"bronze:InfiniteLoop","floor":16.0},{"not_picked":["bronze:Iterate","bronze:BuggyMess"],"picked":"bronze:GetLatest","floor":19.0},{"not_picked":["bronze:WildBeam","bronze:BitShift"],"picked":"bronze:DelayedSlice","floor":21.0},{"not_picked":["bronze:Iterate+1","bronze:CutThrough"],"picked":"bronze:Frontload+1","floor":22.0},{"not_picked":["bronze:FollowUp","bronze:BronzeArmor+1"],"picked":"bronze:HyperBeam","floor":23.0},{"not_picked":["bronze:Deprecate","bronze:CutThrough"],"picked":"bronze:Repair","floor":26.0},{"not_picked":["bronze:Allocate","bronze:ForLoop+1"],"picked":"bronze:Optimize","floor":27},{"not_picked":["bronze:Constructor","bronze:BugBarrage+1"],"picked":"bronze:OilSpill+1","floor":28},{"not_picked":["bronze:ForLoop","bronze:BuggyMess"],"picked":"bronze:Allocate+1","floor":30},{"not_picked":["bronze:Turbo+1","bronze:Frontload"],"picked":"bronze:Branch+1","floor":31},{"not_picked":["bronze:DelayedGuard","bronze:BugBarrage"],"picked":"bronze:BitShift+1","floor":32},{"not_picked":["bronze:Assembly","bronze:SpaghettiCode"],"picked":"bronze:AlphaBuild","floor":33},{"not_picked":["bronze:Branch+1","bronze:Overheat","bronze:WhirlingStrike+1"],"picked":"SKIP","floor":36},{"not_picked":["bronze:DelayedGuard+1","bronze:Branch+1","bronze:CutThrough+1"],"picked":"SKIP","floor":37},{"not_picked":["bronze:WhirlingStrike+1","bronze:DarkDash"],"picked":"bronze:Flail+1","floor":38},{"not_picked":["bronze:WhirlingStrike","bronze:BitShift","bronze:Backtrace+1"],"picked":"SKIP","floor":39},{"not_picked":["bronze:Invalidate","bronze:Turbo"],"picked":"bronze:Optimize","floor":42},{"not_picked":["bronze:Refactor","bronze:ForLoop"],"picked":"bronze:ThunderWave","floor":43},{"not_picked":["bronze:Overheat+1","bronze:WildBeam","bronze:BitShift"],"picked":"SKIP","floor":44},{"not_picked":["bronze:Flail","bronze:DigitalCarnage"],"picked":"bronze:InfiniteBeams","floor":45},{"not_picked":["bronze:BronzeOrb","bronze:Constructor","bronze:Iterate"],"picked":"SKIP","floor":48},{"not_picked":["bronze:Boost","bronze:DelayedGuard"],"picked":"bronze:DelayedSlice+1","floor":49}],"player_experience":1028407,"relics_obtained":[{"floor":7.0,"key":"Nunchaku"},{"floor":12.0,"key":"Happy Flower"},{"floor":24.0,"key":"Pen Nib"},{"floor":26.0,"key":"Bird Faced Urn"},{"floor":30,"key":"StrikeDummy"},{"floor":43,"key":"Blood Vial"},{"floor":45,"key":"Art of War"}],"event_choices":[],"is_beta":false,"boss_relics":[{"not_picked":["Sozu","Coffee Dripper"],"picked":"sneckomod:SneckoTalon"},{"not_picked":["Busted Crown","Tiny House"],"picked":"bronze:MakeshiftBattery"}],"items_purged_floors":[36],"is_endless":false,"potions_floor_spawned":[6,11,12,14,26,27,32,38,39,42,48],"killed_by":"WA_ARCHETYPE_DIVINITY","ascension_level":0}}