{"host":"nbmmy2ys5j9alw05","time":1611106810,"event":{"mods":["AchievementEnabler","BaseMod","Bestiary","Better Vampires","Colored Map","Colored Powertips","Googly Eyes","Minty Spire (QoL Compilation)","Quick Restart","StSLib","The Hierophant","The IronCluck","everything is the same but u backflip on backflip"],"gold_per_floor":[116,133,148,148,148,148,182,182,206,36,80,103,103,123,123,123,123],"floor_reached":16,"language":"ENG","playtime":573,"items_purged":["Strike_R"],"score":160,"play_id":"7b287e67-5685-41d3-a6dd-e15286a63709","local_time":"20210119174010","is_ascension_mode":true,"campfire_choices":[{"data":"Clothesline","floor":6,"key":"SMITH"},{"floor":13,"key":"REST"},{"data":"Searing Blow","floor":15,"key":"SMITH"}],"circlet_count":0,"master_deck":["Strike_R","Strike_R","Strike_R","Strike_R","Defend_R","Defend_R","Defend_R","Defend_R","Bash","Clothesline+1","Headbutt","Flame Barrier","Disarm","Armaments","Searing Blow+1","Shrug It Off","Flex","Double Tap"],"relics":["Burning Blood","Golden Idol","Anchor","Omamori","Oddly Smooth Stone"],"acts_visited":["Exordium"],"potions_floor_usage":[7,11,12],"damage_taken":[{"damage":7,"enemies":"Jaw Worm","floor":1,"turns":4},{"damage":2,"enemies":"2 Louse","floor":2,"turns":3},{"damage":11,"enemies":"Cultist","floor":3,"turns":4},{"damage":30,"enemies":"Gremlin Nob","floor":7,"turns":5},{"damage":41,"enemies":"Lagavulin","floor":11,"turns":10},{"damage":7,"enemies":"Lots of Slimes","floor":12,"turns":5},{"damage":4,"enemies":"Red Slaver","floor":14,"turns":2},{"damage":37,"enemies":"Slime Boss","floor":16,"turns":6}],"seed_played":"5376913711128837607","potions_obtained":[{"floor":1,"key":"Energy Potion"},{"floor":2,"key":"Weak Potion"},{"floor":7,"key":"SneckoOil"},{"floor":14,"key":"SmokeBomb"}],"is_trial":false,"path_per_floor":["M","M","M","?","?","R","E","?","T","$","E","M","R","M","R","B"],"character_chosen":"IRONCLAD","items_purchased":["Searing Blow","Shrug It Off"],"campfire_rested":1,"item_purchase_floors":[10,10],"current_hp_per_floor":[71,75,70,70,70,70,46,46,46,46,11,10,34,36,36,0,0],"gold":123,"neow_bonus":"THREE_CARDS","is_daily":false,"chose_seed":false,"campfire_upgraded":2,"win_rate":0.0,"timestamp":1611106810,"path_taken":["M","M","M","?","?","R","E","?","T","$","E","M","R","?","R","BOSS"],"items_purchased_type":["Card","Card"],"build_version":"2020-12-22","purchased_purges":1,"victory":false,"max_hp_per_floor":[80,80,80,80,80,80,80,80,80,80,80,80,80,80,80,80,80],"card_choices":[{"not_picked":["Rage","Thunderclap"],"picked":"Clothesline","floor":0},{"not_picked":["Second Wind","Warcry"],"picked":"Headbutt","floor":1},{"not_picked":["Combust","Entrench"],"picked":"Flame Barrier","floor":2},{"not_picked":["Burning Pact","Body Slam"],"picked":"Disarm","floor":3},{"not_picked":["Heavy Blade","True Grit"],"picked":"Armaments","floor":7},{"not_picked":["Sword Boomerang","Clash"],"picked":"Flex","floor":11},{"not_picked":["Bloodletting","Iron Wave"],"picked":"Double Tap","floor":12},{"not_picked":["Headbutt","Wild Strike","Sword Boomerang"],"picked":"SKIP","floor":14}],"player_experience":485356,"relics_obtained":[{"floor":7,"key":"Anchor"},{"floor":9,"key":"Omamori"},{"floor":11,"key":"Oddly Smooth Stone"}],"event_choices":[{"damage_healed":0,"gold_gain":0,"player_choice":"Ignored","damage_taken":0,"max_hp_gain":0,"max_hp_loss":0,"event_name":"Liars Game","floor":4,"gold_loss":0},{"damage_healed":0,"gold_gain":0,"player_choice":"Take Wound","damage_taken":0,"relics_obtained":["Golden Idol"],"max_hp_gain":0,"max_hp_loss":0,"event_name":"Golden Idol","floor":5,"gold_loss":0,"cards_obtained":["Injury"]},{"cards_removed":["Injury"],"damage_healed":0,"gold_gain":0,"player_choice":"Removed Curses","damage_taken":0,"max_hp_gain":0,"max_hp_loss":0,"event_name":"Fountain of Cleansing","floor":8,"gold_loss":0}],"is_beta":false,"boss_relics":[],"items_purged_floors":[10],"is_endless":false,"potions_floor_spawned":[1,2,7,14],"killed_by":"Slime Boss","ascension_level":9}}