{"host":"37uvkxgs6qebn1sk","time":1611125936,"event":{"mods":["BaseMod","Better Third Choice","Minty Spire (QoL Compilation)","Replay The Spire","StSLib","vexMod"],"gold_per_floor":[411,411,95,95,95,95,115,115,134,152,152,152,152,180,194,6,6,81,81,94,94,9,9,25,25,25,25,75,105,105,116,116,31,31,106,106,126,1125,615,625,643,672,672,97,97,108,127,154,154,166,166,166,166],"floor_reached":54,"language":"ZHS","playtime":2280,"items_purged":["Strike_B","Spreading Infection","Normality","Normality"],"score":1451,"play_id":"4f06cdd2-cde8-4657-99fc-f281f8076e5a","local_time":"20210120145856","is_ascension_mode":true,"campfire_choices":[{"data":"Zap","floor":8.0,"key":"SMITH"},{"floor":13.0,"key":"REST"},{"data":"Defragment","floor":17.0,"key":"SMITH"},{"data":"Dualcast","floor":25.0,"key":"SMITH"},{"data":"White Noise","floor":27.0,"key":"SMITH"},{"data":"Defragment","floor":30.0,"key":"SMITH"},{"data":"Mirror Shield","floor":34.0,"key":"SMITH"},{"data":"1","floor":43.0,"key":"LIFT"},{"data":"Survey Options","floor":49.0,"key":"SMITH"},{"data":"2","floor":51,"key":"LIFT"}],"circlet_count":0,"master_deck":["AscendersBane","Strike_B","Strike_B","Strike_B","Zap+1","Dualcast+1","Conserve Battery","ReplaySort+1","Glacier","Conserve Battery","Ball Lightning","Defragment+1","White Noise+1","Self Repair","Ball Lightning","Defragment+1","Mirror Shield+1","Amplify+1","Melter","Echo Form+1","Survey Options+1"],"relics":["Cracked Core","Old Coin","vexMod:PlasmaPancake","ReplayTheSpireMod:CursedCoin","Pet Ghost","Juzu Bracelet","DataDisk","Coffee Dripper","Kunai","Bag of Marbles","Replay:Bottled Flurry","Empty Cage","ReplayTheSpireMod:TigerMarble","ReplayTheSpireMod:Lightbulb","Girya","Guide Book","Bird Faced Urn","Blue Candle"],"acts_visited":["Exordium","TheCity","TheBeyond"],"potions_floor_usage":[50],"damage_taken":[{"damage":4.0,"enemies":"2 Louse","floor":1.0,"turns":2.0},{"damage":3.0,"enemies":"Small Slimes","floor":7.0,"turns":3.0},{"damage":1.0,"enemies":"Jaw Worm","floor":9.0,"turns":4.0},{"damage":0.0,"enemies":"Exordium Thugs","floor":10.0,"turns":3.0},{"damage":21.0,"enemies":"Gremlin Nob","floor":14.0,"turns":4.0},{"damage":0.0,"enemies":"Gremlin Gang","floor":15.0,"turns":1.0},{"damage":7.0,"enemies":"Hexaghost","floor":18.0,"turns":10.0},{"damage":0.0,"enemies":"3 Byrds","floor":20.0,"turns":4.0},{"damage":11.0,"enemies":"Shell Parasite","floor":24.0,"turns":4.0},{"damage":13.0,"enemies":"Book of Stabbing","floor":29.0,"turns":5.0},{"damage":0.0,"enemies":"Sentry and Sphere","floor":31.0,"turns":4.0},{"damage":33.0,"enemies":"Automaton","floor":35.0,"turns":11.0},{"damage":0.0,"enemies":"3 Shapes","floor":37.0,"turns":1.0},{"damage":0.0,"enemies":"Orb Walker","floor":40.0,"turns":4.0},{"damage":26.0,"enemies":"Spire Growth","floor":41.0,"turns":4.0},{"damage":39.0,"enemies":"Giant Head","floor":42.0,"turns":9.0},{"damage":26.0,"enemies":"3 Darklings","floor":46.0,"turns":4.0},{"damage":11.0,"enemies":"Sphere and 2 Shapes","floor":47.0,"turns":8.0},{"damage":52.0,"enemies":"Reptomancer","floor":48.0,"turns":8.0},{"damage":30,"enemies":"Transient","floor":50,"turns":6},{"damage":13,"enemies":"Replay:Hell Engine","floor":52,"turns":15},{"damage":44,"enemies":"Donu and Deca","floor":53,"turns":12}],"seed_played":"2741567942689198378","potions_obtained":[{"floor":10.0,"key":"SkillPotion"},{"floor":14.0,"key":"Explosive Potion"},{"floor":18.0,"key":"DistilledChaos"},{"floor":24.0,"key":"SteroidPotion"},{"floor":35.0,"key":"FairyPotion"},{"floor":48.0,"key":"Weak Potion"}],"is_trial":false,"path_per_floor":["M","?","$","?","PTL","PTL","M","R","M","M","T","?","R","E","M","$","R","B",null,"M","?","?","?","M","R","?","R","T","E","R","M","?","$","R","B",null,"M","?","$","M","M","E","R","$","T","M","M","E","R","M","R","B","B",null],"character_chosen":"DEFECT","items_purchased":["vexMod:PlasmaPancake","ReplayTheSpireMod:CursedCoin","ReplaySort+1","Self Repair","Mirror Shield","ReplayTheSpireMod:TigerMarble","ReplayTheSpireMod:Lightbulb","Echo Form","Guide Book","Survey Options"],"campfire_rested":1,"item_purchase_floors":[3,3,3,16,33,39,39,44,44,44],"current_hp_per_floor":[42,35,41,41,41,41,38,38,37,37,37,26,49,28,28,28,28,28,65,72,72,72,72,68,68,46,46,46,40,40,47,55,55,55,29,69,69,69,69,76,57,32,32,32,32,36,62,38,38,32,32,49,24],"gold":166,"neow_bonus":"ONE_RARE_RELIC","is_daily":false,"chose_seed":false,"campfire_upgraded":7,"win_rate":0.0,"timestamp":1611125936,"path_taken":["M","?","$","?","PTL","PTL","M","R","M","M","T","?","R","E","M","?","R","BOSS","M","?","?","?","M","R","?","R","T","E","R","M","?","?","R","BOSS","M","?","$","M","M","E","R","$","T","M","M","E","R","M","R","BOSS","BOSS"],"items_purchased_type":["Relic","Relic","Card","Card","Card","Relic","Relic","Card","Relic","Card"],"build_version":"2020-12-22","purchased_purges":4,"victory":true,"max_hp_per_floor":[71,71,77,77,77,77,77,77,77,77,77,77,77,77,77,77,77,77,77,77,77,77,77,77,77,82,82,82,82,82,82,82,82,82,82,82,82,82,82,82,82,82,82,82,82,82,82,82,82,82,82,82,82],"card_choices":[{"not_picked":["Panic Button","BasicCrystalCard"],"picked":"Conserve Battery","floor":1.0},{"not_picked":["Streamline","Beam Cell"],"picked":"Glacier","floor":7.0},{"not_picked":["Hello World","Streamline"],"picked":"Conserve Battery","floor":9.0},{"not_picked":["Hologram","Meteor Strike"],"picked":"Ball Lightning","floor":10.0},{"not_picked":["Skim","Seek"],"picked":"Defragment","floor":14.0},{"not_picked":["Aggregate","Genetic Algorithm"],"picked":"White Noise","floor":15.0},{"not_picked":["Barrage","Compile Driver"],"picked":"Ball Lightning","floor":20.0},{"not_picked":["Streamline","Stack"],"picked":"Defragment","floor":24.0},{"not_picked":["Static Discharge","BasicCrystalCard","Steam"],"picked":"SKIP","floor":29.0},{"not_picked":["Darkness","Barrage+1","ReplayTheSpireMod:Reroute Power"],"picked":"SKIP","floor":31.0},{"not_picked":["Mirror Shield","Multi-Cast"],"picked":"Amplify","floor":35.0},{"not_picked":["Aggregate","Panic Button","Storm+1"],"picked":"SKIP","floor":37.0},{"not_picked":["Steam","Streamline+1","Gash"],"picked":"SKIP","floor":40.0},{"not_picked":["BasicCrystalCard","Hologram","Melter"],"picked":"SKIP","floor":41.0},{"not_picked":["BasicCrystalCard","Hologram"],"picked":"Melter","floor":41.0},{"not_picked":["Compile Driver","Reprogram","Sweeping Beam"],"picked":"SKIP","floor":42.0},{"not_picked":["Go for the Eyes","Genetic Algorithm+1","Barrage"],"picked":"SKIP","floor":46.0},{"not_picked":["Heatsinks","Ball Lightning","Sweeping Beam"],"picked":"SKIP","floor":47.0},{"not_picked":["Ball Lightning","Scrape+1","BasicCrystalCard+1"],"picked":"SKIP","floor":48.0},{"not_picked":["ReplayTheSpireMod:System Scan","Conserve Battery","Streamline"],"picked":"SKIP","floor":50}],"player_experience":968834,"relics_obtained":[{"floor":11.0,"key":"Pet Ghost"},{"floor":14.0,"key":"DataDisk"},{"floor":28.0,"key":"Bag of Marbles"},{"floor":29.0,"key":"Replay:Bottled Flurry"},{"floor":42.0,"key":"Girya"},{"floor":45.0,"key":"Bird Faced Urn"},{"floor":48.0,"key":"Blue Candle"}],"event_choices":[{"cards_removed":["Defend_B"],"damage_healed":0.0,"max_hp_gain":0.0,"max_hp_loss":0.0,"gold_gain":0.0,"event_name":"Golden Wing","player_choice":"Card Removal","floor":2.0,"gold_loss":0.0,"damage_taken":7.0},{"damage_healed":0.0,"max_hp_gain":0.0,"max_hp_loss":0.0,"gold_gain":0.0,"event_name":"betterThird:BetterSerpent","player_choice":"Ignored","floor":4.0,"gold_loss":0.0,"damage_taken":95.0},{"damage_healed":0.0,"max_hp_gain":0.0,"max_hp_loss":0.0,"gold_gain":0.0,"event_name":"betterThird:BetterScrap","player_choice":"Relic ","floor":12.0,"gold_loss":0.0,"damage_taken":11.0,"cards_obtained":["Pummel"]},{"cards_removed":["Defend_B"],"damage_healed":0.0,"max_hp_gain":0.0,"max_hp_loss":0.0,"gold_gain":0.0,"event_name":"Bonfire Elementals","player_choice":"Offered Basic","floor":21.0,"gold_loss":0.0,"damage_taken":0.0},{"damage_healed":0.0,"max_hp_gain":0.0,"max_hp_loss":0.0,"gold_gain":0.0,"event_name":"Addict","player_choice":"Obtained Relic","floor":22.0,"gold_loss":85.0,"damage_taken":0.0,"relics_obtained":["Kunai"]},{"damage_healed":0.0,"max_hp_gain":5.0,"max_hp_loss":0.0,"gold_gain":0.0,"event_name":"Forgotten Altar","player_choice":"Shed Blood","floor":26.0,"gold_loss":0.0,"damage_taken":27.0},{"damage_healed":0.0,"max_hp_gain":0.0,"max_hp_loss":0.0,"gold_gain":999.0,"event_name":"MindBloom","player_choice":"Gold","floor":38.0,"gold_loss":0.0,"damage_taken":0.0,"cards_obtained":["Normality","Normality"]}],"is_beta":false,"boss_relics":[{"not_picked":["vexMod:DeviousBotling","ReplayTheSpireMod:DimensionalGlitch"],"picked":"Coffee Dripper"},{"not_picked":["Tiny House","vexMod:MysteryBossChallenge"],"picked":"Empty Cage"}],"items_purged_floors":[3,16,39,44],"is_endless":false,"potions_floor_spawned":[10,14,18,24,35,37,48],"ascension_level":20}}