{"host":"vlqejv0notyktumz","time":1611171300,"event":{"mods":["AchievementEnabler","BaseMod","Colored Map","Colored Powertips","Downfall","Googly Eyes","Minty Spire (QoL Compilation)","StSLib"],"gold_per_floor":[17,34,34,34,34,54,84,84,84,107,107,107,140,161,161,291,291,280,298,298,323,141,141,179,198,250,250,294,294,294,308,308,429,429,443,41,263,282,303,347,347,347,347,347,60,60,60,75,75,75,75],"floor_reached":50,"language":"ENG","playtime":1293,"items_purged":["Strike_B","Defend_B"],"score":775,"play_id":"7cef5924-462e-42f9-990b-5a512ba14677","local_time":"20210120133459","is_ascension_mode":true,"campfire_choices":[{"data":"Conserve Battery","floor":8,"key":"SMITH"},{"data":"Zap","floor":11,"key":"SMITH"},{"data":"Defend_B","floor":15,"key":"SMITH"},{"data":"Buffer","floor":23,"key":"SMITH"},{"data":"Stack","floor":27,"key":"SMITH"},{"floor":32,"key":"REST"},{"floor":41,"key":"REST"},{"data":"Buffer","floor":47,"key":"SMITH"},{"data":"Finesse","floor":49,"key":"SMITH"}],"circlet_count":0,"master_deck":["Strike_B+1","Strike_B+1","Defend_B+1","Defend_B","Defend_B","Zap+1","Dualcast","Ball Lightning","Conserve Battery+1","Ball Lightning","Doom and Gloom","Go for the Eyes+1","Cold Snap+1","Buffer+1","FTL+1","Compile Driver+1","FTL+1","Stack+1","Ball Lightning+1","Defragment","Buffer+1","Ball Lightning+1","Chill+1","Auto Shields+1","Beam Cell+1","Finesse+1"],"relics":["Cracked Core","Turnip","Golden Idol","Ornamental Fan","Molten Egg 2","Whetstone","Nuclear Battery","Torii","Ancient Tea Set","Red Mask","Sozu","Anchor","Pen Nib","Mummified Hand","FossilizedHelix","Thread and Needle"],"acts_visited":["Exordium","TheCity","TheBeyond"],"potions_floor_usage":[21,24,42],"damage_taken":[{"damage":3,"enemies":"Small Slimes","floor":1,"turns":4},{"damage":7,"enemies":"2 Louse","floor":2,"turns":3},{"damage":0,"enemies":"Cultist","floor":6,"turns":3},{"damage":4,"enemies":"Red Slaver","floor":10,"turns":2},{"damage":14,"enemies":"Gremlin Nob","floor":13,"turns":3},{"damage":0,"enemies":"3 Louse","floor":14,"turns":2},{"damage":20,"enemies":"Slime Boss","floor":16,"turns":8},{"damage":15,"enemies":"2 Thieves","floor":18,"turns":4},{"damage":0,"enemies":"Spheric Guardian","floor":19,"turns":3},{"damage":0,"enemies":"Snecko","floor":21,"turns":4},{"damage":15,"enemies":"Slavers","floor":24,"turns":5},{"damage":0,"enemies":"Cultist and Chosen","floor":25,"turns":4},{"damage":0,"enemies":"Masked Bandits","floor":28,"turns":3},{"damage":0,"enemies":"Centurion and Healer","floor":31,"turns":6},{"damage":86,"enemies":"Collector","floor":33,"turns":13},{"damage":0,"enemies":"3 Darklings","floor":35,"turns":5},{"damage":6,"enemies":"3 Shapes","floor":38,"turns":5},{"damage":0,"enemies":"Sphere and 2 Shapes","floor":39,"turns":5},{"damage":16,"enemies":"Reptomancer","floor":40,"turns":8},{"damage":0,"enemies":"Nemesis","floor":42,"turns":6},{"damage":0,"enemies":"Spire Growth","floor":48,"turns":5},{"damage":72,"enemies":"Donu and Deca","floor":50,"turns":8}],"seed_played":"-169804891051002520","potions_obtained":[{"floor":6,"key":"SmokeBomb"},{"floor":16,"key":"sneckomod:MuddlingPotion"},{"floor":19,"key":"hexamod:SoulburnPotion"},{"floor":25,"key":"FairyPotion"},{"floor":28,"key":"SmokeBomb"}],"is_trial":false,"path_per_floor":["M","M","?","?","?","M","?","R","T","M","R","?","E","M","R","B",null,"M","M","?","M","$","R","E","M","T","R","?","?","?","M","R","B",null,"M","$","?","M","M","E","R","E","T","?","$","?","R","M","R","B"],"character_chosen":"DEFECT","items_purchased":["Stack","Ball Lightning+1","Anchor","Pen Nib","Thread and Needle"],"campfire_rested":2,"item_purchase_floors":[22,22,36,36,45],"current_hp_per_floor":[65,58,58,63,56,56,56,56,56,52,52,52,38,38,38,18,60,45,45,45,45,45,45,30,30,30,30,30,30,30,30,52,1,56,56,56,56,50,50,34,56,56,56,56,56,65,65,65,65,0,0],"gold":75,"neow_bonus":"ONE_RARE_RELIC","is_daily":false,"chose_seed":false,"campfire_upgraded":7,"win_rate":0.0,"timestamp":1611171299,"path_taken":["M","M","?","?","?","M","?","R","T","M","R","?","E","?","R","BOSS","M","M","?","M","$","R","E","M","T","R","?","?","?","M","R","BOSS","M","$","?","M","M","E","R","E","T","?","?","?","R","M","R","BOSS"],"items_purchased_type":["Card","Card","Relic","Relic","Relic"],"build_version":"2020-12-22","purchased_purges":2,"victory":false,"max_hp_per_floor":[75,75,69,74,74,74,74,74,74,74,74,74,74,74,74,74,74,74,74,74,74,74,74,74,74,74,74,74,74,74,74,74,74,74,74,74,74,74,74,74,74,74,74,74,74,65,65,65,65,65,65],"card_choices":[{"not_picked":["Turbo","Sweeping Beam"],"picked":"Ball Lightning","floor":1},{"not_picked":["Turbo","Redo"],"picked":"Conserve Battery","floor":2},{"not_picked":["Sweeping Beam","Gash"],"picked":"Ball Lightning","floor":6},{"not_picked":["Gash","Rebound"],"picked":"Doom and Gloom","floor":10},{"not_picked":["Chaos","Gash+1"],"picked":"Go for the Eyes+1","floor":13},{"not_picked":["Compile Driver+1","Hologram"],"picked":"Cold Snap+1","floor":14},{"not_picked":["Seek","Thunder Strike+1"],"picked":"Buffer","floor":16},{"not_picked":["Barrage+1","Steam"],"picked":"FTL+1","floor":18},{"not_picked":["Doom and Gloom+1","Recycle"],"picked":"Compile Driver+1","floor":19},{"not_picked":["Coolheaded","Barrage+1"],"picked":"FTL+1","floor":21},{"not_picked":["Coolheaded","Storm","Genetic Algorithm"],"picked":"SKIP","floor":24},{"not_picked":["Barrage+1","Force Field","Multi-Cast"],"picked":"SKIP","floor":25},{"not_picked":["Hologram+1","Barrage+1"],"picked":"Defragment","floor":31},{"not_picked":["Reboot","Rainbow"],"picked":"Buffer","floor":33},{"not_picked":["Storm","Compile Driver+1"],"picked":"Ball Lightning+1","floor":35},{"not_picked":["FTL+1","Hologram"],"picked":"Chill+1","floor":38},{"not_picked":["Storm","Turbo"],"picked":"Auto Shields+1","floor":39},{"not_picked":["Barrage+1","Compile Driver+1"],"picked":"Beam Cell+1","floor":40},{"not_picked":["Transmutation","Deep Breath"],"picked":"Finesse","floor":44},{"not_picked":["Steam+1","Rebound+1","Turbo"],"picked":"SKIP","floor":48}],"player_experience":360704,"relics_obtained":[{"floor":9,"key":"Ornamental Fan"},{"floor":13,"key":"Whetstone"},{"floor":24,"key":"Torii"},{"floor":26,"key":"Ancient Tea Set"},{"floor":28,"key":"Red Mask"},{"floor":40,"key":"Mummified Hand"},{"floor":43,"key":"FossilizedHelix"}],"event_choices":[{"damage_healed":0,"gold_gain":0,"player_choice":"Lose Max HP","damage_taken":0,"relics_obtained":["Golden Idol"],"max_hp_gain":0,"max_hp_loss":6,"event_name":"Golden Idol","floor":3,"gold_loss":0},{"damage_healed":0,"gold_gain":0,"player_choice":"Donut","damage_taken":0,"max_hp_gain":5,"max_hp_loss":0,"event_name":"Big Fish","floor":4,"gold_loss":0},{"cards_removed":["Strike_B"],"damage_healed":0,"gold_gain":0,"player_choice":"Card Removal","damage_taken":7,"max_hp_gain":0,"max_hp_loss":0,"event_name":"Golden Wing","floor":5,"gold_loss":0},{"damage_healed":0,"gold_gain":30,"player_choice":"Searched \u00271\u0027 times","damage_taken":0,"max_hp_gain":0,"max_hp_loss":0,"event_name":"Dead Adventurer","floor":7,"gold_loss":0},{"damage_healed":0,"gold_gain":0,"player_choice":"Gave Potion","damage_taken":0,"relics_obtained":["Molten Egg 2"],"max_hp_gain":0,"max_hp_loss":0,"event_name":"WeMeetAgain","floor":12,"gold_loss":0},{"damage_healed":0,"gold_gain":0,"player_choice":"Fought Bandits","damage_taken":0,"max_hp_gain":0,"max_hp_loss":0,"event_name":"Masked Bandits","floor":28,"gold_loss":0},{"damage_healed":0,"gold_gain":0,"player_choice":"Ignored","damage_taken":0,"max_hp_gain":0,"max_hp_loss":0,"event_name":"Vampires","floor":29,"gold_loss":0},{"damage_healed":0,"gold_gain":222,"player_choice":"Wore Mask","damage_taken":0,"max_hp_gain":0,"max_hp_loss":0,"event_name":"Tomb of Lord Red Mask","floor":37,"gold_loss":0},{"damage_healed":0,"gold_gain":0,"player_choice":"Memory 1","damage_taken":0,"max_hp_gain":0,"max_hp_loss":0,"event_name":"SensoryStone","floor":44,"gold_loss":0},{"damage_healed":65,"gold_gain":0,"player_choice":"Heal","damage_taken":0,"max_hp_gain":0,"max_hp_loss":9,"event_name":"The Moai Head","floor":46,"gold_loss":0}],"is_beta":false,"boss_relics":[{"not_picked":["Runic Dome","Pandora\u0027s Box"],"picked":"Nuclear Battery"},{"not_picked":["Empty Cage","Calling Bell"],"picked":"Sozu"}],"items_purged_floors":[22,36],"is_endless":false,"potions_floor_spawned":[6,16,19,25,28,38,40,42],"killed_by":"Donu and Deca","ascension_level":8}}