{"host":"ni5mix2lh3q94rpg","time":1611143912,"event":{"mods":["AchievementEnabler","Act Like it!","BaseMod","Better Altar","Better Note","Better Silent Start","Better Skull","Better Third Choice","Better Vampires","Card Forge","Colored Map","Colored Powertips","Custom Start","Displayed Cursed Tome","Gensokyo","GifTheSpireLib","Hermit","Highlight Path","Marisa????????","Minty Spire (QoL Compilation)","Remilia??????","Shop Mod","Spicy Shops","Spire Arcade","StS++","StSLib","The Cursed","The Servant 0.9.4","Transform Curses","everything is the same but u backflip on backflip","slay the spire mod where everything is the same but ironclad has a cowboy hat","??????REMEMod"],"gold_per_floor":[113,129,12,12,12,39,53,53,53,53,68,104,104,143,143,143,143],"floor_reached":16,"language":"ENG","playtime":847,"items_purged":[],"score":319,"play_id":"98fe3b0f-eb23-4e2f-a3de-8c567dad95ed","local_time":"20210120145832","is_ascension_mode":true,"campfire_choices":[{"data":"Gensokyo:RisingWorld","floor":13.0,"key":"SMITH"},{"data":"True Grit","floor":15,"key":"SMITH"}],"circlet_count":0,"master_deck":["AscendersBane","Strike_R","Strike_R","Strike_R","Strike_R","Defend_R","Defend_R","Defend_R","Bash","Gensokyo:RisingWorld+1","Shrug It Off","True Grit+1","Spot Weakness","Pommel Strike","Feel No Pain","Infernal Blade"],"relics":["Hammer of Thor","Seething Fire","Anvil of the Gods","REME_ComplimentaryCards","Busted Crown","Ginger","Bottled Lightning","Meat on the Bone","Golden Idol","Akabeko","Ancient Tea Set"],"acts_visited":["Exordium"],"potions_floor_usage":[16],"damage_taken":[{"damage":1.0,"enemies":"Small Slimes","floor":1.0,"turns":4.0},{"damage":0.0,"enemies":"2 Louse","floor":2.0,"turns":2.0},{"damage":10.0,"enemies":"3 Sentries","floor":6.0,"turns":11.0},{"damage":0.0,"enemies":"Cultist","floor":7.0,"turns":3.0},{"damage":0.0,"enemies":"Large Slime","floor":11.0,"turns":5.0},{"damage":21.0,"enemies":"Lagavulin","floor":12.0,"turns":8.0},{"damage":14,"enemies":"3 Sentries","floor":14,"turns":7},{"damage":31,"enemies":"The Guardian","floor":16,"turns":8}],"seed_played":"6704888634103158570","potions_obtained":[{"floor":1.0,"key":"HeartOfIron"},{"floor":7.0,"key":"StSpp:ScatteredWeakPotion"}],"is_trial":false,"path_per_floor":["M","M","$","?","?","E","M","?","T","?","M","E","R","E","R","B"],"character_chosen":"IRONCLAD","items_purchased":["Ginger"],"campfire_rested":0,"item_purchase_floors":[3],"current_hp_per_floor":[67,67,67,60,60,50,50,55,55,27,39,30,30,28,28,0,0],"gold":143,"neow_bonus":"BOSS_RELIC","is_daily":false,"chose_seed":false,"campfire_upgraded":2,"win_rate":0.0,"timestamp":1611143912,"path_taken":["M","M","$","?","?","E","M","?","T","?","M","E","R","E","R","BOSS"],"items_purchased_type":["Relic"],"build_version":"2020-12-22","purchased_purges":0,"victory":false,"max_hp_per_floor":[75,75,75,75,75,75,75,80,80,80,80,80,80,80,80,80,80],"card_choices":[{"not_picked":[],"picked":"Shrug It Off","floor":1.0},{"not_picked":[],"picked":"True Grit","floor":2.0},{"not_picked":[],"picked":"Pommel Strike","floor":6.0},{"not_picked":[],"picked":"Feel No Pain","floor":7.0},{"not_picked":[],"picked":"Infernal Blade","floor":11.0},{"not_picked":["Clash"],"picked":"SKIP","floor":12.0},{"not_picked":["Sword Boomerang"],"picked":"SKIP","floor":14}],"player_experience":844222,"relics_obtained":[{"floor":6.0,"key":"Bottled Lightning"},{"floor":9.0,"key":"Meat on the Bone"},{"floor":12.0,"key":"Akabeko"},{"floor":14,"key":"Ancient Tea Set"}],"event_choices":[{"cards_removed":["Defend_R"],"damage_healed":0.0,"max_hp_gain":0.0,"max_hp_loss":0.0,"gold_gain":0.0,"event_name":"Golden Wing","player_choice":"Card Removal","floor":4.0,"gold_loss":0.0,"damage_taken":7.0},{"damage_healed":0.0,"max_hp_gain":0.0,"max_hp_loss":0.0,"gold_gain":0.0,"cards_transformed":["Strike_R"],"event_name":"Living Wall","player_choice":"Change","floor":5.0,"gold_loss":0.0,"damage_taken":0.0,"cards_obtained":["Spot Weakness"]},{"damage_healed":0.0,"max_hp_gain":5.0,"max_hp_loss":0.0,"gold_gain":0.0,"event_name":"Big Fish","player_choice":"Donut","floor":8.0,"gold_loss":0.0,"damage_taken":0.0},{"damage_healed":0.0,"max_hp_gain":0.0,"max_hp_loss":0.0,"gold_gain":0.0,"event_name":"Golden Idol","player_choice":"Take Damage","floor":10.0,"gold_loss":0.0,"damage_taken":28.0,"relics_obtained":["Golden Idol"]}],"is_beta":false,"boss_relics":[],"items_purged_floors":[],"is_endless":false,"potions_floor_spawned":[1,7],"killed_by":"The Guardian","ascension_level":18}}