{"host":"0ueeacaatm8t6jyh","time":1611133232,"event":{"mods":["AchievementEnabler","BaseMod","Colored Powertips","Minty Spire (QoL Compilation)","Quick Restart","Rare Cards Sparkle","StSLib"],"gold_per_floor":[116,116,135,135,154,180,180,64,64,81,81,131,147,164,164,164,164],"floor_reached":16,"language":"ZHS","playtime":447,"items_purged":[],"score":204,"play_id":"15bac824-ab8e-4ace-a126-ca533cdc8787","local_time":"20210120170032","is_ascension_mode":true,"campfire_choices":[{"data":"Shockwave","floor":7.0,"key":"SMITH"},{"floor":11.0,"key":"REST"},{"floor":15,"key":"REST"}],"circlet_count":0,"master_deck":["AscendersBane","Strike_R","Strike_R","Strike_R","Defend_R","Defend_R","Defend_R","Defend_R","Bash","Hemokinesis","Fire Breathing","Shockwave+1","Cleave","Rupture","Power Through","Corruption","Sword Boomerang","Pommel Strike"],"relics":["Burning Blood","StrikeDummy"],"acts_visited":["Exordium"],"potions_floor_usage":[16],"damage_taken":[{"damage":7.0,"enemies":"Jaw Worm","floor":1.0,"turns":3.0},{"damage":8.0,"enemies":"Cultist","floor":3.0,"turns":3.0},{"damage":4.0,"enemies":"2 Louse","floor":5.0,"turns":2.0},{"damage":42.0,"enemies":"Lagavulin","floor":6.0,"turns":7.0},{"damage":15.0,"enemies":"Red Slaver","floor":10.0,"turns":3.0},{"damage":4,"enemies":"Exordium Wildlife","floor":13,"turns":3},{"damage":6,"enemies":"Large Slime","floor":14,"turns":5},{"damage":54,"enemies":"The Guardian","floor":16,"turns":10}],"seed_played":"4701858130918343667","potions_obtained":[{"floor":5.0,"key":"LiquidMemories"},{"floor":6.0,"key":"Explosive Potion"},{"floor":13,"key":"Block Potion"}],"is_trial":false,"path_per_floor":["M","?","M","?","M","E","R","$","T","M","R","?","M","M","R","B"],"character_chosen":"IRONCLAD","items_purchased":["Rupture","Power Through"],"campfire_rested":2,"item_purchase_floors":[8,8],"current_hp_per_floor":[67,67,65,54,56,20,20,20,20,11,33,26,28,28,50,0,0],"gold":164,"neow_bonus":"REMOVE_CARD","is_daily":false,"chose_seed":false,"campfire_upgraded":1,"win_rate":0.0,"timestamp":1611133232,"path_taken":["M","?","?","?","?","E","R","$","T","M","R","?","?","M","R","BOSS"],"items_purchased_type":["Card","Card"],"build_version":"2020-12-22","purchased_purges":0,"victory":false,"max_hp_per_floor":[75,75,75,75,75,75,75,75,75,75,75,75,75,75,75,75,75],"card_choices":[{"not_picked":["Headbutt","Thunderclap"],"picked":"Hemokinesis","floor":1.0},{"not_picked":["Warcry","Twin Strike"],"picked":"Fire Breathing","floor":3.0},{"not_picked":["Uppercut","Perfected Strike"],"picked":"Shockwave","floor":5.0},{"not_picked":["Flex","Clothesline"],"picked":"Cleave","floor":6.0},{"not_picked":["True Grit","Havoc"],"picked":"Corruption","floor":10.0},{"not_picked":["Flex","Perfected Strike"],"picked":"Sword Boomerang","floor":13},{"not_picked":["Rupture","Clothesline"],"picked":"Pommel Strike","floor":14}],"player_experience":415976,"relics_obtained":[{"floor":6.0,"key":"StrikeDummy"}],"event_choices":[{"cards_removed":["Strike_R"],"damage_healed":0.0,"max_hp_gain":0.0,"max_hp_loss":0.0,"gold_gain":0.0,"event_name":"Bonfire Elementals","player_choice":"Offered Basic","floor":2.0,"gold_loss":0.0,"damage_taken":0.0},{"damage_healed":0.0,"max_hp_gain":0.0,"max_hp_loss":0.0,"gold_gain":0.0,"event_name":"Wheel of Change","player_choice":"Damaged","floor":4.0,"gold_loss":0.0,"damage_taken":11.0},{"damage_healed":0,"gold_gain":50,"player_choice":"Touch","damage_taken":7,"max_hp_gain":0,"max_hp_loss":0,"event_name":"FaceTrader","floor":12,"gold_loss":0}],"is_beta":false,"boss_relics":[],"items_purged_floors":[],"is_endless":false,"potions_floor_spawned":[5,6,13],"killed_by":"The Guardian","ascension_level":20}}