{"host":"uyrebrj0204enqpc","time":1611108365,"event":{"mods":["Act Like it!","Bard","BaseMod","Block Reminder","Challenge The Spire","Colored Map","Colored Powertips","DeckTracker","Downfall","GifTheSpireLib","HexUI Lib","Highlight Path","Hubris","Infinite Spire","Minty Spire (QoL Compilation)","Pale of the Ancients","Quick Restart","Random Character Button","Relic Sorter","Relic Stats","Shop Mod","StSLib","The Blue Laboratory","The Bug Knight","The Cursed","The Jungle","The Marked","Wandering Minibosses"],"gold_per_floor":[113,113,38,38,54,89,89,115,115,146,165,176,189,199,199,297,297,261,261,261,12,12,44,54,54,80,80,91,91,102,172,172,276,276,287,299,174,174,192,225,225,343,367,378,409,409,442,459,459,459,459,459,220,261,261],"floor_reached":56,"language":"ENG","playtime":6016,"items_purged":["theMarked:Defend","theMarked:Strike","theMarked:Defend","theMarked:Defend"],"score":1630,"play_id":"35f11645-9ec1-4270-aebf-e92d56b5725e","local_time":"20210119210605","is_ascension_mode":true,"campfire_choices":[{"data":"theMarked:Generate","floor":7.0,"key":"SMITH"},{"floor":15.0,"key":"REST"},{"floor":25.0,"key":"REST"},{"floor":27.0,"key":"REST"},{"data":"theMarked:Convert","floor":32.0,"key":"SMITH"},{"data":"theMarked:Polarize","floor":41.0,"key":"SMITH"},{"floor":46.0,"key":"RECALL"},{"data":"theMarked:Electrify","floor":49.0,"key":"SMITH"},{"data":"theMarked:Defend","floor":52.0,"key":"SMITH"}],"circlet_count":0,"master_deck":["theMarked:Strike","theMarked:Strike","theMarked:Strike","theMarked:Defend+1","theMarked:SoldierOfQuellstein+1","theMarked:Electrify+1","theMarked:Generate+1","theMarked:ReduceFriction","theMarked:Aftermath","theMarked:Electrify+1","theMarked:SuspiciousRaven","Ghostly","Ghostly","Ghostly","Ghostly","Ghostly","theMarked:Polarize+1","theMarked:Convert+1","theMarked:HeightenedSenses+1","theMarked:TurnInvisible","theMarked:ReduceFriction","theMarked:GodGivenPower","theMarked:Electrocute"],"relics":["theMarked:ArtifactOfAir","Toy Ornithopter","infinitespire:Bottled Soul","MealTicket","Busted Crown","MutagenicStrength","Lee\u0027s Waffle","HornCleat","wanderingMiniBosses:ThiefScarf","Matryoshka","Centennial Puzzle","hubris:Backtick","Singing Bowl","HornCleat","Potion Belt","infinitespire:Lucky Rock","infinitespire:Satchel","hubris:DisguiseKit","Bag of Marbles"],"acts_visited":["Exordium","TheCity","TheBeyond","TheEnding"],"potions_floor_usage":[55,55],"damage_taken":[{"damage":0.0,"enemies":"2 Louse","floor":1.0,"turns":3.0},{"damage":0.0,"enemies":"Cultist","floor":5.0,"turns":3.0},{"damage":25.0,"enemies":"Lagavulin","floor":6.0,"turns":4.0},{"damage":0.0,"enemies":"HollowMod:MossKnight","floor":8.0,"turns":5.0},{"damage":23.0,"enemies":"Gremlin Nob","floor":10.0,"turns":4.0},{"damage":7.0,"enemies":"Jaw Worm","floor":11.0,"turns":2.0},{"damage":3.0,"enemies":"Blue Slaver","floor":12.0,"turns":2.0},{"damage":0.0,"enemies":"Looter","floor":13.0,"turns":2.0},{"damage":0.0,"enemies":"Large Slime","floor":14.0,"turns":2.0},{"damage":17.0,"enemies":"The Guardian","floor":16.0,"turns":5.0},{"damage":13.0,"enemies":"Spheric Guardian","floor":18.0,"turns":5.0},{"damage":32.0,"enemies":"HollowMod:Nosk","floor":23.0,"turns":6.0},{"damage":13.0,"enemies":"3 Byrds","floor":24.0,"turns":4.0},{"damage":10.0,"enemies":"Cultist and Chosen","floor":28.0,"turns":6.0},{"damage":1.0,"enemies":"Shelled Parasite and Fungi","floor":30.0,"turns":3.0},{"damage":3.0,"enemies":"Centurion and Healer","floor":31.0,"turns":5.0},{"damage":0.0,"enemies":"Automaton","floor":33.0,"turns":6.0},{"damage":11.0,"enemies":"3 Shapes","floor":35.0,"turns":6.0},{"damage":1.0,"enemies":"Orb Walker","floor":36.0,"turns":4.0},{"damage":1.0,"enemies":"Maw","floor":39.0,"turns":5.0},{"damage":7.0,"enemies":"Reptomancer","floor":40.0,"turns":5.0},{"damage":0.0,"enemies":"Writhing Mass","floor":42.0,"turns":6.0},{"damage":2.0,"enemies":"Sphere and 2 Shapes","floor":44.0,"turns":4.0},{"damage":3.0,"enemies":"HollowMod:StalkingDevout","floor":45.0,"turns":5.0},{"damage":0.0,"enemies":"Nemesis","floor":47.0,"turns":7.0},{"damage":2.0,"enemies":"Jaw Worm Horde","floor":48.0,"turns":4.0},{"damage":0.0,"enemies":"Donu and Deca","floor":50.0,"turns":5.0},{"damage":33,"enemies":"Shield and Spear","floor":54,"turns":6},{"damage":17,"enemies":"The Heart","floor":55,"turns":6}],"seed_played":"-7772259536104012282","potions_obtained":[{"floor":5.0,"key":"champ:CounterPotion"},{"floor":6.0,"key":"FearPotion"},{"floor":11.0,"key":"Strength Potion"},{"floor":13.0,"key":"sneckomod:MuddlingPotion"},{"floor":16.0,"key":"SkillPotion"},{"floor":18.0,"key":"Strength Potion"},{"floor":24.0,"key":"SpeedPotion"},{"floor":33.0,"key":"EssenceOfSteel"},{"floor":35.0,"key":"Fire Potion"},{"floor":40.0,"key":"theMarked:ChargePotion"},{"floor":45.0,"key":"blueLaboratory:StoneskinPotion"},{"floor":48.0,"key":"blueLaboratory:Moonshine"}],"is_trial":false,"path_per_floor":["M","?","$","?","M","E","R","E","T","E","M","M","M","M","R","B",null,"M","?","?","$","?","E","M","R","T","R","M","AVR","M","M","R","B",null,"M","M","$","?","M","E","R","M","T","M","E","R","E","M","R","B",null,"R","$","E","B",null],"character_chosen":"THE_DEFAULT","items_purchased":["Lee\u0027s Waffle","Block Potion","theMarked:GodGivenPower","theMarked:Electrocute","blueLaboratory:BottleOfVodka"],"campfire_rested":3,"item_purchase_floors":[21,53,53,53,53],"current_hp_per_floor":[70,70,70,70,70,45,45,45,45,22,15,12,12,12,33,26,70,62,35,35,42,42,10,2,14,14,26,16,16,15,12,12,12,42,31,32,44,44,45,40,40,42,42,42,41,41,48,46,46,51,56,56,56,25,18],"gold":261,"neow_bonus":"UPGRADE_CARD","is_daily":false,"chose_seed":false,"campfire_upgraded":5,"win_rate":0.0,"timestamp":1611108365,"path_taken":["M","?","?","?","M","E","R","E","T","E","M","?","M","M","R","BOSS","M","?","?","?","?","E","M","R","T","R","M","AVR","M","M","R","BOSS","M","M","$","?","M","E","R","M","T","M","E","R","E","M","R","BOSS","R","$","E","BOSS"],"items_purchased_type":["Relic","Potion","Card","Card","Potion"],"build_version":"2020-12-22","purchased_purges":4,"victory":true,"max_hp_per_floor":[70,70,70,70,70,70,70,70,70,70,70,70,70,70,70,70,70,70,35,35,42,42,42,42,42,42,42,42,42,42,42,42,42,42,42,44,44,44,46,48,48,50,50,52,54,54,56,56,56,56,56,56,56,58,58],"relic_stats":{"Lee\u0027s Waffle":7,"Centennial Puzzle":[36],"Busted Crown":44,"Singing Bowl":16,"counters":[29,130],"MealTicket":12,"obtain_stats":[{"Regal Pillow":55,"Singing Bowl":34,"Gremlin Horn":39,"Boot":50,"theMarked:KettuFlask":36,"Centennial Puzzle":23,"Matryoshka":9,"HornCleat":29,"hubris:Backtick":34,"TheAbacus":50,"infinitespire:Bottled Soul":8,"Pantograph":48,"Toolbox":35,"MealTicket":10,"hubris:DeckOfHolding":39,"Chemical X":44,"HollowMod:PaleOreRelic":47,"infinitespire:Eraser":40,"InkBottle":40,"Potion Belt":43,"hubris:MobiusCoin":42,"hubris:DisguiseKit":47,"Lee\u0027s Waffle":21,"HollowMod:LifeEnderRelic":42,"wanderingMiniBosses:ThiefScarf":31,"PreservedInsect":33,"infinitespire:Lucky Rock":43,"infinitespire:CheckeredPen":45,"Question Card":54,"theMarked:ArtifactOfAir":0,"CaptainsWheel":33,"Busted Crown":17,"MutagenicStrength":20,"infinitespire:Satchel":45,"hubris:PeanutButter":35,"Bag of Marbles":54,"StrikeDummy":47,"Toy Ornithopter":6,"hubris:OldNail":36,"infinitespire:Midas Blood":54},{"Regal Pillow":28,"Singing Bowl":17,"Gremlin Horn":19,"Boot":26,"theMarked:KettuFlask":18,"Centennial Puzzle":12,"Matryoshka":4,"HornCleat":14,"hubris:Backtick":17,"TheAbacus":26,"infinitespire:Bottled Soul":4,"Pantograph":25,"Toolbox":17,"MealTicket":5,"hubris:DeckOfHolding":19,"Chemical X":22,"HollowMod:PaleOreRelic":24,"infinitespire:Eraser":20,"InkBottle":20,"Potion Belt":22,"hubris:MobiusCoin":21,"hubris:DisguiseKit":25,"Lee\u0027s Waffle":11,"HollowMod:LifeEnderRelic":21,"wanderingMiniBosses:ThiefScarf":16,"PreservedInsect":16,"infinitespire:Lucky Rock":22,"infinitespire:CheckeredPen":23,"Question Card":27,"theMarked:ArtifactOfAir":0,"CaptainsWheel":16,"Busted Crown":10,"MutagenicStrength":11,"infinitespire:Satchel":24,"hubris:PeanutButter":17,"Bag of Marbles":28,"StrikeDummy":24,"Toy Ornithopter":3,"hubris:OldNail":18,"infinitespire:Midas Blood":27},{"Regal Pillow":124,"Singing Bowl":67,"Gremlin Horn":77,"Boot":113,"theMarked:KettuFlask":73,"Centennial Puzzle":43,"Matryoshka":15,"HornCleat":53,"hubris:Backtick":67,"TheAbacus":113,"infinitespire:Bottled Soul":15,"Pantograph":109,"Toolbox":67,"MealTicket":19,"hubris:DeckOfHolding":77,"Chemical X":93,"HollowMod:PaleOreRelic":102,"infinitespire:Eraser":82,"InkBottle":82,"Potion Belt":93,"hubris:MobiusCoin":87,"hubris:DisguiseKit":109,"Lee\u0027s Waffle":37,"HollowMod:LifeEnderRelic":87,"wanderingMiniBosses:ThiefScarf":61,"PreservedInsect":61,"infinitespire:Lucky Rock":93,"infinitespire:CheckeredPen":97,"Question Card":118,"theMarked:ArtifactOfAir":0,"CaptainsWheel":61,"Busted Crown":32,"MutagenicStrength":37,"infinitespire:Satchel":102,"hubris:PeanutButter":67,"Bag of Marbles":124,"StrikeDummy":102,"Toy Ornithopter":10,"hubris:OldNail":73,"infinitespire:Midas Blood":118}],"Toy Ornithopter":40},"card_choices":[{"not_picked":["theMarked:Aftermath","theMarked:TwofoldDefense"],"picked":"theMarked:Electrify","floor":1.0},{"not_picked":["theMarked:Opportunist","theMarked:SwordAndMagic","theMarked:Improvise"],"picked":"SKIP","floor":5.0},{"not_picked":["theMarked:RepellingDischarge","theMarked:SelfDefenseTraining","theMarked:ElectricStrings"],"picked":"SKIP","floor":6.0},{"not_picked":["theMarked:Aftermath","theMarked:Improvise","theMarked:MysticalArsenal"],"picked":"SKIP","floor":8.0},{"not_picked":["theMarked:Frustration","theMarked:MysticalArsenal"],"picked":"theMarked:ReduceFriction","floor":10.0},{"not_picked":["theMarked:Parkour","theMarked:ResourceFulStrike","theMarked:ElectricStrings"],"picked":"SKIP","floor":11.0},{"not_picked":["theMarked:Snap","theMarked:Static"],"picked":"theMarked:Aftermath","floor":12.0},{"not_picked":["theMarked:Parkour","theMarked:ResourceFulStrike"],"picked":"theMarked:Electrify","floor":13.0},{"not_picked":["theMarked:ChainLightning","theMarked:Aftermath","theMarked:Indomitable"],"picked":"SKIP","floor":14.0},{"not_picked":["theMarked:UnarmedFury","theMarked:ThrowWeapon"],"picked":"theMarked:SuspiciousRaven","floor":16.0},{"not_picked":["theMarked:RepellingDischarge"],"picked":"SKIP","floor":18.0},{"not_picked":["theMarked:ParalyzingBlade"],"picked":"SKIP","floor":23.0},{"not_picked":["theMarked:ParalyzingBlade"],"picked":"SKIP","floor":24.0},{"not_picked":[],"picked":"theMarked:Convert","floor":28.0},{"not_picked":["theMarked:BanishingStrike"],"picked":"SKIP","floor":30.0},{"not_picked":["theMarked:Aftermath"],"picked":"SKIP","floor":31.0},{"not_picked":[],"picked":"theMarked:HeightenedSenses+1","floor":35.0},{"not_picked":["theMarked:Parkour"],"picked":"Singing Bowl","floor":36.0},{"not_picked":["theMarked:RepellingDischarge"],"picked":"Singing Bowl","floor":39.0},{"not_picked":["theMarked:DeterminationOfTheMarked"],"picked":"Singing Bowl","floor":40.0},{"not_picked":["theMarked:ResourceFulStrike"],"picked":"Singing Bowl","floor":42.0},{"not_picked":["theMarked:Aftermath+1"],"picked":"Singing Bowl","floor":44.0},{"not_picked":["theMarked:ElectricStrings"],"picked":"Singing Bowl","floor":45.0},{"not_picked":["theMarked:ChainLightning+1"],"picked":"Singing Bowl","floor":47.0},{"not_picked":["Guardian:WalkerClaw"],"picked":"theMarked:ReduceFriction","floor":48.0},{"not_picked":["theMarked:Parkour+1","Guardian:Gem_Cyan"],"picked":"Singing Bowl","floor":54}],"player_experience":1072434,"relics_obtained":[{"floor":6.0,"key":"Toy Ornithopter"},{"floor":8.0,"key":"infinitespire:Bottled Soul"},{"floor":9.0,"key":"Matryoshka"},{"floor":10.0,"key":"MealTicket"},{"floor":23.0,"key":"Centennial Puzzle"},{"floor":31.0,"key":"wanderingMiniBosses:ThiefScarf"},{"floor":31.0,"key":"Matryoshka"},{"floor":31.0,"key":"Centennial Puzzle"},{"floor":40.0,"key":"HornCleat"},{"floor":43.0,"key":"Potion Belt"},{"floor":43.0,"key":"infinitespire:Lucky Rock"},{"floor":45.0,"key":"infinitespire:Satchel"},{"floor":47.0,"key":"hubris:DisguiseKit"},{"floor":54,"key":"Bag of Marbles"}],"event_choices":[{"damage_healed":0.0,"max_hp_gain":0.0,"max_hp_loss":0.0,"gold_gain":0.0,"cards_transformed":["theMarked:Strike"],"event_name":"Living Wall","player_choice":"Change","floor":4.0,"gold_loss":0.0,"damage_taken":0.0,"cards_obtained":["theMarked:Generate"]},{"damage_healed":0.0,"max_hp_gain":0.0,"max_hp_loss":35.0,"gold_gain":0.0,"event_name":"Ghosts","player_choice":"Became a Ghost","floor":19.0,"gold_loss":0.0,"damage_taken":0.0,"cards_obtained":["Ghostly","Ghostly","Ghostly","Ghostly","Ghostly"]},{"damage_healed":0.0,"max_hp_gain":0.0,"max_hp_loss":0.0,"gold_gain":0.0,"event_name":"Drug Dealer","player_choice":"Inject Mutagens","floor":20.0,"gold_loss":0.0,"damage_taken":0.0,"relics_obtained":["MutagenicStrength"]},{"damage_healed":0.0,"max_hp_gain":0.0,"max_hp_loss":0.0,"gold_gain":0.0,"event_name":"The Library","player_choice":"Read","floor":22.0,"gold_loss":0.0,"damage_taken":0.0,"cards_obtained":["theMarked:Polarize"]},{"damage_healed":0.0,"max_hp_gain":0.0,"max_hp_loss":0.0,"gold_gain":0.0,"event_name":"Match and Keep!","player_choice":"1 cards matched","floor":38.0,"gold_loss":0.0,"damage_taken":0.0,"cards_obtained":["theMarked:TurnInvisible"]}],"is_beta":false,"boss_relics":[{"not_picked":["Runic Pyramid","Coffee Dripper"],"picked":"Busted Crown"},{"not_picked":["SlaversCollar","Velvet Choker"],"picked":"hubris:Backtick"}],"items_purged_floors":[3,21,29,37],"is_endless":false,"potions_floor_spawned":[5,6,11,13,16,18,24,33,35,40,42,45,48],"ascension_level":4}}