{"host":"dzc8cchcquikqbpv","time":1611163659,"event":{"mods":["BaseMod","BetterRewards","Colored Map","Colored Powertips","Dark Map","Downfall","Fox Events","Good Game Mod","Highlight Path","Infinite Spire","Minty Spire (QoL Compilation)","Permanent Neow","Shop Mod","StSLib"],"gold_per_floor":[116,126,126,126,4,30,45,117,117,130,305,305,305,319,319,424,424,424,444,455,472,472,472],"floor_reached":22,"language":"ENG","playtime":1385,"items_purged":[],"score":188,"play_id":"1862be83-5d67-41a1-8202-82399b74183b","local_time":"20210120172739","is_ascension_mode":false,"campfire_choices":[{"data":"Zap","floor":12.0,"key":"SMITH"},{"floor":15.0,"key":"REST"}],"circlet_count":0,"master_deck":["Strike_B","Strike_B","Defend_B","Defend_B","Defend_B","Zap+1","Dualcast","Guardian:DecasProtection","Core Surge","Creative AI+1","Rebound","Auto Shields","Doom and Gloom","Coolheaded","Conserve Battery","Glacier","Barrage","Doubt","Decay","Biased Cognition","Static Discharge","White Noise"],"relics":["Cracked Core","REME:ComplimentaryCards","StoneCalendar","Sundial","Runic Pyramid"],"acts_visited":["Exordium","TheCity"],"potions_floor_usage":[21,22],"damage_taken":[{"damage":1.0,"enemies":"2 Louse","floor":1.0,"turns":2.0},{"damage":6.0,"enemies":"Cultist","floor":2.0,"turns":3.0},{"damage":23.0,"enemies":"3 Sentries","floor":6.0,"turns":10.0},{"damage":0.0,"enemies":"Small Slimes","floor":7.0,"turns":2.0},{"damage":5.0,"enemies":"3 Louse","floor":10.0,"turns":4.0},{"damage":5.0,"enemies":"Large Slime","floor":14.0,"turns":7.0},{"damage":23.0,"enemies":"Slime Boss","floor":16.0,"turns":7.0},{"damage":0.0,"enemies":"Shell Parasite","floor":18.0,"turns":4.0},{"damage":24.0,"enemies":"3 Byrds","floor":19.0,"turns":7.0},{"damage":11.0,"enemies":"Shelled Parasite and Fungi","floor":20.0,"turns":7.0},{"damage":6,"enemies":"Snake Plant","floor":21,"turns":5},{"damage":31,"enemies":"3 Cultists","floor":22,"turns":4}],"seed_played":"2173930036215382753","potions_obtained":[{"floor":1.0,"key":"AttackPotion"},{"floor":2.0,"key":"hexamod:SoulburnPotion"},{"floor":6.0,"key":"hexamod:SoulburnPotion"},{"floor":14.0,"key":"SmokeBomb"},{"floor":20,"key":"Block Potion"},{"floor":21,"key":"Strength Potion"}],"is_trial":false,"path_per_floor":["M","M","?","?","$","E","M","?","T","M","?","R","?","M","R","B",null,"M","M","M","M","M"],"character_chosen":"DEFECT","items_purchased":["Doom and Gloom","Coolheaded"],"campfire_rested":1,"item_purchase_floors":[5,5],"current_hp_per_floor":[67,61,61,61,61,38,38,38,38,33,33,33,33,28,48,25,68,68,44,33,27,0,0],"gold":472,"neow_bonus":"TRANSFORM_TWO_CARDS","is_daily":false,"chose_seed":false,"campfire_upgraded":1,"win_rate":0.0,"timestamp":1611163659,"path_taken":["M","M","?","?","$","E","?","?","T","M","?","R","?","M","R","BOSS","M","M","?","M","?"],"items_purchased_type":["Card","Card"],"build_version":"2020-12-22","purchased_purges":0,"victory":false,"max_hp_per_floor":[68,68,68,68,68,68,68,68,68,68,68,68,68,68,68,68,68,68,68,68,68,68,68],"card_choices":[{"not_picked":["Compile Driver","Beam Cell"],"picked":"Rebound","floor":1.0},{"not_picked":["Turbo","Redo"],"picked":"Auto Shields","floor":2.0},{"not_picked":["Chill","Stack"],"picked":"Conserve Battery","floor":6.0},{"not_picked":["Coolheaded","Skim"],"picked":"Glacier","floor":7.0},{"not_picked":["Melter","Sweeping Beam"],"picked":"Barrage","floor":10.0},{"not_picked":["Gash","Genetic Algorithm","Compile Driver"],"picked":"SKIP","floor":14.0},{"not_picked":["Hyperbeam","Reboot"],"picked":"Biased Cognition","floor":16.0},{"not_picked":["Go for the Eyes","Steam"],"picked":"Static Discharge","floor":19.0},{"not_picked":["Ball Lightning+1","Go for the Eyes+1"],"picked":"White Noise","floor":20},{"not_picked":["Beam Cell","Reinforced Body","Compile Driver"],"picked":"SKIP","floor":21}],"player_experience":26432,"relics_obtained":[{"floor":6.0,"key":"StoneCalendar"},{"floor":9.0,"key":"Sundial"}],"event_choices":[{"damage_healed":0.0,"max_hp_gain":0.0,"max_hp_loss":0.0,"gold_gain":0.0,"event_name":"Living Wall","player_choice":"Grow","floor":3.0,"gold_loss":0.0,"damage_taken":0.0,"cards_upgraded":["Creative AI"]},{"cards_removed":["Strike_B"],"damage_healed":0.0,"max_hp_gain":0.0,"max_hp_loss":0.0,"gold_gain":0.0,"event_name":"Purifier","player_choice":"Purged","floor":4.0,"gold_loss":0.0,"damage_taken":0.0},{"damage_healed":0.0,"max_hp_gain":0.0,"max_hp_loss":0.0,"gold_gain":72.0,"event_name":"Golden Wing","player_choice":"Gained Gold","floor":8.0,"gold_loss":0.0,"damage_taken":0.0},{"damage_healed":0.0,"max_hp_gain":0.0,"max_hp_loss":0.0,"gold_gain":175.0,"event_name":"Liars Game","player_choice":"AGREE","floor":11.0,"gold_loss":0.0,"damage_taken":0.0,"cards_obtained":["Doubt"]},{"damage_healed":0.0,"max_hp_gain":0.0,"max_hp_loss":0.0,"gold_gain":0.0,"event_name":"Wheel of Change","player_choice":"Cursed","floor":13.0,"gold_loss":0.0,"damage_taken":0.0,"cards_obtained":["Decay"]}],"is_beta":false,"boss_relics":[{"not_picked":["Fusion Hammer","Velvet Choker"],"picked":"Runic Pyramid"}],"items_purged_floors":[],"is_endless":false,"potions_floor_spawned":[1,2,6,14,18,20,21],"killed_by":"3 Cultists","ascension_level":0}}