{"host":"nbmmy2ys5j9alw05","time":1611106201,"event":{"mods":["AchievementEnabler","BaseMod","Bestiary","Better Vampires","Colored Map","Colored Powertips","Googly Eyes","Minty Spire (QoL Compilation)","Quick Restart","StSLib","The Hierophant","The IronCluck","everything is the same but u backflip on backflip"],"gold_per_floor":[113,131,145,220,232,232,263,263,288,45,45,45,73,85,85,182,182,201,201,214,214,214,214],"floor_reached":22,"language":"ENG","playtime":821,"items_purged":["Strike_G"],"score":291,"play_id":"e59c0b96-c7f2-489a-add3-121dd87b4727","local_time":"20210119173001","is_ascension_mode":true,"campfire_choices":[{"data":"Envenom","floor":6,"key":"SMITH"},{"floor":11,"key":"REST"},{"data":"Catalyst","floor":15,"key":"SMITH"}],"circlet_count":0,"master_deck":["AscendersBane","Strike_G","Strike_G","Strike_G","Strike_G","Defend_G","Defend_G","Defend_G","Defend_G","Defend_G","Survivor","Neutralize","Cloak And Dagger","Dagger Throw","Envenom+1","Blade Dance","Bane","Catalyst+1","Noxious Fumes","Glass Knife","Finisher","Deadly Poison+1"],"relics":["Ring of the Serpent","Bag of Preparation","Smiling Mask","Akabeko","Regal Pillow"],"acts_visited":["Exordium","TheCity"],"potions_floor_usage":[7,7,13,14,16,22],"damage_taken":[{"damage":0,"enemies":"2 Louse","floor":1,"turns":5},{"damage":1,"enemies":"Cultist","floor":2,"turns":5},{"damage":0,"enemies":"Small Slimes","floor":3,"turns":3},{"damage":3,"enemies":"3 Louse","floor":5,"turns":5},{"damage":30,"enemies":"Gremlin Nob","floor":7,"turns":4},{"damage":6,"enemies":"Lagavulin","floor":13,"turns":4},{"damage":3,"enemies":"Looter","floor":14,"turns":3},{"damage":18,"enemies":"Hexaghost","floor":16,"turns":6},{"damage":14,"enemies":"Shell Parasite","floor":18,"turns":5},{"damage":11,"enemies":"3 Byrds","floor":20,"turns":5},{"damage":25,"enemies":"Shelled Parasite and Fungi","floor":22,"turns":3}],"seed_played":"-1484623524009920709","potions_obtained":[{"floor":0,"key":"Dexterity Potion"},{"floor":0,"key":"Regen Potion"},{"floor":0,"key":"LiquidMemories"},{"floor":3,"key":"Fire Potion"},{"floor":7,"key":"GhostInAJar"},{"floor":14,"key":"ColorlessPotion"},{"floor":16,"key":"Strength Potion"}],"is_trial":false,"path_per_floor":["M","M","M","?","M","R","E","?","T","$","R","?","E","M","R","B",null,"M","?","M","?","M"],"character_chosen":"THE_SILENT","items_purchased":["Catalyst","Akabeko"],"campfire_rested":1,"item_purchase_floors":[10,10],"current_hp_per_floor":[63,62,62,55,52,52,34,34,34,34,55,55,49,46,46,28,60,46,46,35,22,0,0],"gold":214,"neow_bonus":"THREE_SMALL_POTIONS","is_daily":false,"chose_seed":false,"campfire_upgraded":2,"win_rate":0.0,"timestamp":1611106201,"path_taken":["M","M","M","?","?","R","E","?","T","$","R","?","E","M","R","BOSS","M","?","M","?","M"],"items_purchased_type":["Card","Relic"],"build_version":"2020-12-22","purchased_purges":1,"victory":false,"max_hp_per_floor":[70,70,70,70,70,70,70,70,70,70,70,70,70,70,70,70,70,70,70,70,75,75,75],"card_choices":[{"not_picked":["Reflex","PiercingWail"],"picked":"Cloak And Dagger","floor":1},{"not_picked":["Underhanded Strike","Poisoned Stab"],"picked":"Dagger Throw","floor":2},{"not_picked":["Blade Dance","Quick Slash"],"picked":"Envenom","floor":3},{"not_picked":["Slice","Underhanded Strike"],"picked":"Blade Dance","floor":5},{"not_picked":["Cloak And Dagger","Deadly Poison"],"picked":"Bane","floor":7},{"not_picked":["Bullet Time","All Out Attack","Sucker Punch"],"picked":"SKIP","floor":13},{"not_picked":["Prepared","Outmaneuver"],"picked":"Noxious Fumes","floor":14},{"not_picked":["Wraith Form v2","Die Die Die"],"picked":"Glass Knife","floor":16},{"not_picked":["Skewer","Cloak And Dagger"],"picked":"Finisher","floor":18},{"not_picked":["Slice","Concentrate"],"picked":"Deadly Poison+1","floor":20}],"player_experience":478311,"relics_obtained":[{"floor":7,"key":"Bag of Preparation"},{"floor":9,"key":"Smiling Mask"},{"floor":13,"key":"Regal Pillow"}],"event_choices":[{"damage_healed":0,"gold_gain":75,"player_choice":"Touch","damage_taken":7,"max_hp_gain":0,"max_hp_loss":0,"event_name":"FaceTrader","floor":4,"gold_loss":0},{"damage_healed":0,"gold_gain":0,"player_choice":"Ignored","damage_taken":0,"max_hp_gain":0,"max_hp_loss":0,"event_name":"Liars Game","floor":8,"gold_loss":0},{"damage_healed":0,"gold_gain":0,"player_choice":"Ignored","damage_taken":0,"max_hp_gain":0,"max_hp_loss":0,"event_name":"Golden Idol","floor":12,"gold_loss":0},{"damage_healed":0,"gold_gain":0,"player_choice":"Ignored","damage_taken":0,"max_hp_gain":0,"max_hp_loss":0,"event_name":"Cursed Tome","floor":19,"gold_loss":0},{"damage_healed":0,"gold_gain":0,"player_choice":"Shed Blood","damage_taken":18,"max_hp_gain":5,"max_hp_loss":0,"event_name":"Forgotten Altar","floor":21,"gold_loss":0}],"is_beta":false,"boss_relics":[{"not_picked":["Fusion Hammer","HoveringKite"],"picked":"Ring of the Serpent"}],"items_purged_floors":[10],"is_endless":false,"potions_floor_spawned":[1,3,7,14,16],"killed_by":"Shelled Parasite and Fungi","ascension_level":10}}