{"host":"yuhy0i501zzmn1iz","time":1611167116,"event":{"mods":["AchievementEnabler","AlwaysNeverKeys","BaseMod","Bestiary","Better Match","Better Third Choice","Curses Come First","Downfall","Minty Spire (QoL Compilation)","StSLib","slay the spire mod where everything is the same but ironclad has a cowboy hat"],"gold_per_floor":[114,189,189,206,225,260,17,17,98,118,118,152,152,186,186,290,290,300,311,326,326,326],"floor_reached":21,"language":"ENG","playtime":722,"items_purged":[],"score":229,"play_id":"3a4ae7eb-1b64-48b9-8356-5e045812caea","local_time":"20210120132516","is_ascension_mode":true,"campfire_choices":[{"floor":8,"key":"REST"},{"data":"Thunder Strike","floor":11,"key":"SMITH"},{"data":"Zap","floor":13,"key":"SMITH"},{"floor":15,"key":"REST"}],"circlet_count":0,"master_deck":["Strike_B","Strike_B","Strike_B","Defend_B","Defend_B","Defend_B","Defend_B","Zap+1","Dualcast","Thunder Strike+1","Sunder","Ball Lightning","Lockon","Capacitor","Lockon","Barrage","Echo Form","Conserve Battery","Fusion","Sweeping Beam"],"relics":["Cracked Core","PreservedInsect","Darkstone Periapt","Sundial","Omamori","Smiling Mask","Nuclear Battery"],"acts_visited":["Exordium","TheCity"],"potions_floor_usage":[6],"damage_taken":[{"damage":0,"enemies":"2 Louse","floor":1,"turns":2},{"damage":0,"enemies":"Cultist","floor":4,"turns":2},{"damage":0,"enemies":"Small Slimes","floor":5,"turns":3},{"damage":30,"enemies":"Lagavulin","floor":6,"turns":5},{"damage":8,"enemies":"Blue Slaver","floor":10,"turns":3},{"damage":10,"enemies":"Gremlin Nob","floor":12,"turns":3},{"damage":15,"enemies":"3 Sentries","floor":14,"turns":4},{"damage":43,"enemies":"Hexaghost","floor":16,"turns":9},{"damage":7,"enemies":"Chosen","floor":18,"turns":4},{"damage":11,"enemies":"Spheric Guardian","floor":19,"turns":3},{"damage":54,"enemies":"Shelled Parasite and Fungi","floor":20,"turns":7},{"damage":11,"enemies":"Sentry and Sphere","floor":21,"turns":2}],"seed_played":"-6938581255050748612","potions_obtained":[{"floor":1,"key":"SkillPotion"},{"floor":4,"key":"CultistPotion"},{"floor":20,"key":"bronze:BurnAndBuffPotion"}],"is_trial":false,"path_per_floor":["M","?","?","M","M","E","$","R","T","M","R","E","R","E","R","B",null,"M","M","M","M"],"character_chosen":"DEFECT","items_purchased":["Darkstone Periapt"],"campfire_rested":2,"item_purchase_floors":[7],"current_hp_per_floor":[75,64,64,64,64,34,34,56,56,48,48,38,38,23,45,2,75,68,57,3,0,0],"gold":326,"neow_bonus":"ONE_RANDOM_RARE_CARD","is_daily":false,"chose_seed":false,"campfire_upgraded":2,"win_rate":0.0,"timestamp":1611167116,"path_taken":["M","?","?","?","M","E","?","R","T","M","R","E","R","E","R","BOSS","M","?","M","?"],"items_purchased_type":["Relic"],"build_version":"2020-12-22","purchased_purges":0,"victory":false,"max_hp_per_floor":[75,75,75,75,75,75,75,75,75,75,75,75,75,75,75,75,75,75,75,75,75,75],"card_choices":[{"not_picked":["Beam Cell","Sweeping Beam"],"picked":"Sunder","floor":1},{"not_picked":["Steam","Sweeping Beam"],"picked":"Ball Lightning","floor":4},{"not_picked":["Aggregate","Compile Driver","Cold Snap"],"picked":"SKIP","floor":5},{"not_picked":["Consume","White Noise"],"picked":"Lockon","floor":6},{"not_picked":["Gash","Streamline"],"picked":"Capacitor","floor":10},{"not_picked":["Turbo","Leap"],"picked":"Lockon","floor":12},{"not_picked":["Beam Cell","Sweeping Beam"],"picked":"Barrage","floor":14},{"not_picked":["Biased Cognition","Machine Learning"],"picked":"Echo Form","floor":16},{"not_picked":["Streamline+1","Undo"],"picked":"Conserve Battery","floor":18},{"not_picked":["Chaos+1","Cold Snap"],"picked":"Fusion","floor":19},{"not_picked":["Chaos","Aggregate+1"],"picked":"Sweeping Beam","floor":20}],"player_experience":315006,"relics_obtained":[{"floor":6,"key":"PreservedInsect"},{"floor":9,"key":"Sundial"},{"floor":12,"key":"Omamori"},{"floor":14,"key":"Smiling Mask"}],"event_choices":[{"damage_healed":0,"gold_gain":75,"player_choice":"Gold","damage_taken":11,"max_hp_gain":0,"max_hp_loss":0,"event_name":"betterThird:BetterGoop","floor":2,"gold_loss":0},{"cards_removed":["Strike_B"],"damage_healed":0,"gold_gain":0,"player_choice":"Purged","damage_taken":0,"max_hp_gain":0,"max_hp_loss":0,"event_name":"Purifier","floor":3,"gold_loss":0}],"is_beta":false,"boss_relics":[{"not_picked":["Pandora\u0027s Box","Tiny House"],"picked":"Nuclear Battery"}],"items_purged_floors":[],"is_endless":false,"potions_floor_spawned":[1,4,20],"killed_by":"Sentry and Sphere","ascension_level":3}}