{"host":"fkig9nrckec4xsh0","time":1611180458,"event":{"mods":["BaseMod","Colored Map","Minty Spire (QoL Compilation)","Quick Restart","Replay The Spire","StSLib"],"gold_per_floor":[119,7,7,7,7,26,52,69,69,97,97,108,138,149,149,149,149],"floor_reached":16,"language":"ENG","playtime":572,"items_purged":["Defend_R"],"score":270,"play_id":"e452b6ed-5ccb-411c-9af9-cf2a17313708","local_time":"20210120170738","is_ascension_mode":true,"campfire_choices":[{"floor":11,"key":"REST"},{"data":"Anger","floor":15,"key":"SMITH"}],"circlet_count":0,"master_deck":["AscendersBane","Strike_R","Strike_R","Strike_R","Strike_R","Strike_R","Defend_R","Defend_R+1","Defend_R","Anger+1","Clash","Clash+1","Survivor","Neutralize","Ghostly Armor","Warcry","Shrug It Off","Pommel Strike","Clash","Corruption"],"relics":["Burning Blood","NeowsBlessing","Ornamental Fan","Bottled Flame","InkBottle","Blue Doll","Odd Mushroom"],"acts_visited":["Exordium"],"potions_floor_usage":[10,16],"damage_taken":[{"damage":0,"enemies":"Cultist","floor":1,"turns":1},{"damage":0,"enemies":"2 Louse","floor":6,"turns":1},{"damage":0,"enemies":"Gremlin Nob","floor":7,"turns":1},{"damage":5,"enemies":"Jaw Worm","floor":8,"turns":4},{"damage":13,"enemies":"3 Sentries","floor":10,"turns":9},{"damage":0,"enemies":"2 Fungi Beasts","floor":12,"turns":3},{"damage":8,"enemies":"The Mushroom Lair","floor":13,"turns":4},{"damage":0,"enemies":"Blue Slaver","floor":14,"turns":3},{"damage":46,"enemies":"The Guardian","floor":16,"turns":7}],"seed_played":"7231701296322161944","potions_obtained":[{"floor":6,"key":"Swift Potion"},{"floor":8,"key":"LiquidMemories"},{"floor":14,"key":"Doom Potion"}],"is_trial":false,"path_per_floor":["M","$","?","?","?","M","E","M","T","E","R","M","?","M","R","B"],"character_chosen":"IRONCLAD","items_purchased":["Clash"],"campfire_rested":1,"item_purchase_floors":[2],"current_hp_per_floor":[74,74,51,51,6,12,18,19,19,12,34,40,38,44,44,0,0],"gold":149,"neow_bonus":"THREE_ENEMY_KILL","is_daily":false,"chose_seed":false,"campfire_upgraded":1,"win_rate":0.0,"timestamp":1611180458,"path_taken":["M","?","?","?","?","M","E","?","T","E","R","M","?","M","R","BOSS"],"items_purchased_type":["Card"],"build_version":"2020-12-22","purchased_purges":1,"victory":false,"max_hp_per_floor":[75,75,75,75,75,75,75,75,75,75,75,75,75,75,75,75,75],"card_choices":[{"not_picked":["Armaments","Wild Strike"],"picked":"Anger","floor":1},{"not_picked":["Flame Barrier","ReplayTheSpireMod:LeadingStrike"],"picked":"Ghostly Armor","floor":6},{"not_picked":["Headbutt","ReplayTheSpireMod:Corrosion Curse","Blood for Blood"],"picked":"SKIP","floor":7},{"not_picked":["Shockwave","Headbutt"],"picked":"Warcry","floor":8},{"not_picked":["Rupture","Entrench"],"picked":"Shrug It Off","floor":10},{"not_picked":["True Grit","Intimidate"],"picked":"Pommel Strike","floor":12},{"not_picked":["Twin Strike","Run Through"],"picked":"Clash","floor":13},{"not_picked":["Perfected Strike","Hemokinesis"],"picked":"Corruption","floor":14}],"player_experience":372551,"relics_obtained":[{"floor":7,"key":"Bottled Flame"},{"floor":9,"key":"InkBottle"},{"floor":10,"key":"Blue Doll"},{"floor":13,"key":"Odd Mushroom"}],"event_choices":[{"damage_healed":0,"gold_gain":0,"player_choice":"Entered Light","damage_taken":23,"max_hp_gain":0,"max_hp_loss":0,"event_name":"Shining Light","floor":3,"gold_loss":0,"cards_upgraded":["Defend_R","Clash"]},{"damage_healed":0,"gold_gain":0,"player_choice":"Success","damage_taken":45,"relics_obtained":["Ornamental Fan"],"max_hp_gain":0,"max_hp_loss":0,"event_name":"Scrap Ooze","floor":5,"gold_loss":0},{"damage_healed":0,"gold_gain":0,"player_choice":"Fought Mushrooms","damage_taken":0,"max_hp_gain":0,"max_hp_loss":0,"event_name":"Mushrooms","floor":13,"gold_loss":0}],"is_beta":false,"boss_relics":[],"items_purged_floors":[2],"is_endless":false,"potions_floor_spawned":[6,8,14],"killed_by":"The Guardian","ascension_level":20}}