{"host":"skr63qsdfgeey3it","time":1611128251,"event":{"mods":["BaseMod","Colored Map","Hubris","Minty Spire (QoL Compilation)","Replay The Spire","Spicy Shops","StSLib"],"gold_per_floor":[114,114,114,34,34,34,34,34,34,106,106,180,180,215,215,318,318,328,64,128,53,68,68],"floor_reached":22,"language":"ENG","playtime":597,"items_purged":[],"score":354,"play_id":"ef846abb-6fc7-43d3-8e2a-cfa8cc9e0568","local_time":"20210120013731","is_ascension_mode":true,"campfire_choices":[{"data":"Deadly Poison","floor":6,"key":"SMITH"},{"data":"Noxious Fumes","floor":11,"key":"SMITH"},{"data":"Neutralize","floor":13,"key":"SMITH"},{"floor":15,"key":"REST"}],"circlet_count":0,"master_deck":["AscendersBane","Strike_G+1","Strike_G+1","Strike_G+1","Strike_G+1","Strike_G+1","Defend_G","Defend_G","Defend_G","Defend_G","Defend_G","Survivor","Neutralize+1","Deadly Poison+1","Deadly Poison+1","Noxious Fumes+1","ReplayTheSpireMod:Scrap Shanks","Caltrops","Replay:Bag of Tricks","Accuracy","Deadly Poison+1","Hidden Blade"],"relics":["Ring of the Snake","NeowsBlessing","ReplayTheSpireMod:Ring of Exchange","ReplayTheSpireMod:Ring of Challenge","Snake Skull","Matryoshka","hubris:AstralHammer","Replay:Bottled Eggs","Quantum Egg","ChewingGum","Nunchaku"],"acts_visited":["Exordium","TheCity"],"potions_floor_usage":[20],"damage_taken":[{"damage":0,"enemies":"Jaw Worm","floor":1,"turns":1},{"damage":7,"enemies":"3 Sentries","floor":10,"turns":3},{"damage":0,"enemies":"Lagavulin","floor":12,"turns":1},{"damage":20,"enemies":"3 Sentries","floor":14,"turns":7},{"damage":30,"enemies":"The Guardian","floor":16,"turns":8},{"damage":8,"enemies":"3 Byrds","floor":18,"turns":4},{"damage":24,"enemies":"Chosen","floor":20,"turns":4},{"damage":27,"enemies":"Sentry and Sphere","floor":22,"turns":4}],"seed_played":"7201100475334462556","potions_obtained":[{"floor":16,"key":"BlessingOfTheForge"},{"floor":18,"key":"CultistPotion"}],"is_trial":false,"path_per_floor":["M","?","?","$","?","R","$","?","T","E","R","E","R","E","R","B",null,"M","$","M","?","M"],"character_chosen":"THE_SILENT","items_purchased":["Noxious Fumes","Accuracy","Deadly Poison+1","Nunchaku"],"campfire_rested":1,"item_purchase_floors":[4,19,19,19],"current_hp_per_floor":[63,63,63,63,63,63,63,56,56,49,49,49,49,29,50,20,58,50,50,26,26,0,0],"gold":68,"neow_bonus":"THREE_ENEMY_KILL","is_daily":false,"chose_seed":false,"campfire_upgraded":3,"win_rate":0.0,"timestamp":1611128251,"path_taken":["M","?","?","$","?","R","?","?","T","E","R","E","R","E","R","BOSS","M","$","M","?","M"],"items_purchased_type":["Card","Card","Card","Relic"],"build_version":"2020-12-22","purchased_purges":0,"victory":false,"max_hp_per_floor":[70,70,70,70,70,70,70,70,70,70,70,70,70,70,70,70,70,70,70,70,70,70,70],"card_choices":[{"not_picked":["Underhanded Strike","Quick Slash"],"picked":"Deadly Poison","floor":1},{"not_picked":["Underhanded Strike","Poisoned Stab"],"picked":"ReplayTheSpireMod:Scrap Shanks","floor":10},{"not_picked":["Backflip","Deadly Poison","hubris:Counter"],"picked":"SKIP","floor":12},{"not_picked":["Crippling Poison","ReplayTheSpireMod:The Works"],"picked":"Caltrops","floor":14},{"not_picked":["Malaise","Venomology"],"picked":"Replay:Bag of Tricks","floor":16},{"not_picked":["Hidden Blade","Sucker Punch","Dagger Spray"],"picked":"SKIP","floor":18},{"not_picked":["Sucker Punch","Poisoned Stab"],"picked":"Hidden Blade","floor":20}],"player_experience":770628,"relics_obtained":[{"floor":3,"key":"ReplayTheSpireMod:Ring of Exchange"},{"floor":3,"key":"ReplayTheSpireMod:Ring of Challenge"},{"floor":9,"key":"Matryoshka"},{"floor":10,"key":"hubris:AstralHammer"},{"floor":12,"key":"Replay:Bottled Eggs"},{"floor":14,"key":"Quantum Egg"}],"event_choices":[{"damage_healed":0,"gold_gain":0,"player_choice":"Success","damage_taken":7,"relics_obtained":["Snake Skull"],"max_hp_gain":0,"max_hp_loss":0,"event_name":"Scrap Ooze","floor":8,"gold_loss":0},{"cards_removed":["Doubt"],"damage_healed":0,"gold_gain":0,"player_choice":"Gave Gold","damage_taken":0,"max_hp_gain":0,"max_hp_loss":0,"event_name":"Beggar","floor":21,"gold_loss":75}],"is_beta":false,"boss_relics":[{"not_picked":["OrangePellets","Abe\u0027s Treasure"],"picked":"ChewingGum"}],"items_purged_floors":[],"is_endless":false,"potions_floor_spawned":[16,18],"killed_by":"Sentry and Sphere","ascension_level":12}}