{"host":"c52z9ixzgdjttcmx","time":1611110941,"event":{"mods":["BaseMod","Colored Powertips","Minty Spire (QoL Compilation)","Rare Cards Sparkle","Relic Stats"],"gold_per_floor":[113,15,29,29,29,29,29],"floor_reached":6,"language":"ENG","playtime":209,"items_purged":["Clumsy"],"score":60,"play_id":"cd37d97f-270d-4d35-87c9-942097d3b280","local_time":"20210119204901","is_ascension_mode":true,"campfire_choices":[],"circlet_count":0,"master_deck":["AscendersBane","Strike_G","Strike_G","Strike_G+1","Strike_G","Defend_G","Defend_G","Defend_G","Defend_G","Defend_G","Survivor","Neutralize","Dagger Spray","Dagger Spray","Blade Dance","Poisoned Stab","Leg Sweep+1"],"relics":["Ring of the Snake","Prayer Wheel"],"acts_visited":["Exordium"],"potions_floor_usage":[6],"damage_taken":[{"damage":6,"enemies":"2 Louse","floor":1,"turns":4},{"damage":0,"enemies":"Small Slimes","floor":3,"turns":2},{"damage":27,"enemies":"Gremlin Nob","floor":6,"turns":4}],"seed_played":"7387745188272498309","potions_obtained":[{"floor":3,"key":"AttackPotion"}],"is_trial":false,"path_per_floor":["M","$","M","?","?","E"],"character_chosen":"THE_SILENT","items_purchased":["Blade Dance"],"campfire_rested":0,"item_purchase_floors":[2],"current_hp_per_floor":[53,53,53,46,26,0,0],"gold":29,"neow_bonus":"ONE_RARE_RELIC","is_daily":false,"chose_seed":false,"campfire_upgraded":0,"win_rate":0.0,"timestamp":1611110941,"path_taken":["M","$","M","?","?","E"],"items_purchased_type":["Card"],"build_version":"2020-12-22","purchased_purges":1,"victory":false,"max_hp_per_floor":[66,66,66,66,66,66,66],"relic_stats":{"counters":[3,10],"Prayer Wheel":2,"obtain_stats":[{"Prayer Wheel":0,"Ring of the Snake":0},{"Prayer Wheel":0,"Ring of the Snake":0},{"Prayer Wheel":0,"Ring of the Snake":0}],"Ring of the Snake":[6]},"card_choices":[{"not_picked":["Finisher","Slice"],"picked":"Dagger Spray","floor":1},{"not_picked":["Dagger Throw","Poisoned Stab"],"picked":"Dagger Spray","floor":1},{"not_picked":["Deadly Poison","Catalyst"],"picked":"Poisoned Stab","floor":3},{"not_picked":["Caltrops","Prepared"],"picked":"Leg Sweep","floor":3}],"player_experience":3288701,"relics_obtained":[],"event_choices":[{"cards_removed":["Strike_G"],"damage_healed":0,"gold_gain":0,"player_choice":"Card Removal","damage_taken":7,"max_hp_gain":0,"max_hp_loss":0,"event_name":"Golden Wing","floor":4,"gold_loss":0},{"damage_healed":0,"gold_gain":0,"player_choice":"Entered Light","damage_taken":20,"max_hp_gain":0,"max_hp_loss":0,"event_name":"Shining Light","floor":5,"gold_loss":0,"cards_upgraded":["Leg Sweep","Strike_G"]}],"is_beta":false,"boss_relics":[],"items_purged_floors":[2],"is_endless":false,"potions_floor_spawned":[3],"killed_by":"Gremlin Nob","ascension_level":15}}