{"host":"8i58hvcssdezoe94","time":1611129869,"event":{"mods":["Act Like it!","BaseMod","Colored Map","Conspire","Downfall","Gensokyo","KinomotoSakuraMod(木之本樱)","Marisa（F雨　魔理沙）","Minty Spire (QoL Compilation)","Quick Restart","Remilia（蕾米莉亚）","StSLib","The Animator","The Bug Knight","The Construct","The Cursed","The Hierophant","The Jungle","The Servant 0.9.4"],"gold_per_floor":[117,117,144,154,41,75,75,75,75,75,75,93,93,93,93,391,391,401,401,401,401,417,417,417,427,427,427,427],"floor_reached":27,"language":"ZHS","playtime":709,"items_purged":[],"score":232,"play_id":"fd905308-92f3-4046-8d30-dd0342f39bd0","local_time":"20210120160429","is_ascension_mode":false,"campfire_choices":[{"floor":7,"key":"RECALL"},{"data":"Sweeping Beam","floor":11,"key":"SMITH"},{"data":"Zap","floor":15,"key":"SMITH"},{"floor":23,"key":"REST"}],"circlet_count":0,"master_deck":["Strike_B","Strike_B","Defend_B","Defend_B","Defend_B+1","Defend_B","Zap+1","Dualcast+1","Streamline","Sweeping Beam+1","Rip and Tear","Cold Snap","Regret","Reinforced Body+1","Tempest+1","Defragment","Leap","Sweeping Beam"],"relics":["Cracked Core","NeowsBlessing","White Beast Statue","War Paint","Happy Flower","Astrolabe","Gensokyo:DayTheSeaSplit","Gensokyo:ConquerorOfFear","Gensokyo:DirgeOfMelancholy","Pocketwatch","InkBottle"],"acts_visited":["Gensokyo:Gensokyo","Gensokyo:Gensokyoer"],"potions_floor_usage":[],"damage_taken":[{"damage":0,"enemies":"Gensokyo:Python","floor":1,"turns":1},{"damage":0,"enemies":"Gensokyo:Gryphon","floor":4,"turns":1},{"damage":0,"enemies":"Gensokyo:Mamizou","floor":6,"turns":2},{"damage":3,"enemies":"Gensokyo:2_Kodama","floor":12,"turns":2},{"damage":36,"enemies":"Gensokyo:Kokoro","floor":16,"turns":12},{"damage":29,"enemies":"Gensokyo:CosmicMonolith","floor":18,"turns":4},{"damage":27,"enemies":"Gensokyo:Chomper","floor":22,"turns":5},{"damage":2,"enemies":"Gensokyo:Wraith","floor":25,"turns":4},{"damage":49,"enemies":"Gensokyo:Swordslinger","floor":27,"turns":4}],"seed_played":"7789069978681675400","potions_obtained":[{"floor":4,"key":"Fire Potion"},{"floor":6,"key":"SteroidPotion"},{"floor":12,"key":"EssenceOfSteel"}],"is_trial":false,"path_per_floor":["M","?","T","M","COS","E","R","?","T","?","R","M","?","$","R","B",null,"M","?","?","?","M","R","?","M","T","M"],"character_chosen":"DEFECT","items_purchased":[],"campfire_rested":1,"item_purchase_floors":[],"current_hp_per_floor":[75,75,75,75,75,75,75,75,75,75,75,72,72,72,72,36,75,46,46,46,46,19,41,41,39,39,0,0],"gold":427,"neow_bonus":"THREE_ENEMY_KILL","is_daily":false,"chose_seed":false,"campfire_upgraded":2,"win_rate":0.0,"timestamp":1611129869,"path_taken":["M","?","?","M","COS","E","R","?","T","?","R","M","?","?","R","BOSS","M","?","?","?","M","R","?","M","T","M"],"items_purchased_type":[],"build_version":"2020-12-22","purchased_purges":0,"victory":false,"max_hp_per_floor":[75,75,75,75,75,75,75,75,75,75,75,75,75,75,75,75,75,75,75,75,75,75,75,75,75,75,75,75],"card_choices":[{"not_picked":["Redo","Go for the Eyes"],"picked":"Streamline","floor":1},{"not_picked":["Hello World","Turbo"],"picked":"Sweeping Beam","floor":4},{"not_picked":["Go for the Eyes","Undo"],"picked":"Rip and Tear","floor":6},{"not_picked":["Recycle","Beam Cell"],"picked":"Cold Snap","floor":12},{"not_picked":["Rainbow","Thunder Strike"],"picked":"Seek","floor":16},{"not_picked":["conspire:Rain","FTL"],"picked":"Defragment","floor":18},{"not_picked":["Genetic Algorithm","Doom and Gloom"],"picked":"Leap","floor":22},{"not_picked":["Stack","Rebound"],"picked":"Sweeping Beam","floor":25}],"player_experience":57281,"relics_obtained":[{"floor":3,"key":"War Paint"},{"floor":6,"key":"Happy Flower"},{"floor":22,"key":"Gensokyo:ConquerorOfFear"},{"floor":26,"key":"InkBottle"}],"event_choices":[{"damage_healed":0,"gold_gain":0,"player_choice":"Leave","damage_taken":0,"max_hp_gain":0,"max_hp_loss":0,"event_name":"conspire:Investor","floor":10,"gold_loss":0}],"is_beta":false,"boss_relics":[{"not_picked":["Cursed Key","Runic Dome"],"picked":"Astrolabe"}],"items_purged_floors":[],"is_endless":false,"potions_floor_spawned":[4,6,12,16,18,22,25],"killed_by":"Gensokyo:Swordslinger","ascension_level":0}}