{"host":"ebj6lkgm8suah319","time":1611108713,"event":{"mods":["2.2 Compatiblity","AchievementEnabler","BaseMod","Block Reminder","Colored Map","Colored Powertips","Minty Spire (QoL Compilation)","Quick Restart","Rare Cards Sparkle","Relic Stats","SuperFastMode"],"gold_per_floor":[118,118,135,135,155,155,181,181,181,281,314,333,377,395,395,494,494,507,507,108,126,26,65,95,143,155,167,220,232,278,304,316,427,502,530,542,554,148,168,168,207,207,207,223,239,239,258,277,277,277,277],"floor_reached":50,"language":"ENG","playtime":1756,"items_purged":["Strike_R","Strike_R","Strike_R"],"score":1205,"play_id":"b4181b49-7de8-4ad3-abd6-3ca746a67b31","local_time":"20210119211153","is_ascension_mode":true,"campfire_choices":[{"data":"Bash","floor":6.0,"key":"SMITH"},{"data":"Clothesline","floor":15.0,"key":"SMITH"},{"floor":27.0,"key":"REST"},{"data":"Feel No Pain","floor":29.0,"key":"SMITH"},{"floor":32.0,"key":"REST"},{"data":"Feel No Pain","floor":40,"key":"SMITH"},{"floor":42,"key":"REST"},{"floor":46,"key":"REST"},{"data":"Juggernaut","floor":49,"key":"SMITH"}],"circlet_count":0,"master_deck":["AscendersBane","Strike_R","Strike_R","Defend_R+1","Defend_R","Defend_R","Defend_R+1","Bash+1","Cleave","Clothesline+1","Burning Pact+1","Rage","Fiend Fire+1","Perfected Strike+1","Offering","Feel No Pain+1","Inflame","Feel No Pain+1","Immolate+1","Pummel+1","Entrench","Pommel Strike+1","Inflame","Inflame","Entrench+1","Demon Form+1","Juggernaut+1","Shrug It Off","Shrug It Off+1","Shockwave+1","Impervious","Warcry+1","Dark Embrace","Pommel Strike+1","Rupture","Heavy Blade+1"],"relics":["Burning Blood","StoneCalendar","Juzu Bracelet","MealTicket","Strawberry","Golden Idol","War Paint","Matryoshka","Molten Egg 2","Philosopher\u0027s Stone","Dream Catcher","White Beast Statue","DollysMirror","MawBank","Oddly Smooth Stone","Nunchaku","Mummified Hand","Red Mask","Darkstone Periapt","Tiny House","Regal Pillow","Orrery","Toy Ornithopter","Eternal Feather"],"acts_visited":["Exordium","TheCity","TheBeyond"],"potions_floor_usage":[33,35,39,41,41,41,45,48,50,50],"damage_taken":[{"damage":12.0,"enemies":"Jaw Worm","floor":1.0,"turns":4.0},{"damage":9.0,"enemies":"2 Louse","floor":3.0,"turns":3.0},{"damage":2.0,"enemies":"Cultist","floor":5.0,"turns":4.0},{"damage":18.0,"enemies":"Gremlin Nob","floor":7.0,"turns":4.0},{"damage":14.0,"enemies":"3 Sentries","floor":11.0,"turns":7.0},{"damage":11.0,"enemies":"3 Louse","floor":12.0,"turns":3.0},{"damage":17.0,"enemies":"Lagavulin","floor":13.0,"turns":7.0},{"damage":8.0,"enemies":"Large Slime","floor":14.0,"turns":3.0},{"damage":32.0,"enemies":"Hexaghost","floor":16.0,"turns":8.0},{"damage":6.0,"enemies":"Chosen","floor":18.0,"turns":3.0},{"damage":12.0,"enemies":"2 Thieves","floor":21.0,"turns":2.0},{"damage":31.0,"enemies":"Gremlin Leader","floor":23.0,"turns":6.0},{"damage":3.0,"enemies":"Centurion and Healer","floor":24.0,"turns":6.0},{"damage":20.0,"enemies":"Slavers","floor":25.0,"turns":4.0},{"damage":15.0,"enemies":"Masked Bandits","floor":28.0,"turns":4.0},{"damage":33.0,"enemies":"Book of Stabbing","floor":30.0,"turns":4.0},{"damage":6.0,"enemies":"Cultist and Chosen","floor":31.0,"turns":4.0},{"damage":16,"enemies":"Collector","floor":33,"turns":5},{"damage":31,"enemies":"3 Darklings","floor":35,"turns":5},{"damage":13,"enemies":"3 Shapes","floor":39,"turns":4},{"damage":62,"enemies":"Reptomancer","floor":41,"turns":7},{"damage":6,"enemies":"Maw","floor":44,"turns":5},{"damage":11,"enemies":"Transient","floor":45,"turns":5},{"damage":21,"enemies":"4 Shapes","floor":47,"turns":7},{"damage":31,"enemies":"Writhing Mass","floor":48,"turns":7},{"damage":71,"enemies":"Time Eater","floor":50,"turns":5}],"seed_played":"-881620749976886533","potions_obtained":[{"floor":1.0,"key":"Strength Potion"},{"floor":5.0,"key":"ColorlessPotion"},{"floor":12.0,"key":"EssenceOfSteel"},{"floor":13.0,"key":"SpeedPotion"},{"floor":21.0,"key":"Dexterity Potion"},{"floor":23.0,"key":"Fire Potion"},{"floor":24.0,"key":"DistilledChaos"},{"floor":25.0,"key":"EssenceOfSteel"},{"floor":28.0,"key":"Weak Potion"},{"floor":30.0,"key":"PowerPotion"},{"floor":31.0,"key":"SteroidPotion"},{"floor":33,"key":"FearPotion"},{"floor":35,"key":"BloodPotion"},{"floor":39,"key":"EntropicBrew"},{"floor":41,"key":"Strength Potion"},{"floor":44,"key":"DuplicationPotion"},{"floor":45,"key":"SpeedPotion"},{"floor":47,"key":"DistilledChaos"},{"floor":48,"key":"SteroidPotion"}],"is_trial":false,"path_per_floor":["M","?","M","T","M","R","E","?","T","?","E","M","E","M","R","B",null,"M","T","$","M","$","E","M","E","T","R","?","R","E","M","R","B",null,"M","?","?","$","M","R","E","R","T","M","M","R","M","M","R","B"],"character_chosen":"IRONCLAD","items_purchased":["Inflame","DollysMirror","Immolate+1","Regal Pillow","Orrery"],"campfire_rested":4,"item_purchase_floors":[20,20,20,38,38],"current_hp_per_floor":[66,63,60,60,64,64,59,59,59,59,51,46,35,33,33,7,57,57,57,72,66,73,48,51,37,37,58,49,49,22,22,43,33,68,43,43,43,58,65,65,9,46,46,46,46,74,59,39,60,0,0],"gold":277,"neow_bonus":"ONE_RARE_RELIC","is_daily":false,"chose_seed":false,"campfire_upgraded":5,"win_rate":0.0,"timestamp":1611108713,"path_taken":["M","?","M","?","M","R","E","?","T","?","E","M","E","M","R","BOSS","M","?","$","M","$","E","M","E","T","R","?","R","E","M","R","BOSS","M","?","?","$","M","R","E","R","T","M","M","R","M","M","R","BOSS"],"items_purchased_type":["Card","Relic","Card","Relic","Relic"],"build_version":"2020-12-22","purchased_purges":3,"victory":false,"max_hp_per_floor":[72,72,72,72,72,72,79,73,73,73,73,73,73,73,73,73,73,73,73,73,73,73,73,73,73,73,73,73,73,73,73,73,73,78,78,78,74,74,74,74,74,74,74,74,74,74,74,74,74,74,74],"relic_stats":{"Darkstone Periapt":0,"Regal Pillow":15,"counters":[26,126],"Golden Idol":150,"StoneCalendar":[79],"Eternal Feather":42,"Juzu Bracelet":2,"War Paint":["Defend_R","Defend_R"],"MawBank":180,"Burning Blood":150,"Dream Catcher":4,"Nunchaku":[10],"Mummified Hand":[105],"MealTicket":37,"obtain_stats":[{"Darkstone Periapt":30,"Regal Pillow":38,"Tiny House":34,"Golden Idol":8,"Oddly Smooth Stone":25,"StoneCalendar":0,"Eternal Feather":43,"Juzu Bracelet":2,"War Paint":9,"MawBank":23,"Burning Blood":0,"White Beast Statue":19,"Dream Catcher":19,"Nunchaku":26,"Matryoshka":11,"DollysMirror":20,"Mummified Hand":26,"Strawberry":7,"Orrery":38,"MealTicket":4,"Molten Egg 2":13,"Philosopher\u0027s Stone":17,"Red Mask":28,"Toy Ornithopter":41},{"Darkstone Periapt":16,"Regal Pillow":19,"Tiny House":18,"Golden Idol":4,"Oddly Smooth Stone":14,"StoneCalendar":0,"Eternal Feather":21,"Juzu Bracelet":1,"War Paint":4,"MawBank":12,"Burning Blood":0,"White Beast Statue":10,"Dream Catcher":10,"Nunchaku":14,"Matryoshka":5,"DollysMirror":10,"Mummified Hand":14,"Strawberry":4,"Orrery":19,"MealTicket":2,"Molten Egg 2":7,"Philosopher\u0027s Stone":9,"Red Mask":15,"Toy Ornithopter":21},{"Darkstone Periapt":72,"Regal Pillow":86,"Tiny House":81,"Golden Idol":15,"Oddly Smooth Stone":64,"StoneCalendar":0,"Eternal Feather":97,"Juzu Bracelet":4,"War Paint":15,"MawBank":54,"Burning Blood":0,"White Beast Statue":46,"Dream Catcher":46,"Nunchaku":64,"Matryoshka":22,"DollysMirror":46,"Mummified Hand":64,"Strawberry":15,"Orrery":86,"MealTicket":7,"Molten Egg 2":32,"Philosopher\u0027s Stone":43,"Red Mask":68,"Toy Ornithopter":97}],"Toy Ornithopter":20},"card_choices":[{"not_picked":["Rampage","Disarm"],"picked":"Cleave","floor":1.0},{"not_picked":["Power Through","Headbutt"],"picked":"Clothesline","floor":3.0},{"not_picked":["Body Slam","Warcry","Dark Embrace"],"picked":"SKIP","floor":5.0},{"not_picked":["Cleave","Heavy Blade"],"picked":"Burning Pact","floor":7.0},{"not_picked":["Evolve","Seeing Red","Sentinel"],"picked":"SKIP","floor":11.0},{"not_picked":["Sentinel","Blood for Blood"],"picked":"Rage","floor":12.0},{"not_picked":["Evolve","Sword Boomerang+1"],"picked":"Fiend Fire+1","floor":13.0},{"not_picked":["Seeing Red","Clash+1"],"picked":"Perfected Strike+1","floor":14.0},{"not_picked":["Impervious","Demon Form"],"picked":"Offering","floor":16.0},{"not_picked":["True Grit","Twin Strike+1"],"picked":"Feel No Pain","floor":18.0},{"not_picked":["Headbutt+1","Hemokinesis+1"],"picked":"Pummel+1","floor":21.0},{"not_picked":["Rage","Berserk"],"picked":"Entrench","floor":23.0},{"not_picked":["Flex+1","Anger+1","Thunderclap+1"],"picked":"SKIP","floor":24.0},{"not_picked":["Clash+1","Seeing Red"],"picked":"Pommel Strike+1","floor":25.0},{"not_picked":["Reckless Charge+1","Body Slam+1"],"picked":"Inflame","floor":28.0},{"not_picked":["Dropkick+1","Twin Strike+1"],"picked":"Inflame","floor":30.0},{"not_picked":["Armaments+1","Shrug It Off"],"picked":"Entrench+1","floor":31.0},{"not_picked":["Perfected Strike+1","Ghostly Armor"],"picked":"Demon Form","floor":32.0},{"not_picked":["Offering","Berserk"],"picked":"Juggernaut","floor":33},{"not_picked":["Thunderclap+1","Headbutt+1"],"picked":"Shrug It Off","floor":34},{"not_picked":["Pummel+1","Anger+1"],"picked":"Shrug It Off+1","floor":35},{"not_picked":["Headbutt+1","Spot Weakness"],"picked":"Shockwave+1","floor":38},{"not_picked":["Headbutt+1","Metallicize+1"],"picked":"Impervious","floor":38},{"not_picked":["Rage","Shrug It Off"],"picked":"Warcry+1","floor":38},{"not_picked":["Dual Wield","Flex"],"picked":"Dark Embrace","floor":38},{"not_picked":["Clash+1","Wild Strike+1"],"picked":"Pommel Strike+1","floor":39},{"not_picked":["Heavy Blade+1","Fire Breathing"],"picked":"Rupture","floor":41},{"not_picked":["Havoc","Intimidate"],"picked":"Heavy Blade+1","floor":44},{"not_picked":["Anger+1","Body Slam+1","Cleave+1"],"picked":"SKIP","floor":45},{"not_picked":["Perfected Strike+1","Immolate+1","Iron Wave+1"],"picked":"SKIP","floor":47},{"not_picked":["Perfected Strike+1","Spot Weakness","Warcry"],"picked":"SKIP","floor":48}],"player_experience":37988,"relics_obtained":[{"floor":4.0,"key":"MealTicket"},{"floor":7.0,"key":"Strawberry"},{"floor":9.0,"key":"War Paint"},{"floor":11.0,"key":"Matryoshka"},{"floor":13.0,"key":"Molten Egg 2"},{"floor":19.0,"key":"Dream Catcher"},{"floor":19.0,"key":"White Beast Statue"},{"floor":23.0,"key":"MawBank"},{"floor":25.0,"key":"Oddly Smooth Stone"},{"floor":26.0,"key":"Nunchaku"},{"floor":26.0,"key":"Mummified Hand"},{"floor":28.0,"key":"Red Mask"},{"floor":30.0,"key":"Darkstone Periapt"},{"floor":41,"key":"Toy Ornithopter"},{"floor":43,"key":"Eternal Feather"}],"event_choices":[{"damage_healed":0.0,"max_hp_gain":0.0,"max_hp_loss":0.0,"gold_gain":0.0,"event_name":"Scrap Ooze","player_choice":"Success","floor":2.0,"gold_loss":0.0,"damage_taken":3.0,"relics_obtained":["Juzu Bracelet"]},{"damage_healed":0.0,"max_hp_gain":0.0,"max_hp_loss":6.0,"gold_gain":0.0,"event_name":"Golden Idol","player_choice":"Lose Max HP","floor":8.0,"gold_loss":0.0,"damage_taken":0.0,"relics_obtained":["Golden Idol"]},{"damage_healed":0.0,"max_hp_gain":0.0,"max_hp_loss":0.0,"gold_gain":100.0,"event_name":"Golden Shrine","player_choice":"Pray","floor":10.0,"gold_loss":0.0,"damage_taken":0.0},{"damage_healed":0.0,"max_hp_gain":0.0,"max_hp_loss":0.0,"gold_gain":0.0,"event_name":"Masked Bandits","player_choice":"Fought Bandits","floor":28.0,"gold_loss":0.0,"damage_taken":0.0},{"damage_healed":0,"gold_gain":0,"player_choice":"Upgraded","damage_taken":0,"max_hp_gain":0,"max_hp_loss":0,"event_name":"Upgrade Shrine","floor":36,"gold_loss":0,"cards_upgraded":["Demon Form"]},{"damage_healed":0,"gold_gain":0,"player_choice":"Max HP","damage_taken":0,"max_hp_gain":0,"max_hp_loss":4,"event_name":"Winding Halls","floor":37,"gold_loss":0}],"is_beta":false,"boss_relics":[{"not_picked":["Runic Cube","Black Star"],"picked":"Philosopher\u0027s Stone"},{"not_picked":["Velvet Choker","Coffee Dripper"],"picked":"Tiny House"}],"items_purged_floors":[20,22,38],"is_endless":false,"potions_floor_spawned":[1,5,12,13,21,23,24,25,28,30,31,33,35,39,41,44,45,47,48],"killed_by":"Time Eater","ascension_level":13}}