{"host":"1dhlu4qzehvrzpot","time":1611184366,"event":{"mods":["2.2 Compatiblity","AchievementEnabler","BaseMod","Block Reminder","Minty Spire (QoL Compilation)","Permanent Neow","Quick Restart","Rare Cards Sparkle","Relic Stats","Say the Spire","Slay-I","StSLib","SuperFastMode"],"gold_per_floor":[17,292,308,17,17,17,43,61,61,72,86,86,98,113,113,191,191,207,207,207,222,222,222,234,234,234],"floor_reached":25,"language":"ENG","playtime":590,"items_purged":["Regret"],"score":391,"play_id":"a775a933-2ad7-41bd-ba90-bd8bc7be0e1c","local_time":"20210121001246","is_ascension_mode":true,"campfire_choices":[{"data":"Mayhem","floor":6.0,"key":"SMITH"},{"floor":15.0,"key":"REST"},{"floor":23.0,"key":"REST"}],"circlet_count":0,"master_deck":["AscendersBane","Strike_G","Strike_G","Strike_G","Defend_G","Defend_G","Defend_G","Defend_G","Defend_G","Survivor","Neutralize","Mayhem+1","Dagger Throw","Quick Slash","Mayhem","Prepared","Venomology","Footwork","Predator","Footwork","Leg Sweep","Corpse Explosion","RitualDagger","Prepared","Night Terror","Decay","Leg Sweep"],"relics":["Ring of the Snake","Du-Vu Doll","Sundial","SacredBark"],"acts_visited":["Exordium","TheCity"],"potions_floor_usage":[24,24,25,25],"damage_taken":[{"damage":4.0,"enemies":"Jaw Worm","floor":1.0,"turns":4.0},{"damage":1.0,"enemies":"Cultist","floor":3.0,"turns":4.0},{"damage":22.0,"enemies":"3 Sentries","floor":7.0,"turns":12.0},{"damage":0.0,"enemies":"Small Slimes","floor":8.0,"turns":2.0},{"damage":8.0,"enemies":"2 Fungi Beasts","floor":10.0,"turns":3.0},{"damage":0.0,"enemies":"Large Slime","floor":11.0,"turns":5.0},{"damage":17.0,"enemies":"3 Louse","floor":13.0,"turns":4.0},{"damage":4.0,"enemies":"Exordium Wildlife","floor":14.0,"turns":6.0},{"damage":5.0,"enemies":"Hexaghost","floor":16.0,"turns":10.0},{"damage":16.0,"enemies":"3 Byrds","floor":18.0,"turns":4.0},{"damage":31.0,"enemies":"Chosen","floor":21.0,"turns":9.0},{"damage":2,"enemies":"Centurion and Healer","floor":24,"turns":7},{"damage":21,"enemies":"Snake Plant","floor":25,"turns":4}],"seed_played":"-5838224013632470774","potions_obtained":[{"floor":10.0,"key":"SneckoOil"},{"floor":14.0,"key":"LiquidBronze"},{"floor":21.0,"key":"SneckoOil"}],"is_trial":false,"path_per_floor":["M","?","M","$","$","R","E","M","T","M","M","$","M","M","R","B",null,"M","?","?","M","?","R","M","M"],"character_chosen":"THE_SILENT","items_purchased":["Mayhem","Prepared"],"campfire_rested":2,"item_purchase_floors":[4,4],"current_hp_per_floor":[55,55,54,54,54,54,32,32,32,24,24,24,7,3,22,17,54,38,32,32,1,1,20,18,0,0],"gold":234,"neow_bonus":"RANDOM_COLORLESS_2","is_daily":false,"chose_seed":false,"campfire_upgraded":1,"win_rate":0.0,"timestamp":1611184366,"path_taken":["M","?","M","?","$","R","E","M","T","?","M","?","M","M","R","BOSS","M","?","?","M","?","R","M","M"],"items_purchased_type":["Card","Card"],"build_version":"2020-12-22","purchased_purges":1,"victory":false,"max_hp_per_floor":[66,66,66,66,66,66,66,66,66,66,66,66,66,66,66,66,66,66,66,66,66,66,66,66,66,66],"relic_stats":{"counters":[13,74],"Sundial":[10],"obtain_stats":[{"Du-Vu Doll":7,"Sundial":9,"SacredBark":17,"Ring of the Snake":0},{"Du-Vu Doll":3,"Sundial":4,"SacredBark":9,"Ring of the Snake":0},{"Du-Vu Doll":20,"Sundial":22,"SacredBark":50,"Ring of the Snake":0}],"Ring of the Snake":[26]},"card_choices":[{"not_picked":["Secret Technique","Transmutation"],"picked":"Mayhem","floor":0.0},{"not_picked":["PiercingWail","Bane"],"picked":"Dagger Throw","floor":1.0},{"not_picked":["Outmaneuver","Deflect"],"picked":"Quick Slash","floor":3.0},{"not_picked":["Acrobatics","Prepared"],"picked":"Venomology","floor":7.0},{"not_picked":["Cloak And Dagger","Dagger Spray"],"picked":"Footwork","floor":8.0},{"not_picked":["Deflect","Concentrate"],"picked":"Predator","floor":10.0},{"not_picked":["Concentrate","Outmaneuver"],"picked":"Footwork","floor":11.0},{"not_picked":["Calculated Gamble","Deadly Poison"],"picked":"Leg Sweep","floor":13.0},{"not_picked":["Setup","Slice","Bane"],"picked":"SKIP","floor":14.0},{"not_picked":["After Image","Phantasmal Killer"],"picked":"Corpse Explosion","floor":16.0},{"not_picked":["Bane+1","Slice","Setup+1"],"picked":"SKIP","floor":18.0},{"not_picked":["Quick Slash","Cloak And Dagger","Infinite Blades"],"picked":"SKIP","floor":21.0},{"not_picked":["Flechettes","Prepared"],"picked":"Leg Sweep","floor":24}],"player_experience":530470,"relics_obtained":[{"floor":7.0,"key":"Du-Vu Doll"},{"floor":9.0,"key":"Sundial"}],"event_choices":[{"damage_healed":0.0,"max_hp_gain":0.0,"max_hp_loss":0.0,"gold_gain":275.0,"event_name":"Golden Shrine","player_choice":"Desecrate","floor":2.0,"gold_loss":0.0,"damage_taken":0.0,"cards_obtained":["Regret"]},{"damage_healed":0.0,"max_hp_gain":0.0,"max_hp_loss":0.0,"gold_gain":0.0,"event_name":"Nest","player_choice":"Joined the Cult","floor":19.0,"gold_loss":0.0,"damage_taken":6.0,"cards_obtained":["RitualDagger"]},{"damage_healed":0.0,"max_hp_gain":0.0,"max_hp_loss":0.0,"gold_gain":0.0,"cards_transformed":["Strike_G","Strike_G"],"event_name":"Drug Dealer","player_choice":"Became Test Subject","floor":20.0,"gold_loss":0.0,"damage_taken":0.0,"cards_obtained":["Prepared","Night Terror"]},{"damage_healed":0.0,"max_hp_gain":0.0,"max_hp_loss":0.0,"gold_gain":0.0,"event_name":"Forgotten Altar","player_choice":"Smashed Altar","floor":22.0,"gold_loss":0.0,"damage_taken":0.0,"cards_obtained":["Decay"]}],"is_beta":false,"boss_relics":[{"not_picked":["Runic Pyramid","Empty Cage"],"picked":"SacredBark"}],"items_purged_floors":[4],"is_endless":false,"potions_floor_spawned":[10,14,21],"killed_by":"Snake Plant","ascension_level":14}}