{"host":"l5xpox9cbdko122s","time":1611164751,"event":{"mods":["AchievementEnabler","BaseMod","Better Skull","Colored Map","Colored Powertips","Displayed Cursed Tome","Hermit","Highlight Path","Minty Spire (QoL Compilation)","Quick Restart","Shop Mod","StSLib"],"gold_per_floor":[112,112,112,130,130,159,174,174,174,174,184,40,40,51,51,152,152,169,182,110,130,130,130,140,140,167,167,167],"floor_reached":27,"language":"ENG","playtime":1222,"items_purged":[],"score":238,"play_id":"e89e292f-ef48-4ff5-ad84-295163eebe98","local_time":"20210120124551","is_ascension_mode":false,"campfire_choices":[{"floor":8,"key":"RECALL"},{"data":"hermit:Maintenance","floor":10,"key":"SMITH"},{"data":"hermit:Covet","floor":13,"key":"SMITH"},{"floor":15,"key":"REST"},{"floor":23,"key":"REST"}],"circlet_count":0,"master_deck":["hermit:Strike_Hermit+1","hermit:Strike_Hermit","hermit:Strike_Hermit","hermit:Strike_Hermit","hermit:Defend_Hermit","hermit:Defend_Hermit","hermit:Defend_Hermit","hermit:Defend_Hermit","hermit:Snapshot+1","hermit:Covet+1","hermit:Maintenance+1"],"relics":["hermit:Momento","NeowsBlessing","MerchantsRug","Darkstone Periapt","Whetstone"],"acts_visited":["Exordium","TheCity"],"potions_floor_usage":[11,16,16,16,24],"damage_taken":[{"damage":0,"enemies":"Jaw Worm","floor":1,"turns":1},{"damage":0,"enemies":"Small Slimes","floor":4,"turns":1},{"damage":0,"enemies":"Lagavulin","floor":6,"turns":1},{"damage":2,"enemies":"Cultist","floor":7,"turns":4},{"damage":0,"enemies":"Large Slime","floor":11,"turns":5},{"damage":11,"enemies":"Exordium Wildlife","floor":14,"turns":5},{"damage":30,"enemies":"Hexaghost","floor":16,"turns":9},{"damage":5,"enemies":"Shell Parasite","floor":18,"turns":8},{"damage":14,"enemies":"Spheric Guardian","floor":19,"turns":8},{"damage":31,"enemies":"Snake Plant","floor":21,"turns":6},{"damage":25,"enemies":"Chosen and Byrds","floor":24,"turns":8},{"damage":26,"enemies":"Colosseum Slavers","floor":27,"turns":3}],"seed_played":"5622902553167254217","potions_obtained":[{"floor":4,"key":"Strength Potion"},{"floor":6,"key":"SpeedPotion"},{"floor":7,"key":"SkillPotion"},{"floor":14,"key":"SteroidPotion"},{"floor":21,"key":"EssenceOfSteel"}],"is_trial":false,"path_per_floor":["M","?","?","M","$","E","M","R","T","R","M","$","R","M","R","B",null,"M","M","$","M","$","R","M","?","T","?"],"character_chosen":"HERMIT","items_purchased":["MerchantsRug","Darkstone Periapt"],"campfire_rested":2,"item_purchase_floors":[12,20],"current_hp_per_floor":[75,75,75,75,75,75,73,73,73,73,73,73,73,62,75,45,75,70,56,56,25,25,47,22,22,22,0,0],"gold":167,"neow_bonus":"THREE_ENEMY_KILL","is_daily":false,"chose_seed":false,"campfire_upgraded":2,"win_rate":0.0,"timestamp":1611164751,"path_taken":["M","?","?","M","?","E","M","R","T","R","M","$","R","?","R","BOSS","M","M","$","M","$","R","M","?","T","?"],"items_purchased_type":["Relic","Relic"],"build_version":"2020-12-22","purchased_purges":0,"victory":false,"max_hp_per_floor":[75,75,75,75,75,75,75,75,75,75,75,75,75,75,75,75,75,75,75,75,75,75,75,75,75,75,75,75],"card_choices":[{"not_picked":["hermit:Glare","hermit:FullyLoaded","hermit:Feint"],"picked":"SKIP","floor":1},{"not_picked":["hermit:GhostlyPresence","hermit:LoneWolf","hermit:LowProfile"],"picked":"SKIP","floor":4},{"not_picked":["hermit:FullyLoaded","hermit:HeroicBravado"],"picked":"hermit:Maintenance","floor":6},{"not_picked":["hermit:Quickdraw","hermit:ItchyTrigger","hermit:SprayPray","hermit:Gestalt"],"picked":"SKIP","floor":7},{"not_picked":["hermit:WideOpen","hermit:BigShot","hermit:Quickdraw","hermit:Horror"],"picked":"SKIP","floor":11},{"not_picked":["hermit:Vantage","hermit:Coalescence","hermit:LowProfile","hermit:TrackingShot"],"picked":"SKIP","floor":14},{"not_picked":["hermit:Enervate","hermit:Gestalt+1","hermit:Snipe+1","hermit:ItchyTrigger+1"],"picked":"SKIP","floor":18},{"not_picked":["hermit:BodyArmor","hermit:Malice+1","hermit:TrackingShot","hermit:TakeAim+1"],"picked":"SKIP","floor":19},{"not_picked":["hermit:TakeCover","hermit:WideOpen","hermit:Ricochet"],"picked":"SKIP","floor":21},{"not_picked":["hermit:Ricochet","hermit:HighCaliber","hermit:Misfire"],"picked":"SKIP","floor":24}],"player_experience":159134,"relics_obtained":[{"floor":6,"key":"Question Card"},{"floor":26,"key":"Whetstone"}],"event_choices":[{"damage_healed":0,"gold_gain":0,"player_choice":"Ignored","damage_taken":0,"max_hp_gain":0,"max_hp_loss":0,"event_name":"Shining Light","floor":2,"gold_loss":0},{"damage_healed":0,"gold_gain":0,"player_choice":"Leave","damage_taken":0,"max_hp_gain":0,"max_hp_loss":0,"event_name":"The Cleric","floor":3,"gold_loss":0},{"damage_healed":0,"gold_gain":0,"player_choice":"Ignored","damage_taken":0,"max_hp_gain":0,"max_hp_loss":0,"event_name":"Cursed Tome","floor":25,"gold_loss":0},{"damage_healed":0,"gold_gain":0,"player_choice":"Fight","damage_taken":0,"max_hp_gain":0,"max_hp_loss":0,"event_name":"Colosseum","floor":27,"gold_loss":0}],"is_beta":false,"boss_relics":[{"not_picked":["Pandora\u0027s Box","Empty Cage"],"picked":"hermit:BartenderGlass"}],"items_purged_floors":[],"is_endless":false,"potions_floor_spawned":[4,6,7,14,21],"killed_by":"Colosseum Slavers","ascension_level":0}}