{"host":"gqhy17d1xpb1p3ki","time":1611123731,"event":{"mods":["2.2 Compatiblity","AchievementEnabler","BaseMod","Colored Map","Colored Powertips","Curses Come First","Downfall","Hermit","Marisa????????","Minty Spire (QoL Compilation)","Rare Cards Sparkle","Shop Mod","StSLib","The Animator","The Cursed","The Servant 0.9.4"],"gold_per_floor":[124,199,213,231,231,231,266,266,293,142,171,238,268,278,278,381,381,399,413,413,135,149,149,193,193,193,193,217,132,161,174,174,278,328,348,363,363,379,389,389,389,389,389,126,126,74,74,87,87,87,87],"floor_reached":50,"language":"ENG","playtime":4876,"items_purged":[],"score":540,"play_id":"19d5f9bc-a5da-4720-b58d-b80afbf86998","local_time":"20210120012211","is_ascension_mode":false,"campfire_choices":[{"data":"animator:Darkness","floor":6,"key":"SMITH"},{"data":"animator:Aqua","floor":8,"key":"SMITH"},{"floor":15,"key":"REST"},{"data":"animator:Greed","floor":23,"key":"SMITH"},{"data":"animator:Tet","floor":25,"key":"SMITH"},{"data":"animator:Lu","floor":27,"key":"SMITH"},{"data":"animator:DolaSchwi","floor":32,"key":"SMITH"},{"data":"animator:FielNirvalen","floor":40,"key":"SMITH"},{"data":"animator:Tatsumaki","floor":42,"key":"SMITH"},{"data":"animator:Arpeggio","floor":45,"key":"SMITH"},{"data":"animator:Darkness","floor":49,"key":"SMITH"}],"circlet_count":0,"master_deck":["animator:Strike_Konosuba","animator:Defend_Konosuba","animator:Strike","animator:Strike","animator:Strike","animator:Defend","animator:Defend","animator:Kazuma","animator:Aqua+1","animator:Darkness+1","animator:Lu+1","animator:IzunaHatsuse","animator:Vanir+1","animator:Envy","animator:ZankiKiguchi+1","animator:DolaSchwi+1","animator:Greed+1","animator:FielNirvalen","animator:Vanir","animator:Verdia","animator:Tet+1","animator:Raven+1","animator:DolaSchwi+1","animator:MaesHughes","animator:YunYun","animator:Tatsumaki+1","animator:ElricEdward+1","animator:SwordMaiden","animator:Priestess","animator:Jibril","animator:FielNirvalen+1","animator:Kuribayashi","animator:Darkness+1","animator:Arpeggio+1","animator:Tet","animator:ElricAlphonse","animator:Ara"],"relics":["animator:LivingPicture","animator:TheMissingPiece","animator:PurgingStone","animator:WornHelmet","animator:Buoy","Bag of Preparation","Vajra","animator:BattleDrones","Sozu","Bronze Scales","Whetstone","Red Skull","Meat on the Bone","Anchor","Tiny House","Paper Frog","Sundial","animator:CerealBox"],"acts_visited":["Exordium","TheCity","TheBeyond"],"potions_floor_usage":[50,50],"damage_taken":[{"damage":3,"enemies":"2 Louse","floor":1,"turns":3},{"damage":1,"enemies":"Cultist","floor":3,"turns":5},{"damage":0,"enemies":"Small Slimes","floor":4,"turns":4},{"damage":13,"enemies":"3 Sentries","floor":7,"turns":14},{"damage":0,"enemies":"Looter","floor":11,"turns":3},{"damage":26,"enemies":"Lagavulin","floor":13,"turns":8},{"damage":0,"enemies":"Exordium Wildlife","floor":14,"turns":4},{"damage":18,"enemies":"Hexaghost","floor":16,"turns":8},{"damage":0,"enemies":"Shell Parasite","floor":18,"turns":4},{"damage":2,"enemies":"Spheric Guardian","floor":19,"turns":4},{"damage":3,"enemies":"Centurion and Healer","floor":22,"turns":5},{"damage":17,"enemies":"Gremlin Leader","floor":24,"turns":4},{"damage":4,"enemies":"Sentry and Sphere","floor":28,"turns":4},{"damage":0,"enemies":"animator:HornedBat","floor":30,"turns":5},{"damage":0,"enemies":"Shelled Parasite and Fungi","floor":31,"turns":4},{"damage":2,"enemies":"Champ","floor":33,"turns":8},{"damage":0,"enemies":"Orb Walker","floor":35,"turns":3},{"damage":11,"enemies":"3 Darklings","floor":36,"turns":5},{"damage":0,"enemies":"Maw","floor":38,"turns":6},{"damage":34,"enemies":"Writhing Mass","floor":39,"turns":6},{"damage":6,"enemies":"Sphere and 2 Shapes","floor":48,"turns":6},{"damage":55,"enemies":"Awakened One","floor":50,"turns":4}],"seed_played":"-3944365673345069008","potions_obtained":[{"floor":3,"key":"champ:CounterPotion"},{"floor":4,"key":"Weak Potion"},{"floor":7,"key":"FearPotion"}],"is_trial":false,"path_per_floor":["M","?","M","M","?","R","E","R","T","$","M","?","E","M","R","B",null,"M","M","?","$","M","R","E","R","T","R","M","?","E","M","R","B",null,"M","M","?","M","M","R","T","R","T","$","R","$","?","M","R","B"],"character_chosen":"THE_ANIMATOR","items_purchased":["Vajra","animator:Tet","animator:Raven","Bronze Scales","animator:Arpeggio","animator:CerealBox","animator:Tet","animator:ElricAlphonse"],"campfire_rested":1,"item_purchase_floors":[10,21,21,21,44,44,44,46],"current_hp_per_floor":[71,64,65,67,60,60,50,50,50,50,53,53,30,33,54,40,74,74,72,72,72,71,71,57,57,57,57,56,56,59,63,63,64,80,80,69,69,72,41,41,41,41,41,41,41,41,41,50,50,0,0],"gold":87,"neow_bonus":"TEN_PERCENT_HP_BONUS","is_daily":false,"chose_seed":false,"campfire_upgraded":10,"win_rate":0.0,"timestamp":1611123731,"path_taken":["M","?","?","M","?","R","E","R","T","$","M","?","E","M","R","BOSS","M","M","?","$","M","R","E","R","T","R","M","?","E","M","R","BOSS","M","M","?","?","M","R","?","R","T","$","R","$","?","?","R","BOSS"],"items_purchased_type":["Relic","Card","Card","Relic","Card","Relic","Card","Card"],"build_version":"2020-12-22","purchased_purges":0,"victory":false,"max_hp_per_floor":[72,72,72,72,72,72,73,73,73,73,73,73,73,73,73,74,74,74,74,74,74,74,74,74,74,74,74,74,74,74,75,75,75,80,80,80,80,80,80,80,80,80,80,80,80,80,80,80,80,80,80],"card_choices":[{"not_picked":["animator:YuiTsuruno","animator:Ain"],"picked":"animator:Darkness","floor":1},{"not_picked":["animator:Ain","animator:Ciel"],"picked":"animator:Lu","floor":3},{"not_picked":["animator:RoryMercury","animator:TukaLunaMarceau"],"picked":"animator:IzunaHatsuse","floor":4},{"not_picked":["animator:Aqua","animator:Kazuma"],"picked":"animator:Vanir","floor":7},{"not_picked":["animator:GuildGirl","animator:ZankiKiguchi"],"picked":"animator:Envy","floor":11},{"not_picked":["animator:Pride","animator:Aisha"],"picked":"animator:ZankiKiguchi","floor":13},{"not_picked":["animator:Konayuki","animator:TukaLunaMarceau"],"picked":"animator:DolaSchwi","floor":14},{"not_picked":["animator:Boros","animator:Wiz"],"picked":"animator:Greed","floor":16},{"not_picked":["animator:DolaSchwi","animator:Jibril"],"picked":"animator:FielNirvalen","floor":18},{"not_picked":["animator:Bozes+1","animator:MumenRider+1"],"picked":"animator:Vanir","floor":19},{"not_picked":["animator:Jibril","animator:Tyuule"],"picked":"animator:DolaSchwi+1","floor":22},{"not_picked":["animator:Chung","animator:MetalKnight"],"picked":"animator:MaesHughes","floor":24},{"not_picked":["animator:Mitsurugi","animator:Verdia"],"picked":"animator:YunYun","floor":28},{"not_picked":["animator:Shiro","animator:Witch+1"],"picked":"animator:Tatsumaki","floor":30},{"not_picked":["animator:Verdia+1","animator:UneriGinkaku"],"picked":"animator:ElricEdward+1","floor":31},{"not_picked":["animator:GoblinSlayer","animator:Greed"],"picked":"animator:SwordMaiden","floor":33},{"not_picked":["animator:Mitsurugi","animator:ElricEdward"],"picked":"animator:Priestess","floor":34},{"not_picked":["animator:MumenRider","animator:TsurugaMeisai"],"picked":"animator:Jibril","floor":35},{"not_picked":["animator:Jibril","animator:DolaCouronne"],"picked":"animator:FielNirvalen","floor":36},{"not_picked":["animator:Lu","animator:ElricEdward+1"],"picked":"animator:Kuribayashi","floor":38},{"not_picked":["animator:Sora","animator:SilverFang"],"picked":"animator:Darkness","floor":39},{"not_picked":["animator:ZankiKiguchi","animator:Priestess+1"],"picked":"animator:Ara","floor":48}],"player_experience":371991,"relics_obtained":[{"floor":7,"key":"animator:Buoy"},{"floor":9,"key":"Bag of Preparation"},{"floor":13,"key":"animator:BattleDrones"},{"floor":24,"key":"Whetstone"},{"floor":26,"key":"Red Skull"},{"floor":30,"key":"Anchor"},{"floor":41,"key":"Paper Frog"},{"floor":43,"key":"Sundial"}],"event_choices":[{"damage_healed":0,"gold_gain":75,"player_choice":"Touch","damage_taken":7,"max_hp_gain":0,"max_hp_loss":0,"event_name":"FaceTrader","floor":2,"gold_loss":0},{"damage_healed":0,"gold_gain":0,"player_choice":"Success","damage_taken":7,"relics_obtained":["animator:WornHelmet"],"max_hp_gain":0,"max_hp_loss":0,"event_name":"Scrap Ooze","floor":5,"gold_loss":0},{"damage_healed":0,"gold_gain":67,"player_choice":"Gained Gold","damage_taken":0,"max_hp_gain":0,"max_hp_loss":0,"event_name":"Golden Wing","floor":12,"gold_loss":0},{"damage_healed":0,"gold_gain":0,"player_choice":"Read","damage_taken":0,"max_hp_gain":0,"max_hp_loss":0,"event_name":"The Library","floor":20,"gold_loss":0,"cards_obtained":["animator:Verdia"]},{"damage_healed":0,"gold_gain":0,"player_choice":"Obtained Relic","damage_taken":0,"relics_obtained":["Meat on the Bone"],"max_hp_gain":0,"max_hp_loss":0,"event_name":"Addict","floor":29,"gold_loss":85},{"cards_removed":["animator:Defend"],"damage_healed":0,"gold_gain":0,"player_choice":"Purged","damage_taken":0,"max_hp_gain":0,"max_hp_loss":0,"event_name":"Purifier","floor":37,"gold_loss":0},{"damage_healed":0,"gold_gain":0,"player_choice":"Bought 0 Potions","damage_taken":0,"max_hp_gain":0,"max_hp_loss":0,"event_name":"The Woman in Blue","floor":47,"gold_loss":0}],"is_beta":false,"boss_relics":[{"not_picked":["Black Star","Busted Crown"],"picked":"Sozu"},{"not_picked":["Calling Bell","Runic Dome"],"picked":"Tiny House"}],"items_purged_floors":[],"is_endless":false,"potions_floor_spawned":[3,4,7,14,16,18,30,36],"killed_by":"Awakened One","ascension_level":0}}