{"host":"ss2ocoam53r2lno0","time":1611135410,"event":{"mods":["Act Like it!","BaseMod","ChefMod","Clockwork Mod","Colored Powertips","Curses Come First","Displayed Cursed Tome","Downfall","Evolution","Googly Eyes","Hallownest","Highlight Path","Minty Spire (QoL Compilation)","Poor People Problems","Rare Cards Sparkle","Robot Space Explorer","Shade Mod","Shop Mod","Spicy Shops","StSLib","The Marked"],"gold_per_floor":[112,123,137,60,60,60,71,71,71,90,90,40,40,59,59,132,132,142,153,39,58,58,58],"floor_reached":22,"language":"ENG","playtime":1491,"items_purged":["Clockwork:Shield"],"score":303,"play_id":"42d71b12-033f-424c-bb35-6aefff97f810","local_time":"20210120103650","is_ascension_mode":true,"campfire_choices":[{"data":"Clockwork:ChargingBlade","floor":6,"key":"SMITH"},{"data":"Clockwork:CraftVarja","floor":11,"key":"SMITH"},{"floor":15,"key":"REST"}],"circlet_count":0,"master_deck":["AscendersBane","Clockwork:Strike+1","Clockwork:Shield","Clockwork:Tinker","Clockwork:WarmUp","Clockwork:Clone","Clockwork:ChargingBlade+1","Clockwork:Inspiration","Clockwork:OccamsRazor"],"relics":["Clockwork:MomentumEngine","EVO:Axolotl","Whetstone","Vajra","Molten Egg 2","Clockwork:Varja","bronze:MakeshiftBattery"],"acts_visited":["Exordium","TheCity"],"potions_floor_usage":[19,21],"damage_taken":[{"damage":3,"enemies":"Small Slimes","floor":1,"turns":5},{"damage":0,"enemies":"2 Louse","floor":2,"turns":6},{"damage":1,"enemies":"Cultist","floor":3,"turns":6},{"damage":16,"enemies":"Large Slime","floor":7,"turns":11},{"damage":12,"enemies":"2 Fungi Beasts","floor":10,"turns":6},{"damage":5,"enemies":"3 Louse","floor":14,"turns":7},{"damage":43,"enemies":"Hexaghost","floor":16,"turns":12},{"damage":16,"enemies":"Chosen","floor":18,"turns":6},{"damage":17,"enemies":"3 Byrds","floor":19,"turns":5},{"damage":23,"enemies":"Centurion and Healer","floor":21,"turns":8},{"damage":7,"enemies":"Shelled Parasite and Fungi","floor":22,"turns":2}],"seed_played":"-6892645429076604442","potions_obtained":[{"floor":1,"key":"Ancient Potion"},{"floor":2,"key":"SteroidPotion"},{"floor":18,"key":"Fire Potion"},{"floor":19,"key":"DistilledChaos"}],"is_trial":false,"path_per_floor":["M","M","M","$","?","R","M","$","T","M","R","?","?","M","R","B",null,"M","M","$","M","M"],"character_chosen":"CLOCKWORK","items_purchased":["Clockwork:CraftVarja","Clockwork:OccamsRazor"],"campfire_rested":1,"item_purchase_floors":[4,20],"current_hp_per_floor":[68,68,67,67,67,67,51,51,51,39,39,39,39,34,57,14,63,47,30,30,7,0,0],"gold":58,"neow_bonus":"RANDOM_COMMON_RELIC","is_daily":false,"chose_seed":false,"campfire_upgraded":2,"win_rate":0.0,"timestamp":1611135410,"path_taken":["M","M","M","$","?","R","M","$","T","M","R","?","?","M","R","BOSS","M","M","$","M","M"],"items_purchased_type":["Card","Card"],"build_version":"2020-12-22","purchased_purges":1,"victory":false,"max_hp_per_floor":[79,79,79,79,79,79,79,79,79,79,79,79,79,79,79,79,79,79,79,79,79,79,79],"card_choices":[{"not_picked":["Clockwork:RampUp","Clockwork:SystemHardening"],"picked":"Clockwork:Clone","floor":1},{"not_picked":["Clockwork:Enhance","Clockwork:PerfectedShield"],"picked":"Clockwork:ChargingBlade","floor":2},{"not_picked":["Clockwork:SystemHardening","Clockwork:CogShield"],"picked":"Clockwork:Downsize","floor":3},{"not_picked":["Clockwork:Enhance","Clockwork:AdaptiveShield","Clockwork:OccamsRazor"],"picked":"SKIP","floor":7},{"not_picked":["Clockwork:Enhance","Clockwork:AdaptiveShield","Clockwork:OccamsRazor"],"picked":"SKIP","floor":7},{"not_picked":["Clockwork:Clone","Clockwork:Pluck"],"picked":"Clockwork:CraftVarja","floor":10},{"not_picked":["Clockwork:TimeOut","Clockwork:FalseStart+1","Clockwork:SystemHardening"],"picked":"SKIP","floor":14},{"not_picked":["Clockwork:Halt","Clockwork:UnlimitedCogworks"],"picked":"Clockwork:Inspiration","floor":16},{"not_picked":["Clockwork:CogBarrier","Clockwork:AdaptiveCannon+1","Clockwork:AdaptiveShield"],"picked":"SKIP","floor":18},{"not_picked":["Clockwork:Enhance","Clockwork:SearingStrike+1","Clockwork:SystemScan"],"picked":"SKIP","floor":19},{"not_picked":["Clockwork:AdaptiveShield","Clockwork:Inspiration","Clockwork:CogShield"],"picked":"SKIP","floor":21}],"player_experience":804046,"relics_obtained":[{"floor":9,"key":"Vajra"}],"event_choices":[{"cards_removed":["Clockwork:Strike"],"damage_healed":0,"gold_gain":0,"player_choice":"Forget","damage_taken":0,"max_hp_gain":0,"max_hp_loss":0,"event_name":"Living Wall","floor":5,"gold_loss":0},{"cards_removed":["Clockwork:Friction"],"damage_healed":0,"gold_gain":0,"player_choice":"Card Removal","damage_taken":0,"max_hp_gain":0,"max_hp_loss":0,"event_name":"The Cleric","floor":12,"gold_loss":50},{"damage_healed":0,"gold_gain":0,"player_choice":"Gave Potion","damage_taken":0,"relics_obtained":["Molten Egg 2"],"max_hp_gain":0,"max_hp_loss":0,"event_name":"WeMeetAgain","floor":13,"gold_loss":0}],"is_beta":false,"boss_relics":[{"not_picked":["Runic Pyramid","expansioncontent:StudyCardRelic"],"picked":"bronze:MakeshiftBattery"}],"items_purged_floors":[20],"is_endless":false,"potions_floor_spawned":[1,2,7,18,19],"killed_by":"Shelled Parasite and Fungi","ascension_level":14}}