{"host":"w3q5ijqu8eoknil3","time":1611129017,"event":{"mods":["AchievementEnabler","BaseMod","Block Reminder","Colored Map","Colored Powertips","Curses Come First","Dark Map","Minty Spire (QoL Compilation)","Quick Restart","Relic Stats","StSLib","ojb\u0027s Better Paths Mod","ojb\u0027s Info Mod","slay the spire mod where everything is the same but ironclad has a cowboy hat"],"gold_per_floor":[119,130,130,146,146,179,199,27,50,65,65,124,124,159,159,159,159],"floor_reached":16,"language":"ENG","playtime":417,"items_purged":[],"score":209,"play_id":"184a8b55-f9a5-4edb-8dc7-db0b28c13ea8","local_time":"20210120075017","is_ascension_mode":true,"campfire_choices":[{"floor":11,"key":"REST"},{"data":"Skewer","floor":13,"key":"SMITH"},{"floor":15,"key":"REST"}],"circlet_count":0,"master_deck":["AscendersBane","Strike_G","Strike_G","Strike_G","Strike_G","Strike_G","Defend_G","Defend_G","Defend_G","Defend_G","Defend_G","Survivor","Neutralize","Poisoned Stab","Choke","Skewer+1","Venomology","Finisher"],"relics":["Ring of the Snake","NeowsBlessing","Smiling Mask","Singing Bowl","Tiny Chest","Membership Card","Lantern","Toy Ornithopter"],"acts_visited":["Exordium"],"potions_floor_usage":[6,7,7,7,14,14,16,16],"damage_taken":[{"damage":0,"enemies":"Jaw Worm","floor":1,"turns":1},{"damage":0,"enemies":"2 Louse","floor":2,"turns":1},{"damage":0,"enemies":"Small Slimes","floor":4,"turns":1},{"damage":23,"enemies":"Gremlin Nob","floor":6,"turns":4},{"damage":3,"enemies":"Looter","floor":7,"turns":4},{"damage":9,"enemies":"Exordium Wildlife","floor":10,"turns":4},{"damage":44,"enemies":"3 Sentries","floor":14,"turns":11},{"damage":42,"enemies":"The Guardian","floor":16,"turns":8}],"seed_played":"7936778072747945574","potions_obtained":[{"floor":4,"key":"SpeedPotion"},{"floor":6,"key":"SpeedPotion"},{"floor":7,"key":"Fruit Juice"},{"floor":10,"key":"SneckoOil"},{"floor":14,"key":"ColorlessPotion"}],"is_trial":false,"path_per_floor":["M","M","?","M","T","E","M","$","T","M","R","?","R","E","R","B"],"character_chosen":"THE_SILENT","items_purchased":["Membership Card"],"campfire_rested":2,"item_purchase_floors":[8],"current_hp_per_floor":[59,59,41,41,41,18,20,20,20,13,34,34,34,7,29,0,0],"gold":159,"neow_bonus":"THREE_ENEMY_KILL","is_daily":false,"chose_seed":false,"campfire_upgraded":1,"win_rate":0.0,"timestamp":1611129017,"path_taken":["M","M","?","M","?","E","M","$","T","M","R","?","R","E","R","BOSS"],"items_purchased_type":["Relic"],"build_version":"2020-12-22","purchased_purges":0,"victory":false,"max_hp_per_floor":[66,66,66,66,66,66,71,71,71,73,73,73,73,75,75,75,75],"relic_stats":{"Singing Bowl":4,"counters":[8,34],"Tiny Chest":0,"Smiling Mask":0,"obtain_stats":[{"Lantern":9,"NeowsBlessing":0,"Singing Bowl":5,"Tiny Chest":6,"Membership Card":8,"Smiling Mask":3,"Toy Ornithopter":14,"Ring of the Snake":0},{"Lantern":5,"NeowsBlessing":0,"Singing Bowl":3,"Tiny Chest":4,"Membership Card":5,"Smiling Mask":2,"Toy Ornithopter":7,"Ring of the Snake":0},{"Lantern":11,"NeowsBlessing":0,"Singing Bowl":3,"Tiny Chest":7,"Membership Card":11,"Smiling Mask":2,"Toy Ornithopter":26,"Ring of the Snake":0}],"Toy Ornithopter":10,"Ring of the Snake":[16]},"card_choices":[{"not_picked":["PiercingWail","Outmaneuver"],"picked":"Poisoned Stab","floor":1},{"not_picked":["Heel Hook","Flechettes"],"picked":"Choke","floor":2},{"not_picked":["Outmaneuver","Sucker Punch"],"picked":"Skewer","floor":4},{"not_picked":["Well Laid Plans","Caltrops"],"picked":"Venomology","floor":6},{"not_picked":["Reflex","Tactician"],"picked":"Finisher","floor":7},{"not_picked":["Cloak And Dagger","Bane","Reflex"],"picked":"Singing Bowl","floor":10},{"not_picked":["Well Laid Plans","Caltrops","Finisher"],"picked":"Singing Bowl","floor":14}],"player_experience":999980,"relics_obtained":[{"floor":5,"key":"Singing Bowl"},{"floor":6,"key":"Tiny Chest"},{"floor":9,"key":"Lantern"},{"floor":14,"key":"Toy Ornithopter"}],"event_choices":[{"damage_healed":0,"gold_gain":0,"player_choice":"Success","damage_taken":18,"relics_obtained":["Smiling Mask"],"max_hp_gain":0,"max_hp_loss":0,"event_name":"Scrap Ooze","floor":3,"gold_loss":0},{"damage_healed":0,"gold_gain":59,"player_choice":"Gained Gold","damage_taken":0,"max_hp_gain":0,"max_hp_loss":0,"event_name":"Golden Wing","floor":12,"gold_loss":0}],"is_beta":false,"boss_relics":[],"items_purged_floors":[],"is_endless":false,"potions_floor_spawned":[4,6,7,10,14],"killed_by":"The Guardian","ascension_level":18}}