{"host":"lip44byzewa3adv8","time":1611100825,"event":{"mods":["BaseMod","Curses Come First","Minty Spire (QoL Compilation)","Relic Sorter","Relic Stats","ShortenTheSpire","StSLib","Synergy Search"],"gold_per_floor":[119,131,148,158,174,202,212,242,323,323,323,339,15,32,32,132,132,148,162,87,107,138,138,158,201,224,224,224,248,248,283,283,388,388,411,371,45,72,36,77,77,97,97,97,97],"floor_reached":44,"language":"ENG","playtime":3459,"items_purged":["Strike_G","Strike_G"],"score":620,"play_id":"8ae4b239-dd60-4911-beac-fff70995e44b","local_time":"20210119190025","is_ascension_mode":true,"campfire_choices":[{"floor":11,"key":"REST"},{"data":"Bouncing Flask","floor":15,"key":"SMITH"},{"data":"Catalyst","floor":23,"key":"SMITH"},{"floor":28,"key":"REST"},{"data":"Night Terror","floor":30,"key":"SMITH"},{"floor":32,"key":"REST"},{"data":"Crippling Poison","floor":41,"key":"SMITH"}],"circlet_count":0,"master_deck":["Strike_G","Strike_G","Defend_G","Defend_G","Defend_G","Defend_G","Defend_G","Survivor","Neutralize","Bouncing Flask+1","Backflip","Flechettes","PiercingWail","Caltrops","Dagger Spray","Night Terror+1","Catalyst+1","Deadly Poison","Quick Slash","Crippling Poison+1","Footwork","Tools of the Trade","Dodge and Roll+1","Footwork","Backflip+1","Deadly Poison","Corpse Explosion"],"relics":["Strawberry","Eternal Feather","Mummified Hand","MealTicket","Snake Skull","Velvet Choker","Red Mask","CeramicFish","Potion Belt","Nloth\u0027s Gift","StoneCalendar","Black Star","PreservedInsect","Bag of Preparation","Bronze Scales"],"acts_visited":["Exordium","TheCity","TheBeyond"],"potions_floor_usage":[6,6,18,21,22,22,31,31,40,44],"damage_taken":[{"damage":2.0,"enemies":"Cultist","floor":1.0,"turns":4.0},{"damage":3.0,"enemies":"Small Slimes","floor":2.0,"turns":3.0},{"damage":0.0,"enemies":"2 Louse","floor":3.0,"turns":2.0},{"damage":5.0,"enemies":"Red Slaver","floor":4.0,"turns":4.0},{"damage":1.0,"enemies":"Exordium Thugs","floor":5.0,"turns":5.0},{"damage":10,"enemies":"3 Sentries","floor":6,"turns":8},{"damage":10,"enemies":"Large Slime","floor":7,"turns":11},{"damage":32,"enemies":"Lagavulin","floor":8,"turns":7},{"damage":1,"enemies":"Looter","floor":12,"turns":3},{"damage":10,"enemies":"3 Louse","floor":14,"turns":3},{"damage":2,"enemies":"Hexaghost","floor":16,"turns":7},{"damage":22,"enemies":"2 Thieves","floor":18,"turns":3},{"damage":9,"enemies":"Spheric Guardian","floor":19,"turns":5},{"damage":19,"enemies":"Centurion and Healer","floor":21,"turns":6},{"damage":11,"enemies":"Masked Bandits","floor":22,"turns":5},{"damage":12,"enemies":"Snecko","floor":24,"turns":3},{"damage":19,"enemies":"Book of Stabbing","floor":25,"turns":4},{"damage":5,"enemies":"Sentry and Sphere","floor":29,"turns":3},{"damage":28,"enemies":"Slavers","floor":31,"turns":6},{"damage":42,"enemies":"Champ","floor":33,"turns":8},{"damage":5,"enemies":"3 Shapes","floor":35,"turns":5},{"damage":29,"enemies":"3 Darklings","floor":38,"turns":5},{"damage":14,"enemies":"Giant Head","floor":40,"turns":7},{"damage":34,"enemies":"Spire Growth","floor":42,"turns":5},{"damage":35,"enemies":"Reptomancer","floor":44,"turns":5}],"seed_played":"-6304452277220661031","potions_obtained":[{"floor":1.0,"key":"EssenceOfSteel"},{"floor":3.0,"key":"Explosive Potion"},{"floor":4.0,"key":"Dexterity Potion"},{"floor":8,"key":"Energy Potion"},{"floor":12,"key":"Strength Potion"},{"floor":16,"key":"Regen Potion"},{"floor":21,"key":"CunningPotion"},{"floor":22,"key":"SteroidPotion"},{"floor":24,"key":"Strength Potion"},{"floor":29,"key":"EssenceOfSteel"},{"floor":36,"key":"Weak Potion"},{"floor":36,"key":"SteroidPotion"},{"floor":36,"key":"Strength Potion"},{"floor":38,"key":"DistilledChaos"},{"floor":42,"key":"CultistPotion"}],"is_trial":false,"path_per_floor":["M","M","M","M","M","E","M","E","T","T","R","M","$","M","R","B",null,"M","M","?","M","?","R","M","E","T","?","R","M","R","E","R","B",null,"M","?","$","M","$","E","R","M","T","E"],"character_chosen":"THE_SILENT","items_purchased":["PiercingWail","Snake Skull","Caltrops","PreservedInsect","Footwork","Deadly Poison"],"campfire_rested":3,"item_purchase_floors":[13,13,13,37,37,39],"current_hp_per_floor":[68,65,65,60,59,56,46,14,14,14,43,42,57,47,56,54,77,55,46,46,41,30,39,27,8,8,8,43,38,50,22,57,15,77,72,72,77,48,63,49,64,30,30,0,0],"gold":97,"neow_bonus":"BOSS_RELIC","is_daily":false,"chose_seed":false,"campfire_upgraded":4,"win_rate":0.0,"timestamp":1611100825,"path_taken":["M","M","M","M","M","E","M","E","T","?","R","M","$","M","R","BOSS","M","M","?","M","?","R","M","E","T","?","R","M","R","E","R","BOSS","M","?","?","M","$","E","R","M","T","E"],"items_purchased_type":["Card","Relic","Card","Relic","Card","Card"],"build_version":"2020-12-22","purchased_purges":2,"victory":false,"max_hp_per_floor":[70,70,70,70,70,77,77,77,77,77,77,77,77,77,77,77,77,77,77,77,77,77,77,77,77,77,77,77,77,77,77,77,77,77,77,77,77,77,77,77,77,77,77,77,77],"relic_stats":{"counters":[25,127],"CeramicFish":81,"Eternal Feather":75,"StoneCalendar":[104],"Snake Skull":[130],"PreservedInsect":184,"Bag of Preparation":[4],"Mummified Hand":[36],"Bronze Scales":[30],"MealTicket":35,"Nloth\u0027s Gift":1,"Black Star":1,"obtain_stats":[{"Potion Belt":26,"CeramicFish":25,"Velvet Choker":17,"Eternal Feather":8,"StoneCalendar":31,"Snake Skull":13,"PreservedInsect":37,"Bag of Preparation":40,"Busted Crown":0,"Mummified Hand":9,"Strawberry":6,"Bronze Scales":40,"MealTicket":10,"Red Mask":22,"Nloth\u0027s Gift":27,"Black Star":34,"Ring of the Snake":0},{"Potion Belt":17,"CeramicFish":17,"Velvet Choker":11,"Eternal Feather":8,"StoneCalendar":19,"Snake Skull":9,"PreservedInsect":21,"Bag of Preparation":23,"Busted Crown":0,"Mummified Hand":8,"Strawberry":6,"Bronze Scales":23,"MealTicket":8,"Red Mask":15,"Nloth\u0027s Gift":17,"Black Star":20,"Ring of the Snake":0},{"Potion Belt":83,"CeramicFish":83,"Velvet Choker":57,"Eternal Feather":44,"StoneCalendar":92,"Snake Skull":47,"PreservedInsect":105,"Bag of Preparation":117,"Busted Crown":0,"Mummified Hand":44,"Strawberry":26,"Bronze Scales":117,"MealTicket":44,"Red Mask":76,"Nloth\u0027s Gift":83,"Black Star":100,"Ring of the Snake":0}]},"card_choices":[{"not_picked":[],"picked":"Bouncing Flask","floor":1.0},{"not_picked":["Prepared"],"picked":"SKIP","floor":2.0},{"not_picked":[],"picked":"Backflip","floor":3.0},{"not_picked":["Eviscerate"],"picked":"SKIP","floor":4.0},{"not_picked":["Slice"],"picked":"SKIP","floor":5.0},{"not_picked":["Expertise"],"picked":"SKIP","floor":6},{"not_picked":["Bane"],"picked":"SKIP","floor":7},{"not_picked":["Eviscerate"],"picked":"SKIP","floor":8},{"not_picked":[],"picked":"Flechettes","floor":12},{"not_picked":[],"picked":"Dagger Spray","floor":14},{"not_picked":[],"picked":"Night Terror","floor":16},{"not_picked":["Backstab"],"picked":"SKIP","floor":18},{"not_picked":[],"picked":"Catalyst","floor":19},{"not_picked":["Prepared"],"picked":"SKIP","floor":21},{"not_picked":[],"picked":"Deadly Poison","floor":24},{"not_picked":[],"picked":"Quick Slash","floor":25},{"not_picked":["Dagger Spray","Finisher+1"],"picked":"Crippling Poison","floor":29},{"not_picked":["Heel Hook","Bullet Time"],"picked":"Footwork","floor":31},{"not_picked":["A Thousand Cuts","Malaise"],"picked":"Tools of the Trade","floor":33},{"not_picked":["Deadly Poison","Dagger Throw+1"],"picked":"Dodge and Roll+1","floor":35},{"not_picked":["Deflect+1","All Out Attack+1"],"picked":"Backflip+1","floor":38},{"not_picked":["Reflex+1","Slice+1"],"picked":"Corpse Explosion","floor":40},{"not_picked":["Prepared+1","Deadly Poison","Poisoned Stab"],"picked":"SKIP","floor":42}],"player_experience":719869,"relics_obtained":[{"floor":6,"key":"Strawberry"},{"floor":8,"key":"Eternal Feather"},{"floor":9,"key":"Mummified Hand"},{"floor":10,"key":"MealTicket"},{"floor":22,"key":"Red Mask"},{"floor":25,"key":"CeramicFish"},{"floor":26,"key":"Potion Belt"},{"floor":31,"key":"StoneCalendar"},{"floor":40,"key":"Bag of Preparation"},{"floor":40,"key":"Bronze Scales"}],"event_choices":[{"cards_removed":["Strike_G"],"damage_healed":0,"gold_gain":0,"player_choice":"Gave Gold","damage_taken":0,"max_hp_gain":0,"max_hp_loss":0,"event_name":"Beggar","floor":20,"gold_loss":75},{"damage_healed":0,"gold_gain":0,"player_choice":"Fought Bandits","damage_taken":0,"max_hp_gain":0,"max_hp_loss":0,"event_name":"Masked Bandits","floor":22,"gold_loss":0},{"damage_healed":0,"gold_gain":0,"player_choice":"Traded Relic","damage_taken":0,"relics_obtained":["Nloth\u0027s Gift"],"max_hp_gain":0,"max_hp_loss":0,"event_name":"N\u0027loth","floor":27,"relics_lost":["Busted Crown"],"gold_loss":0},{"damage_healed":0,"gold_gain":0,"player_choice":"Bought 3 Potions","damage_taken":0,"max_hp_gain":0,"max_hp_loss":0,"event_name":"The Woman in Blue","floor":36,"gold_loss":0}],"is_beta":false,"boss_relics":[{"not_picked":["HoveringKite","Fusion Hammer"],"picked":"Velvet Choker"},{"not_picked":["SacredBark","Cursed Key"],"picked":"Black Star"}],"items_purged_floors":[13,37],"is_endless":false,"potions_floor_spawned":[1,3,4,8,12,16,21,22,24,29,38,42],"killed_by":"Reptomancer","ascension_level":4}}