{"host":"sc0o2qwpf9j16a4i","time":1611185229,"event":{"mods":["AchievementEnabler","BaseMod","BetterRewards","Block Reminder","Colored Map","Colored Powertips","Custom Start","Highlight Path","Minty Spire (QoL Compilation)","Relic Stats"],"gold_per_floor":[119,139,139,149,160,160,195,195,243,277,290,306,306,306,306,378,378,396,286,299,316,72,83,83,133,157,2,17,17,17,33,33,105,105,122,122,140,155,100,125,125,159,159,2,19,19,34,44,44,44,44],"floor_reached":50,"language":"ENG","playtime":1776,"items_purged":["Strike_G","Defend_G"],"score":1382,"play_id":"f63f98b4-c987-4d36-b9be-74662def4e10","local_time":"20210121012709","is_ascension_mode":true,"campfire_choices":[{"floor":6.0,"key":"REST"},{"floor":8.0,"key":"REST"},{"floor":15.0,"key":"REST"},{"floor":24.0,"key":"REST"},{"data":"Wraith Form v2","floor":29.0,"key":"SMITH"},{"data":"Wraith Form v2","floor":32.0,"key":"SMITH"},{"data":"Catalyst","floor":41,"key":"SMITH"},{"floor":49,"key":"RECALL"}],"circlet_count":0,"master_deck":["AscendersBane","Defend_G+1","Defend_G","Defend_G","Defend_G","Survivor","Neutralize","Deadly Poison","Skewer","Dagger Spray","Deadly Poison","Catalyst","Wraith Form v2+1","Riddle With Holes","Malaise","Deadly Poison+1","Choke+1","Wraith Form v2+1","Riddle With Holes","Noxious Fumes","Catalyst+1","After Image+1","Catalyst","PiercingWail","PiercingWail+1","PiercingWail"],"relics":["Ring of the Snake","Question Card","Orichalcum","Eternal Feather","Blood Vial","Boot","Lizard Tail","Snecko Eye","DollysMirror","Smiling Mask","Empty Cage","Bag of Preparation","Pear","Omamori"],"acts_visited":["Exordium","TheCity","TheBeyond"],"potions_floor_usage":[35,40,50],"damage_taken":[{"damage":4.0,"enemies":"Small Slimes","floor":1.0,"turns":4.0},{"damage":1.0,"enemies":"Cultist","floor":2.0,"turns":5.0},{"damage":0.0,"enemies":"2 Louse","floor":4.0,"turns":3.0},{"damage":2.0,"enemies":"Exordium Wildlife","floor":5.0,"turns":4.0},{"damage":21.0,"enemies":"Lagavulin","floor":7.0,"turns":6.0},{"damage":35.0,"enemies":"Gremlin Nob","floor":10.0,"turns":4.0},{"damage":4.0,"enemies":"Lots of Slimes","floor":11.0,"turns":4.0},{"damage":9.0,"enemies":"Large Slime","floor":12.0,"turns":6.0},{"damage":8.0,"enemies":"Slime Boss","floor":16.0,"turns":9.0},{"damage":13.0,"enemies":"2 Thieves","floor":18.0,"turns":4.0},{"damage":19.0,"enemies":"Spheric Guardian","floor":20.0,"turns":6.0},{"damage":32.0,"enemies":"Cultist and Chosen","floor":21.0,"turns":8.0},{"damage":0.0,"enemies":"Sentry and Sphere","floor":23.0,"turns":5.0},{"damage":4.0,"enemies":"3 Cultists","floor":28.0,"turns":5.0},{"damage":4.0,"enemies":"Centurion and Healer","floor":31.0,"turns":4.0},{"damage":14.0,"enemies":"Collector","floor":33.0,"turns":9.0},{"damage":0,"enemies":"3 Darklings","floor":35,"turns":4},{"damage":0,"enemies":"3 Shapes","floor":37,"turns":8},{"damage":13,"enemies":"Jaw Worm Horde","floor":38,"turns":5},{"damage":14,"enemies":"Giant Head","floor":40,"turns":11},{"damage":3,"enemies":"Nemesis","floor":42,"turns":7},{"damage":0,"enemies":"Transient","floor":45,"turns":6},{"damage":0,"enemies":"Spire Growth","floor":47,"turns":4},{"damage":2,"enemies":"4 Shapes","floor":48,"turns":7},{"damage":0,"enemies":"Donu and Deca","floor":50,"turns":1}],"seed_played":"1328725300067711907","potions_obtained":[{"floor":1.0,"key":"Block Potion"},{"floor":7.0,"key":"Poison Potion"},{"floor":10.0,"key":"FearPotion"},{"floor":11.0,"key":"LiquidMemories"},{"floor":16.0,"key":"Weak Potion"},{"floor":23.0,"key":"Explosive Potion"},{"floor":31.0,"key":"Strength Potion"},{"floor":33.0,"key":"Swift Potion"},{"floor":38,"key":"Weak Potion"},{"floor":40,"key":"FearPotion"},{"floor":47,"key":"Ancient Potion"}],"is_trial":false,"path_per_floor":["M","M","?","M","M","R","E","R","T","E","M","M","?","T","R","B",null,"M","?","M","M","$","M","R","?","T","$","M","R","$","M","R","B",null,"M","?","M","M","?","E","R","E","T","$","M","$","M","M","R","B"],"character_chosen":"THE_SILENT","items_purchased":["Question Card","Orichalcum","CunningPotion","DollysMirror","Regen Potion","Noxious Fumes","PiercingWail","Block Potion"],"campfire_rested":4,"item_purchase_floors":[0,0,0,22,27,27,44,44],"current_hp_per_floor":[35,34,34,34,32,51,30,58,58,25,23,16,16,16,44,38,59,48,48,31,1,1,3,34,34,34,34,32,44,44,54,66,52,63,65,65,66,53,53,51,63,62,62,62,64,64,66,66,76,76,76],"gold":44,"neow_bonus":"","is_daily":false,"chose_seed":false,"campfire_upgraded":3,"win_rate":0.0,"timestamp":1611185229,"path_taken":["M","M","?","M","?","R","E","R","T","E","M","M","?","?","R","BOSS","M","?","?","M","$","M","R","?","T","$","M","R","?","M","R","BOSS","M","?","M","?","?","E","R","E","T","$","?","$","M","M","R","BOSS"],"items_purchased_type":["Relic","Relic","Potion","Relic","Potion","Card","Card","Potion"],"build_version":"2020-12-22","purchased_purges":2,"victory":false,"max_hp_per_floor":[66,66,66,66,66,66,66,66,66,66,66,66,66,66,66,66,66,66,66,66,66,66,66,66,66,66,66,66,66,66,66,66,66,66,66,66,66,66,66,76,76,76,76,76,76,76,76,76,76,76,76],"relic_stats":{"Blood Vial":33,"Lizard Tail":0,"counters":[40,254],"Snecko Eye":[136,163,147,162],"Eternal Feather":76,"Bag of Preparation":[6],"Orichalcum":[630],"Question Card":24,"Boot":[330],"Smiling Mask":50,"obtain_stats":[{"Lantern":12,"Pear":40,"Velvet Choker":0,"Eternal Feather":7,"PreservedInsect":24,"Bag of Preparation":39,"Omamori":42,"Orichalcum":0,"Question Card":0,"Boot":10,"Smiling Mask":26,"Empty Cage":34,"White Beast Statue":28,"Blood Vial":9,"Lizard Tail":14,"HornCleat":9,"DollysMirror":22,"Snecko Eye":17,"Philosopher\u0027s Stone":17,"Ring of the Snake":0},{"Lantern":6,"Pear":35,"Velvet Choker":0,"Eternal Feather":20,"PreservedInsect":12,"Bag of Preparation":34,"Omamori":36,"Orichalcum":15,"Question Card":15,"Boot":21,"Smiling Mask":28,"Empty Cage":31,"White Beast Statue":13,"Blood Vial":20,"Lizard Tail":23,"HornCleat":4,"DollysMirror":27,"Snecko Eye":24,"Philosopher\u0027s Stone":7,"Ring of the Snake":0},{"Lantern":24,"Pear":229,"Velvet Choker":0,"Eternal Feather":137,"PreservedInsect":92,"Bag of Preparation":218,"Omamori":236,"Orichalcum":115,"Question Card":115,"Boot":141,"Smiling Mask":183,"Empty Cage":201,"White Beast Statue":101,"Blood Vial":137,"Lizard Tail":151,"HornCleat":16,"DollysMirror":178,"Snecko Eye":160,"Philosopher\u0027s Stone":44,"Ring of the Snake":0}],"Ring of the Snake":[50]},"card_choices":[{"not_picked":["Dash","Outmaneuver","Flying Knee"],"picked":"Deadly Poison","floor":1.0},{"not_picked":["Crippling Poison","Accuracy","Masterful Stab"],"picked":"Skewer","floor":2.0},{"not_picked":["Sucker Punch","Bane","Masterful Stab","Prepared"],"picked":"SKIP","floor":4.0},{"not_picked":["Grand Finale","Prepared","Slice"],"picked":"Dagger Spray","floor":5.0},{"not_picked":["Prepared","Reflex","Distraction"],"picked":"Deadly Poison","floor":7.0},{"not_picked":["Prepared","PiercingWail","Bane"],"picked":"Catalyst","floor":10.0},{"not_picked":["Dash","Blade Dance","Reflex"],"picked":"Wraith Form v2","floor":11.0},{"not_picked":["PiercingWail","Predator","Dodge and Roll"],"picked":"Riddle With Holes","floor":12.0},{"not_picked":["A Thousand Cuts","Unload","Storm of Steel"],"picked":"Malaise","floor":16.0},{"not_picked":["Heel Hook","Distraction","Dagger Throw","Dagger Spray"],"picked":"SKIP","floor":18.0},{"not_picked":["Dagger Throw","Dash","Tools of the Trade"],"picked":"Deadly Poison+1","floor":20.0},{"not_picked":["Cloak And Dagger","Prepared+1","Blade Dance"],"picked":"Choke+1","floor":21.0},{"not_picked":["Quick Slash","Calculated Gamble","All Out Attack"],"picked":"Riddle With Holes","floor":23.0},{"not_picked":["Backstab+1","Noxious Fumes","Quick Slash"],"picked":"Catalyst","floor":28.0},{"not_picked":["Concentrate","Dagger Throw","Flying Knee","Glass Knife"],"picked":"SKIP","floor":31.0},{"not_picked":["Unload","Die Die Die","Venomology"],"picked":"After Image","floor":33.0},{"not_picked":["Dagger Spray","Poisoned Stab","Skewer+1","Underhanded Strike"],"picked":"SKIP","floor":35},{"not_picked":["Heel Hook","Predator","Acrobatics","Escape Plan"],"picked":"SKIP","floor":37},{"not_picked":["Terror","Dagger Throw+1","Well Laid Plans","Blur"],"picked":"SKIP","floor":38},{"not_picked":["Underhanded Strike","Blade Dance+1","Choke"],"picked":"Catalyst","floor":40},{"not_picked":["Blade Dance+1","Bane","Dodge and Roll","Slice+1"],"picked":"SKIP","floor":42},{"not_picked":["Outmaneuver","Deflect","Bane","Masterful Stab"],"picked":"SKIP","floor":45},{"not_picked":["Dash","Flying Knee","Quick Slash+1"],"picked":"PiercingWail+1","floor":47},{"not_picked":["Infinite Blades","Deflect+1","Caltrops+1"],"picked":"PiercingWail","floor":48}],"player_experience":819775,"relics_obtained":[{"floor":7.0,"key":"Eternal Feather"},{"floor":9.0,"key":"Blood Vial"},{"floor":10.0,"key":"Boot"},{"floor":14.0,"key":"Lizard Tail"},{"floor":26.0,"key":"Smiling Mask"},{"floor":40,"key":"Pear"},{"floor":42,"key":"Omamori"}],"event_choices":[{"cards_removed":["Strike_G"],"damage_healed":0.0,"max_hp_gain":0.0,"max_hp_loss":0.0,"gold_gain":0.0,"event_name":"Purifier","player_choice":"Purged","floor":3.0,"gold_loss":0.0,"damage_taken":0.0},{"damage_healed":0.0,"max_hp_gain":0.0,"max_hp_loss":0.0,"gold_gain":0.0,"event_name":"Shining Light","player_choice":"Ignored","floor":13.0,"gold_loss":0.0,"damage_taken":0.0},{"cards_removed":["Strike_G"],"damage_healed":0.0,"max_hp_gain":0.0,"max_hp_loss":0.0,"gold_gain":0.0,"event_name":"Designer","player_choice":"Upgrade and Remove","floor":19.0,"gold_loss":110.0,"damage_taken":0.0,"cards_upgraded":["Defend_G"]},{"damage_healed":0.0,"max_hp_gain":0.0,"max_hp_loss":0.0,"gold_gain":50.0,"event_name":"Nest","player_choice":"Stole From Cult","floor":25.0,"gold_loss":0.0,"damage_taken":0.0},{"damage_healed":0,"gold_gain":0,"player_choice":"Forge","damage_taken":0,"max_hp_gain":0,"max_hp_loss":0,"event_name":"Accursed Blacksmith","floor":36,"gold_loss":0,"cards_upgraded":["After Image"]},{"damage_healed":0,"gold_gain":0,"player_choice":"Paid Gold","damage_taken":0,"relics_obtained":["Bag of Preparation"],"max_hp_gain":0,"max_hp_loss":0,"event_name":"WeMeetAgain","floor":39,"gold_loss":55}],"is_beta":false,"boss_relics":[{"not_picked":["Pandora\u0027s Box","Cursed Key"],"picked":"Snecko Eye"},{"not_picked":["SacredBark","Runic Pyramid"],"picked":"Empty Cage"}],"items_purged_floors":[22,44],"is_endless":false,"potions_floor_spawned":[1,5,7,10,11,16,23,31,33,38,40,45,47,48],"killed_by":"Donu and Deca","ascension_level":20}}