{"host":"2tgyrzvaa7l04o2e","time":1611161374,"event":{"mods":["BaseMod","Highlight Path","Minty Spire (QoL Compilation)","Permanent Neow","Relic Stats"],"gold_per_floor":[31,31,71,124,182,182,272,272,272,422,347,347,363,363,363,481,481,551,89,132,172,1,42,42,106,130,188,228,263,263,308,308,308,308],"floor_reached":33,"language":"ENG","playtime":1718,"items_purged":["Accuracy","Eviscerate+1"],"score":635,"play_id":"aa12fc55-9e5f-4696-989c-b1051ce96339","local_time":"20210120174934","is_ascension_mode":true,"campfire_choices":[{"data":"HandOfGreed","floor":6,"key":"SMITH"},{"data":"Leg Sweep","floor":12,"key":"SMITH"},{"data":"Cloak And Dagger","floor":15,"key":"SMITH"},{"data":"Wraith Form v2","floor":24,"key":"SMITH"},{"data":"Malaise","floor":30,"key":"SMITH"},{"data":"Well Laid Plans","floor":32,"key":"SMITH"}],"circlet_count":0,"master_deck":["AscendersBane","Survivor","Neutralize","HandOfGreed+1","Slice","Cloak And Dagger+1","Poisoned Stab","Leg Sweep+1","Skewer+1","PiercingWail","Malaise+1","Expertise","Dagger Spray+1","Escape Plan","Glass Knife+1","Backflip","Well Laid Plans+1","Wraith Form v2+1","Masterful Stab+1","Backflip","Heel Hook+1","Heel Hook+1","Crippling Poison","Corpse Explosion","Footwork+1","Endless Agony+1"],"relics":["Ring of the Snake","Golden Idol","Molten Egg 2","Pear","Pandora\u0027s Box","PreservedInsect","Membership Card","Lantern","Bag of Marbles","Frozen Egg 2","Red Mask","Toy Ornithopter","Ornamental Fan","Tiny Chest"],"acts_visited":["Exordium","TheCity"],"potions_floor_usage":[3,5,16,16,18,23,29,33],"damage_taken":[{"damage":2,"enemies":"Small Slimes","floor":1,"turns":3},{"damage":0,"enemies":"Cultist","floor":3,"turns":2},{"damage":0,"enemies":"2 Louse","floor":4,"turns":6},{"damage":8,"enemies":"Exordium Wildlife","floor":5,"turns":6},{"damage":26,"enemies":"3 Sentries","floor":7,"turns":10},{"damage":1,"enemies":"Looter","floor":13,"turns":4},{"damage":48,"enemies":"Slime Boss","floor":16,"turns":12},{"damage":0,"enemies":"3 Byrds","floor":18,"turns":4},{"damage":2,"enemies":"Spheric Guardian","floor":20,"turns":4},{"damage":10,"enemies":"Snecko","floor":21,"turns":6},{"damage":3,"enemies":"Gremlin Leader","floor":23,"turns":4},{"damage":7,"enemies":"Masked Bandits","floor":25,"turns":5},{"damage":13,"enemies":"Slavers","floor":27,"turns":3},{"damage":0,"enemies":"Cultist and Chosen","floor":28,"turns":6},{"damage":5,"enemies":"Book of Stabbing","floor":29,"turns":4},{"damage":0,"enemies":"3 Cultists","floor":31,"turns":3},{"damage":57,"enemies":"Collector","floor":33,"turns":9}],"seed_played":"7544909011878548090","potions_obtained":[{"floor":1,"key":"DistilledChaos"},{"floor":3,"key":"DuplicationPotion"},{"floor":4,"key":"Dexterity Potion"},{"floor":14,"key":"PowerPotion"},{"floor":14,"key":"Explosive Potion"},{"floor":16,"key":"CunningPotion"},{"floor":20,"key":"Regen Potion"},{"floor":21,"key":"Weak Potion"},{"floor":23,"key":"CultistPotion"},{"floor":27,"key":"SpeedPotion"},{"floor":29,"key":"EssenceOfSteel"}],"is_trial":false,"path_per_floor":["M","?","M","M","M","R","E","?","T","?","?","R","M","?","R","B",null,"M","$","M","M","$","E","R","?","T","E","M","E","R","M","R","B"],"character_chosen":"THE_SILENT","items_purchased":["PreservedInsect","Membership Card","Lantern","Backflip","Heel Hook+1","Bag of Marbles"],"campfire_rested":0,"item_purchase_floors":[19,19,19,19,22,22],"current_hp_per_floor":[57,57,57,57,49,49,23,43,53,53,53,53,52,52,52,4,54,54,54,52,42,42,51,51,44,44,31,31,31,31,31,31,0,0],"gold":308,"neow_bonus":"RANDOM_COLORLESS_2","is_daily":false,"chose_seed":false,"campfire_upgraded":6,"win_rate":0.0,"timestamp":1611161374,"path_taken":["M","?","M","M","M","R","E","?","T","?","?","R","M","?","R","BOSS","M","$","M","M","?","E","R","?","T","E","M","E","R","M","R","BOSS"],"items_purchased_type":["Relic","Relic","Relic","Card","Card","Relic"],"build_version":"2020-12-22","purchased_purges":2,"victory":false,"max_hp_per_floor":[66,60,60,60,60,60,60,60,70,70,70,70,70,70,70,70,70,70,70,70,70,70,70,70,70,70,70,70,70,70,70,70,70,70],"relic_stats":{"counters":[17,91],"Golden Idol":89,"Ornamental Fan":[40],"Pandora\u0027s Box":["Accuracy","Expertise","Dagger Spray","Escape Plan","Glass Knife","Backflip","Well Laid Plans","Wraith Form v2","Masterful Stab","Eviscerate"],"Tiny Chest":0,"PreservedInsect":132,"obtain_stats":[{"Lantern":19,"Pear":9,"Golden Idol":2,"PreservedInsect":19,"Frozen Egg 2":23,"Ornamental Fan":27,"Molten Egg 2":7,"Pandora\u0027s Box":17,"Tiny Chest":29,"Bag of Marbles":22,"Red Mask":25,"Membership Card":19,"Toy Ornithopter":26,"Ring of the Snake":0},{"Lantern":8,"Pear":5,"Golden Idol":1,"PreservedInsect":8,"Frozen Egg 2":11,"Ornamental Fan":13,"Molten Egg 2":5,"Pandora\u0027s Box":7,"Tiny Chest":15,"Bag of Marbles":10,"Red Mask":12,"Membership Card":8,"Toy Ornithopter":12,"Ring of the Snake":0},{"Lantern":47,"Pear":27,"Golden Idol":3,"PreservedInsect":47,"Frozen Egg 2":61,"Ornamental Fan":69,"Molten Egg 2":27,"Pandora\u0027s Box":43,"Tiny Chest":79,"Bag of Marbles":57,"Red Mask":66,"Membership Card":47,"Toy Ornithopter":66,"Ring of the Snake":0}],"Toy Ornithopter":10,"Ring of the Snake":[34]},"card_choices":[{"not_picked":["Apotheosis","Transmutation"],"picked":"HandOfGreed","floor":0},{"not_picked":["Dagger Throw","Quick Slash"],"picked":"Slice","floor":1},{"not_picked":["Finisher","Outmaneuver"],"picked":"Cloak And Dagger","floor":3},{"not_picked":["Expertise","Heel Hook"],"picked":"Poisoned Stab","floor":4},{"not_picked":["Heel Hook","Well Laid Plans"],"picked":"Leg Sweep","floor":5},{"not_picked":["Finisher+1","Eviscerate+1"],"picked":"Skewer+1","floor":7},{"not_picked":["Deadly Poison","Dodge and Roll"],"picked":"PiercingWail","floor":13},{"not_picked":["Glass Knife+1","Storm of Steel"],"picked":"Malaise","floor":16},{"not_picked":["Underhanded Strike+1","Finisher+1","Acrobatics"],"picked":"SKIP","floor":18},{"not_picked":["Dagger Spray+1","Prepared","Setup"],"picked":"SKIP","floor":20},{"not_picked":["Dagger Spray+1","Underhanded Strike+1","Acrobatics"],"picked":"SKIP","floor":21},{"not_picked":["Underhanded Strike+1","Deflect"],"picked":"Heel Hook+1","floor":23},{"not_picked":["Choke+1","Escape Plan"],"picked":"Crippling Poison","floor":25},{"not_picked":["Slice+1","Bouncing Flask"],"picked":"Corpse Explosion","floor":27},{"not_picked":["Dagger Spray+1","Acrobatics","Slice+1"],"picked":"SKIP","floor":28},{"not_picked":["Predator+1","Underhanded Strike+1"],"picked":"Footwork+1","floor":29},{"not_picked":["Concentrate","Prepared"],"picked":"Endless Agony+1","floor":31}],"player_experience":638214,"relics_obtained":[{"floor":7,"key":"Molten Egg 2"},{"floor":9,"key":"Pear"},{"floor":23,"key":"Frozen Egg 2"},{"floor":25,"key":"Red Mask"},{"floor":26,"key":"Toy Ornithopter"},{"floor":27,"key":"Ornamental Fan"},{"floor":29,"key":"Tiny Chest"}],"event_choices":[{"damage_healed":0,"gold_gain":0,"player_choice":"Lose Max HP","damage_taken":0,"relics_obtained":["Golden Idol"],"max_hp_gain":0,"max_hp_loss":6,"event_name":"Golden Idol","floor":2,"gold_loss":0},{"damage_healed":20,"gold_gain":0,"player_choice":"Banana","damage_taken":0,"max_hp_gain":0,"max_hp_loss":0,"event_name":"Big Fish","floor":8,"gold_loss":0},{"damage_healed":0,"gold_gain":150,"player_choice":"AGREE","damage_taken":0,"max_hp_gain":0,"max_hp_loss":0,"event_name":"Liars Game","floor":10,"gold_loss":0,"cards_obtained":["Doubt"]},{"cards_removed":["Doubt"],"damage_healed":0,"gold_gain":0,"player_choice":"Card Removal","damage_taken":0,"max_hp_gain":0,"max_hp_loss":0,"event_name":"The Cleric","floor":11,"gold_loss":75},{"damage_healed":0,"gold_gain":0,"player_choice":"Got Potions","damage_taken":0,"max_hp_gain":0,"max_hp_loss":0,"event_name":"Lab","floor":14,"gold_loss":0},{"damage_healed":0,"gold_gain":0,"player_choice":"Fought Bandits","damage_taken":0,"max_hp_gain":0,"max_hp_loss":0,"event_name":"Masked Bandits","floor":25,"gold_loss":0}],"is_beta":false,"boss_relics":[{"not_picked":["Philosopher\u0027s Stone","Sozu"],"picked":"Pandora\u0027s Box"}],"items_purged_floors":[19,22],"is_endless":false,"potions_floor_spawned":[1,3,4,16,20,21,23,27,29,31],"killed_by":"Collector","ascension_level":20}}