{"host":"d61fcf2p3sjwe6yo","time":1611142401,"event":{"mods":["AchievementEnabler","BaseMod","Colored Map","Downfall","Minty Spire (QoL Compilation)","StSLib","SuperFastMode"],"gold_per_floor":[99,118,137,122,140,40,40,57,89,105,205,231,231,261,280,382,382,382,401,415,415,427,442,465,490,502,502,554,244,244,310,363,501,501,501,302,358,408,408,464,541,599,674,674,748,548,602,669,726,766,766,835,116,116,116,116,116,116],"floor_reached":56,"language":"ENG","playtime":5313,"items_purged":["hexamod:Strike","hexamod:Strike"],"score":1492,"play_id":"bed0733b-a201-4cc8-95cb-4702dd6bcf3d","local_time":"20210120143321","is_ascension_mode":true,"campfire_choices":[{"floor":1.0,"key":"RECALL"},{"data":"hexamod:Float","floor":6.0,"key":"SMITH"},{"data":"hexamod:HeatShield","floor":13.0,"key":"SMITH"},{"data":"hexamod:ForkedFlame","floor":18.0,"key":"SMITH"},{"data":"hexamod:UnlimitedPower","floor":30.0,"key":"SMITH"},{"data":"hexamod:PhantomCloak","floor":35.0,"key":"SMITH"},{"floor":46.0,"key":"REST"},{"data":"hexamod:PhantomCloak","floor":54.0,"key":"SMITH"}],"circlet_count":0,"master_deck":["AscendersBane","hexamod:Strike","hexamod:Strike","hexamod:Defend","hexamod:Defend","hexamod:Defend","hexamod:Sear","hexamod:Float+1","hexamod:ThirdSeal","hexamod:ThermalTransfer","hexamod:ThermalTransfer+1","hexamod:TimeWarp","hexamod:Hexaguard+1","hexamod:ApocalypticArmor","hexamod:Hexaguard","hexamod:HeatCrush","hexamod:HeatShield+1","hexamod:Toasty+1","hexamod:VolcanoVisage","hexamod:ApocalypticArmor","hexamod:Hexaguard","hexamod:ForkedFlame+1","hexamod:Toasty","hexamod:PhantomCloak+1","hexamod:SpectralSpark+1","hexamod:Hexaguard+1","hexamod:UnlimitedPower+1","hexamod:Hexaguard","hexamod:Hexaguard","hexamod:PhantomCloak+1","hexamod:GhostflameInferno","hexamod:PhantomCloak+1","hexamod:HeatCrush","hexamod:PhantomCloak","hexamod:EmpoweredFlame+1","hexamod:Hexaguard","hexamod:HeatShield","hexamod:HexaLevel","hexamod:Hexaguard","hexamod:Hexaguard+1","hexamod:Haunt+1","hexamod:HeatShield+1"],"relics":["hexamod:SpiritBrand","downfall:HeartBlessingRed","hexamod:CandleOfCauterizing","Mummified Hand","White Beast Statue","Whetstone","HornCleat","hexamod:IceCube","Omamori","MealTicket","downfall:KnowingSkull","Pantograph","Ancient Tea Set","sneckomod:SneckoTalon","Lantern","OrangePellets","Prayer Wheel","Gremlin Horn","downfall:HeartBlessingGreen","downfall:HeartBlessingBlue","Frozen Egg 2","Sundial","Oddly Smooth Stone","ClockworkSouvenir","Gambling Chip"],"acts_visited":["Exordium","TheCity","TheBeyond","TheEnding"],"potions_floor_usage":[55,56,56,56],"damage_taken":[{"damage":1.0,"enemies":"Cultist","floor":2.0,"turns":4.0},{"damage":0.0,"enemies":"Small Slimes","floor":3.0,"turns":3.0},{"damage":0.0,"enemies":"downfall:FleeingMerchant","floor":4.0,"turns":4.0},{"damage":4.0,"enemies":"Jaw Worm","floor":5.0,"turns":3.0},{"damage":9.0,"enemies":"Exordium Thugs","floor":8.0,"turns":4.0},{"damage":4.0,"enemies":"Gremlin Nob","floor":9.0,"turns":3.0},{"damage":0.0,"enemies":"3 Louse","floor":10.0,"turns":4.0},{"damage":21.0,"enemies":"downfall:LadyInBlue","floor":11.0,"turns":13.0},{"damage":8.0,"enemies":"Lagavulin","floor":12.0,"turns":7.0},{"damage":5.0,"enemies":"3 Sentries","floor":14.0,"turns":5.0},{"damage":0.0,"enemies":"Lots of Slimes","floor":15.0,"turns":2.0},{"damage":37.0,"enemies":"SI_SHIV_ARCHETYPE","floor":16.0,"turns":10.0},{"damage":0.0,"enemies":"Chosen","floor":19.0,"turns":3.0},{"damage":0.0,"enemies":"Snake Plant","floor":20.0,"turns":3.0},{"damage":0.0,"enemies":"Cultist and Chosen","floor":22.0,"turns":5.0},{"damage":1.0,"enemies":"Centurion and Healer","floor":23.0,"turns":4.0},{"damage":9.0,"enemies":"Book of Stabbing","floor":25.0,"turns":4.0},{"damage":8.0,"enemies":"Snake Plant","floor":26.0,"turns":4.0},{"damage":3.0,"enemies":"Cultist and Chosen","floor":28.0,"turns":5.0},{"damage":3.0,"enemies":"downfall:FleeingMerchant","floor":29.0,"turns":5.0},{"damage":3.0,"enemies":"Gremlin Leader","floor":31.0,"turns":4.0},{"damage":3.0,"enemies":"Snecko","floor":32.0,"turns":5.0},{"damage":3.0,"enemies":"WA_ARCHETYPE_CALM","floor":33.0,"turns":9.0},{"damage":3.0,"enemies":"downfall:FleeingMerchant","floor":36.0,"turns":1.0},{"damage":3.0,"enemies":"3 Darklings","floor":37.0,"turns":6.0},{"damage":8.0,"enemies":"3 Shapes","floor":38.0,"turns":3.0},{"damage":3.0,"enemies":"Maw","floor":40.0,"turns":4.0},{"damage":3.0,"enemies":"Sphere and 2 Shapes","floor":42.0,"turns":3.0},{"damage":6.0,"enemies":"Reptomancer","floor":43.0,"turns":6.0},{"damage":54.0,"enemies":"Nemesis","floor":45.0,"turns":9.0},{"damage":3.0,"enemies":"Transient","floor":47.0,"turns":7.0},{"damage":19.0,"enemies":"Giant Head","floor":48.0,"turns":7.0},{"damage":3.0,"enemies":"Spire Growth","floor":49.0,"turns":4.0},{"damage":17.0,"enemies":"IC_BLOCK_ARCHETYPE","floor":50.0,"turns":10.0},{"damage":20.0,"enemies":"downfall:CharBossMerchant","floor":52.0,"turns":10.0},{"damage":42,"enemies":"downfall:NeowBoss","floor":55,"turns":18},{"damage":76,"enemies":"downfall:NeowBossFinal","floor":56,"turns":15}],"seed_played":"-7730282552450172827","potions_obtained":[{"floor":2.0,"key":"SteroidPotion"},{"floor":9.0,"key":"LiquidBronze"},{"floor":10.0,"key":"Fruit Juice"},{"floor":11.0,"key":"Regen Potion"},{"floor":11.0,"key":"hexamod:DoubleChargePotion"},{"floor":11.0,"key":"champ:CounterPotion"},{"floor":12.0,"key":"Explosive Potion"},{"floor":14.0,"key":"Strength Potion"},{"floor":15.0,"key":"sneckomod:MuddlingPotion"},{"floor":16.0,"key":"Ancient Potion"},{"floor":19.0,"key":"SkillPotion"},{"floor":20.0,"key":"hexamod:EctoCoolerPotion"},{"floor":22.0,"key":"Weak Potion"},{"floor":23.0,"key":"Fire Potion"},{"floor":25.0,"key":"Ancient Potion"},{"floor":26.0,"key":"Block Potion"},{"floor":28.0,"key":"Block Potion"},{"floor":29.0,"key":"LiquidMemories"},{"floor":31.0,"key":"hexamod:SoulburnPotion"},{"floor":33.0,"key":"SkillPotion"},{"floor":36.0,"key":"PowerPotion"},{"floor":40.0,"key":"hexamod:InfernoChargePotion"},{"floor":43.0,"key":"FearPotion"},{"floor":45.0,"key":"AttackPotion"},{"floor":47.0,"key":"SpeedPotion"},{"floor":48.0,"key":"Block Potion"},{"floor":49.0,"key":"SpeedPotion"},{"floor":52.0,"key":"LiquidMemories"}],"is_trial":false,"path_per_floor":["R","M","M","$","M","R","T","M","E","M","?","E","R","E","M","B",null,"R","M","M","?","M","M","T","E","M","?","M","$","R","E","M","B",null,"R","$","M","M","?","M","T","M","E","?","E","R","M","E","M","B",null,"E","$","R","B","B"],"character_chosen":"THE_SPIRIT","items_purchased":["Pantograph","Lantern","OrangePellets","hexamod:HeatCrush","hexamod:PhantomCloak","Oddly Smooth Stone","ClockworkSouvenir","Gambling Chip","DuplicationPotion","SteroidPotion"],"campfire_rested":1,"item_purchase_floors":[29,36,36,36,36,53,53,53,53,53],"current_hp_per_floor":[70,69,69,69,65,65,65,56,52,52,36,43,43,38,38,1,62,62,62,62,62,62,61,61,52,44,37,34,46,46,43,40,62,77,77,79,76,68,68,65,65,62,56,56,2,39,36,17,14,22,75,55,70,70,50,0,0,0],"gold":116,"neow_bonus":"TEN_PERCENT_HP_BONUS","is_daily":false,"chose_seed":false,"campfire_upgraded":6,"win_rate":0.0,"timestamp":1611142401,"path_taken":["R","M","M","$","M","R","T","M","E","?","?","E","R","E","M","BOSS","R","M","?","?","?","M","T","E","M","?","?","$","R","E","M","BOSS","R","$","M","M","?","M","T","M","E","?","E","R","?","E","M","BOSS","E","$","R","BOSS","BOSS"],"items_purchased_type":["Relic","Relic","Relic","Card","Card","Relic","Relic","Relic","Potion","Potion"],"build_version":"2020-12-22","purchased_purges":2,"victory":false,"max_hp_per_floor":[77,77,77,77,77,77,77,77,77,77,82,82,82,82,82,82,82,82,82,82,82,82,82,82,82,82,82,82,82,82,82,82,82,82,82,82,82,82,82,82,82,82,82,82,82,92,92,92,92,92,92,92,92,92,92,92,92,92],"card_choices":[{"not_picked":["hexamod:SwordOfDarkness","hexamod:BacktrackSmack"],"picked":"hexamod:ThirdSeal","floor":2.0},{"not_picked":["hexamod:SuperheatedStrike","hexamod:HauntingEcho"],"picked":"hexamod:ThermalTransfer","floor":3.0},{"not_picked":["hexamod:AdvancingGuard","hexamod:FastForward"],"picked":"hexamod:ThermalTransfer","floor":3.0},{"not_picked":["hexamod:Firestarter","hexamod:SwordOfDarkness"],"picked":"hexamod:TimeWarp","floor":4.0},{"not_picked":["hexamod:RecurringNightmare","hexamod:Firestarter","hexamod:HauntingEcho"],"picked":"SKIP","floor":4.0},{"not_picked":["hexamod:NightmareStrike","hexamod:AdvancingGuard"],"picked":"hexamod:Hexaguard","floor":5.0},{"not_picked":["hexamod:HeatMetal","hexamod:AdvancingGuard"],"picked":"hexamod:ApocalypticArmor","floor":5.0},{"not_picked":["hexamod:FourthSeal","hexamod:NecessarySacrifice"],"picked":"hexamod:Hexaguard","floor":8.0},{"not_picked":["hexamod:GhostShield","hexamod:AdvancingGuard","hexamod:SuperheatedStrike"],"picked":"SKIP","floor":8.0},{"not_picked":["hexamod:FlamesFromBeyond","hexamod:SearingWound","hexamod:ThirdSeal"],"picked":"SKIP","floor":9.0},{"not_picked":["hexamod:ThirdSeal","hexamod:ExtraCrispy","hexamod:GhostLash"],"picked":"SKIP","floor":9.0},{"not_picked":["hexamod:SuperheatedStrike","hexamod:PowerFromBeyond"],"picked":"hexamod:HeatCrush","floor":10.0},{"not_picked":["hexamod:Firestarter","hexamod:BacktrackSmack"],"picked":"hexamod:HeatShield","floor":10.0},{"not_picked":["hexamod:SuperheatedStrike","hexamod:BurningTouch"],"picked":"hexamod:Toasty","floor":11.0},{"not_picked":["hexamod:RadiantFlame","hexamod:FastForward"],"picked":"hexamod:VolcanoVisage","floor":12.0},{"not_picked":["hexamod:BurningTouch","hexamod:ParanormalForm"],"picked":"hexamod:ApocalypticArmor","floor":14.0},{"not_picked":["hexamod:Firestarter","hexamod:GhostShield","hexamod:NecessarySacrifice"],"picked":"SKIP","floor":14.0},{"not_picked":["hexamod:HauntingEcho","hexamod:BurningTouch"],"picked":"hexamod:Hexaguard","floor":15.0},{"not_picked":["hexamod:WildfireWeapon","hexamod:ApocalypticArmor"],"picked":"hexamod:ForkedFlame","floor":16.0},{"not_picked":["hexamod:TurnItUp","hexamod:UnleashSpirits"],"picked":"hexamod:Toasty","floor":16.0},{"not_picked":["hexamod:SpectralAdrenaline","hexamod:GhostOfSpireFuture","hexamod:NightmareGuise"],"picked":"SKIP","floor":19.0},{"not_picked":["hexamod:ChargedBarrage+1","hexamod:AdvancingGuard","hexamod:RadiantFlame"],"picked":"SKIP","floor":19.0},{"not_picked":["hexamod:InspiringFlames","hexamod:NecessarySacrifice+1","hexamod:BurningTouch"],"picked":"SKIP","floor":20.0},{"not_picked":["hexamod:InspiringFlames","hexamod:FastForward+1","hexamod:Firestarter"],"picked":"SKIP","floor":20.0},{"not_picked":["hexamod:NecessarySacrifice+1","hexamod:FastForward","hexamod:SuperheatedStrike"],"picked":"SKIP","floor":22.0},{"not_picked":["hexamod:GiftsFromTheDead","hexamod:FlamesFromBeyond","hexamod:GhostShield+1"],"picked":"SKIP","floor":22.0},{"not_picked":["hexamod:ThermalTransfer","hexamod:NightmareStrike"],"picked":"hexamod:PhantomCloak","floor":23.0},{"not_picked":["hexamod:RecurringNightmare","hexamod:GhostLash","hexamod:SpectralAdrenaline"],"picked":"SKIP","floor":23.0},{"not_picked":["hexamod:NightmareGuise","hexamod:BacktrackSmack"],"picked":"hexamod:SpectralSpark+1","floor":25.0},{"not_picked":["hexamod:GhostShield","hexamod:BacktrackSmack+1","hexamod:EtherealExpedition"],"picked":"SKIP","floor":25.0},{"not_picked":["hexamod:BacktrackSmack","hexamod:GhostflameBarrier+1"],"picked":"hexamod:Hexaguard+1","floor":26.0},{"not_picked":["hexamod:PowerFromBeyond","hexamod:Firestarter+1","hexamod:HauntingEcho"],"picked":"SKIP","floor":26.0},{"not_picked":["hexamod:BurningTouch","hexamod:Firestarter"],"picked":"hexamod:UnlimitedPower","floor":28.0},{"not_picked":["hexamod:RainOfEmbers","hexamod:DynamicBlow","hexamod:InspiringFlames+1"],"picked":"SKIP","floor":28.0},{"not_picked":["hexamod:FlamesFromBeyond","hexamod:SpectralSpark","hexamod:ShieldOfDarkness"],"picked":"SKIP","floor":29.0},{"not_picked":["hexamod:RadiantFlame","hexamod:EtherealExpedition","hexamod:FlamesFromBeyond"],"picked":"SKIP","floor":29.0},{"not_picked":["hexamod:PowerFromBeyond","hexamod:PhantomFireball"],"picked":"hexamod:Hexaguard","floor":31.0},{"not_picked":["hexamod:GhostflameBarrier","hexamod:FlamesFromBeyond"],"picked":"hexamod:Hexaguard","floor":31.0},{"not_picked":["hexamod:BurningTouch","hexamod:BacktrackSmack"],"picked":"hexamod:PhantomCloak","floor":32.0},{"not_picked":["hexamod:BacktrackSmack+1","hexamod:GiftsFromTheDead","hexamod:RecurringNightmare"],"picked":"SKIP","floor":32.0},{"not_picked":["hexamod:TurnItUp","hexamod:FifthSeal"],"picked":"hexamod:GhostflameInferno","floor":33.0},{"not_picked":["hexamod:GhostShield+1","hexamod:WildfireWeapon"],"picked":"hexamod:PhantomCloak+1","floor":36.0},{"not_picked":["hexamod:ThermalTransfer+1","hexamod:PhantomFireball+1"],"picked":"hexamod:EmpoweredFlame+1","floor":37.0},{"not_picked":["hexamod:InspiringFlames+1","hexamod:SpectersWail","hexamod:PowerFromBeyond"],"picked":"SKIP","floor":37.0},{"not_picked":["hexamod:FlamesFromBeyond","hexamod:HauntingEcho","hexamod:SwordOfDarkness"],"picked":"SKIP","floor":38.0},{"not_picked":["hexamod:SpectersWail","hexamod:BurningTouch","hexamod:InspiringFlames+1"],"picked":"SKIP","floor":38.0},{"not_picked":["hexamod:ThermalTransfer+1","hexamod:SpectralAdrenaline+1","hexamod:SuperheatedStrike"],"picked":"SKIP","floor":40.0},{"not_picked":["hexamod:InspiringFlames+1","hexamod:ThermalTransfer+1","hexamod:DynamicBlow"],"picked":"SKIP","floor":40.0},{"not_picked":["hexamod:RecurringNightmare","hexamod:AdvancingGuard+1"],"picked":"hexamod:Hexaguard","floor":42.0},{"not_picked":["hexamod:GhostOfSpireFuture","hexamod:ApocalypticArmor"],"picked":"hexamod:HeatShield","floor":43.0},{"not_picked":["hexamod:InspiringFlames","hexamod:GhostflameBarrier+1"],"picked":"hexamod:HexaLevel","floor":43.0},{"not_picked":["hexamod:AdvancingGuard","hexamod:WildfireWeapon"],"picked":"hexamod:Hexaguard","floor":45.0},{"not_picked":["hexamod:AdvancingGuard","hexamod:GhostLash","hexamod:DynamicBlow+1"],"picked":"SKIP","floor":45.0},{"not_picked":["hexamod:RecurringNightmare+1","hexamod:Firestarter"],"picked":"hexamod:Hexaguard+1","floor":47.0},{"not_picked":["hexamod:FastForward","hexamod:SwordOfDarkness+1","hexamod:InspiringFlames+1"],"picked":"SKIP","floor":47.0},{"not_picked":["hexamod:GhostLash+1","hexamod:SecondSeal","hexamod:HeatMetal+1"],"picked":"SKIP","floor":47.0},{"not_picked":["hexamod:ExtraCrispy+1","hexamod:NecessarySacrifice","hexamod:RetreatToShadows"],"picked":"SKIP","floor":48.0},{"not_picked":["hexamod:RadiantFlame+1","hexamod:GhostOfSpirePresent+1","hexamod:FlamesFromBeyond+1"],"picked":"SKIP","floor":48.0},{"not_picked":["hexamod:NightmareStrike","hexamod:AdvancingGuard+1"],"picked":"hexamod:Haunt+1","floor":49.0},{"not_picked":["hexamod:SuperheatedStrike","hexamod:EtherealExpedition","hexamod:InspiringFlames"],"picked":"SKIP","floor":49.0},{"not_picked":["hexamod:SuperheatedStrike+1","hexamod:GhostOfSpireFuture+1","hexamod:BurningTouch"],"picked":"SKIP","floor":49.0},{"not_picked":["hexamod:FlamesFromBeyond+1","hexamod:SwordOfDarkness+1"],"picked":"hexamod:HeatShield+1","floor":52.0},{"not_picked":["hexamod:SpectersWail+1","hexamod:BacktrackSmack","hexamod:ShieldOfDarkness+1"],"picked":"SKIP","floor":52.0}],"player_experience":617884,"relics_obtained":[{"floor":7.0,"key":"hexamod:CandleOfCauterizing"},{"floor":9.0,"key":"Mummified Hand"},{"floor":11.0,"key":"White Beast Statue"},{"floor":12.0,"key":"Whetstone"},{"floor":14.0,"key":"HornCleat"},{"floor":24.0,"key":"Omamori"},{"floor":25.0,"key":"MealTicket"},{"floor":31.0,"key":"Ancient Tea Set"},{"floor":43.0,"key":"Prayer Wheel"},{"floor":45.0,"key":"Gremlin Horn"},{"floor":48.0,"key":"Frozen Egg 2"},{"floor":52.0,"key":"Sundial"}],"event_choices":[],"is_beta":false,"boss_relics":[{"not_picked":["Black Star","Empty Cage"],"picked":"hexamod:IceCube"},{"not_picked":["Velvet Choker","Tiny House"],"picked":"sneckomod:SneckoTalon"}],"items_purged_floors":[29,36],"is_endless":false,"potions_floor_spawned":[2,9,10,12,14,15,16,19,20,22,23,25,26,28,29,31,32,33,36,37,38,40,42,43,45,47,48,49,52],"killed_by":"downfall:NeowBossFinal","ascension_level":10}}