{"host":"sa4ahr18fk2zb79f","time":1611154068,"event":{"mods":["AchievementEnabler","BaseMod","Colored Map","Colored Powertips","Highlight Path","Minty Spire (QoL Compilation)","Permanent Neow","Quick Restart","Rare Cards Sparkle","Relic Sorter"],"gold_per_floor":[12,32,32,45,62,88,106,118,164,164,183,211,211,244,244,344,344,363,375,394,404,421,448,459,459,459,558,590,610,610,610,610,708,708,721,721,767,778,793,818,829,849,849,864,897,281,294,312,312,312,312,312,65,100,100],"floor_reached":56,"language":"ENG","playtime":12302,"items_purged":[],"score":1354,"play_id":"40a9ba5a-ee44-408c-90b1-0b5d5c9b882c","local_time":"20210120154748","is_ascension_mode":false,"campfire_choices":[{"floor":13,"key":"REST"},{"data":"1","floor":15,"key":"LIFT"},{"data":"2","floor":25,"key":"LIFT"},{"floor":30,"key":"REST"},{"data":"3","floor":32,"key":"LIFT"},{"floor":49,"key":"RECALL"},{"data":"Fasting2","floor":52,"key":"SMITH"}],"circlet_count":0,"master_deck":["Strike_P+1","Strike_P+1","Defend_P+1","Defend_P","Defend_P+1","Defend_P","Eruption+1","Vigilance","FlyingSleeves+1","JustLucky+1","PathToVictory+1","LessonLearned+1","Sanctity+1","Scrawl","ThirdEye+1","Prostrate+1","Dramatic Entrance+1","JustLucky+1","Perseverance+1","DeusExMachina","DevaForm","MentalFortress","LikeWater","Wireheading+1","Devotion+1","PathToVictory+1","WaveOfTheHand+1","InnerPeace+1","Omniscience","Study+1","Fasting2+1","Nirvana+1","Nirvana+1","ThirdEye+1","Secret Technique+1","Adaptation+1","Fasting2","Thinking Ahead","DeceiveReality+1"],"relics":["HolyWater","Boot","Bird Faced Urn","Girya","Pen Nib","White Beast Statue","Pear","Black Star","Juzu Bracelet","Dream Catcher","HornCleat","Bottled Tornado","Torii","Yang","Art of War","MawBank","InkBottle","GoldenEye","ClockworkSouvenir","Orichalcum","Blood Vial"],"acts_visited":["Exordium","TheCity","TheBeyond","TheEnding"],"potions_floor_usage":[8,16,18,20,20,20,21,24,28,28,28,33,37,37,40,40,41,47,48,50,55,55,55],"damage_taken":[{"damage":0,"enemies":"2 Louse","floor":1,"turns":4},{"damage":0,"enemies":"Small Slimes","floor":2,"turns":3},{"damage":0,"enemies":"Cultist","floor":4,"turns":2},{"damage":13,"enemies":"2 Fungi Beasts","floor":5,"turns":3},{"damage":25,"enemies":"3 Sentries","floor":6,"turns":5},{"damage":15,"enemies":"3 Louse","floor":7,"turns":3},{"damage":0,"enemies":"Large Slime","floor":8,"turns":3},{"damage":0,"enemies":"2 Fungi Beasts","floor":11,"turns":2},{"damage":12,"enemies":"Lagavulin","floor":12,"turns":9},{"damage":0,"enemies":"3 Sentries","floor":14,"turns":6},{"damage":5,"enemies":"The Guardian","floor":16,"turns":13},{"damage":0,"enemies":"2 Thieves","floor":18,"turns":1},{"damage":2,"enemies":"Chosen","floor":19,"turns":8},{"damage":24,"enemies":"3 Cultists","floor":20,"turns":5},{"damage":13,"enemies":"Chosen and Byrds","floor":21,"turns":7},{"damage":0,"enemies":"Snecko","floor":22,"turns":4},{"damage":6,"enemies":"Gremlin Leader","floor":23,"turns":5},{"damage":34,"enemies":"Snake Plant","floor":24,"turns":4},{"damage":14,"enemies":"Slavers","floor":28,"turns":4},{"damage":6,"enemies":"Centurion and Healer","floor":29,"turns":6},{"damage":36,"enemies":"Champ","floor":33,"turns":10},{"damage":3,"enemies":"3 Shapes","floor":35,"turns":5},{"damage":33,"enemies":"2 Orb Walkers","floor":37,"turns":5},{"damage":6,"enemies":"3 Darklings","floor":38,"turns":5},{"damage":0,"enemies":"Maw","floor":39,"turns":6},{"damage":0,"enemies":"Reptomancer","floor":40,"turns":9},{"damage":11,"enemies":"Jaw Worm Horde","floor":41,"turns":6},{"damage":10,"enemies":"Transient","floor":42,"turns":5},{"damage":1,"enemies":"Maw","floor":44,"turns":7},{"damage":0,"enemies":"Nemesis","floor":45,"turns":7},{"damage":7,"enemies":"Jaw Worm Horde","floor":47,"turns":5},{"damage":10,"enemies":"Transient","floor":48,"turns":5},{"damage":18,"enemies":"Donu and Deca","floor":50,"turns":7},{"damage":22,"enemies":"Shield and Spear","floor":54,"turns":7},{"damage":54,"enemies":"The Heart","floor":55,"turns":10}],"seed_played":"-2273961526886426623","potions_obtained":[{"floor":2,"key":"Ancient Potion"},{"floor":5,"key":"Ancient Potion"},{"floor":6,"key":"AttackPotion"},{"floor":7,"key":"LiquidBronze"},{"floor":12,"key":"Regen Potion"},{"floor":14,"key":"SteroidPotion"},{"floor":16,"key":"SkillPotion"},{"floor":18,"key":"ColorlessPotion"},{"floor":19,"key":"SneckoOil"},{"floor":20,"key":"Explosive Potion"},{"floor":21,"key":"Energy Potion"},{"floor":22,"key":"SkillPotion"},{"floor":23,"key":"BlessingOfTheForge"},{"floor":24,"key":"AttackPotion"},{"floor":28,"key":"DistilledChaos"},{"floor":29,"key":"BottledMiracle"},{"floor":33,"key":"BlessingOfTheForge"},{"floor":35,"key":"Swift Potion"},{"floor":37,"key":"BlessingOfTheForge"},{"floor":38,"key":"Fire Potion"},{"floor":39,"key":"SkillPotion"},{"floor":40,"key":"Strength Potion"},{"floor":41,"key":"BottledMiracle"},{"floor":42,"key":"Block Potion"},{"floor":44,"key":"SkillPotion"},{"floor":45,"key":"Weak Potion"},{"floor":47,"key":"Energy Potion"},{"floor":48,"key":"Swift Potion"},{"floor":54,"key":"Regen Potion"}],"is_trial":false,"path_per_floor":["M","M","?","M","M","E","M","M","T","?","M","E","R","E","R","B",null,"M","M","M","M","M","E","M","R","T","?","E","M","R","?","R","B",null,"M","?","?","M","M","E","M","M","T","M","E","$","M","M","R","B",null,"R","$","E","B",null],"character_chosen":"WATCHER","items_purchased":["GoldenEye","ClockworkSouvenir","Secret Technique","Fasting2","Thinking Ahead"],"campfire_rested":2,"item_purchase_floors":[46,46,46,53,53],"current_hp_per_floor":[72,72,72,72,59,34,19,19,19,19,19,7,28,38,38,48,82,82,80,60,53,61,65,41,41,41,41,33,35,59,59,59,33,82,82,82,59,69,82,82,82,82,82,82,82,82,82,78,78,75,82,82,82,80,59],"gold":100,"neow_bonus":"ONE_RARE_RELIC","is_daily":false,"chose_seed":false,"campfire_upgraded":1,"win_rate":0.0,"timestamp":1611154068,"path_taken":["M","M","?","M","M","E","M","M","T","?","M","E","R","E","R","BOSS","M","M","M","?","M","E","M","R","T","?","E","M","R","?","R","BOSS","M","?","?","M","M","E","M","M","T","M","E","$","M","M","R","BOSS","R","$","E","BOSS"],"items_purchased_type":["Relic","Relic","Card","Card","Card"],"build_version":"2020-12-22","purchased_purges":0,"victory":true,"max_hp_per_floor":[72,72,72,72,72,72,72,72,72,72,72,72,72,82,82,82,82,82,82,82,82,82,82,82,82,82,82,82,82,82,82,82,82,82,82,82,82,82,82,82,82,82,82,82,82,82,82,82,82,82,82,82,82,82,82],"card_choices":[{"not_picked":["BowlingBash","EmptyFist"],"picked":"FlyingSleeves","floor":1},{"not_picked":["ClearTheMind","Prostrate"],"picked":"JustLucky","floor":2},{"not_picked":["CutThroughFate","CrushJoints"],"picked":"LessonLearned","floor":4},{"not_picked":["EmptyFist","JustLucky"],"picked":"Sanctity","floor":5},{"not_picked":["Protect","CutThroughFate"],"picked":"Scrawl","floor":6},{"not_picked":["FlurryOfBlows","EmptyFist"],"picked":"ThirdEye","floor":7},{"not_picked":["CutThroughFate","ReachHeaven"],"picked":"Prostrate","floor":8},{"not_picked":["EmptyBody","FlyingSleeves"],"picked":"JustLucky","floor":11},{"not_picked":["SashWhip","Halt"],"picked":"Perseverance","floor":12},{"not_picked":["MentalFortress","EmptyFist"],"picked":"DeusExMachina","floor":14},{"not_picked":["Omniscience","Scrawl"],"picked":"DevaForm","floor":16},{"not_picked":["FlyingSleeves","Evaluate"],"picked":"MentalFortress","floor":18},{"not_picked":["BowlingBash","WreathOfFlame","EmptyFist+1"],"picked":"SKIP","floor":19},{"not_picked":["CutThroughFate","DeceiveReality"],"picked":"LikeWater","floor":20},{"not_picked":["FlurryOfBlows","Prostrate+1"],"picked":"Wireheading","floor":21},{"not_picked":["FlurryOfBlows","FollowUp"],"picked":"Devotion","floor":22},{"not_picked":["BowlingBash+1","SashWhip","Evaluate"],"picked":"SKIP","floor":23},{"not_picked":["FlurryOfBlows+1","Consecrate+1"],"picked":"PathToVictory+1","floor":24},{"not_picked":["SashWhip","ReachHeaven"],"picked":"WaveOfTheHand","floor":28},{"not_picked":["EmptyFist","ConjureBlade","EmptyBody"],"picked":"SKIP","floor":29},{"not_picked":["Indignation","CutThroughFate+1"],"picked":"InnerPeace+1","floor":30},{"not_picked":["DeusExMachina","Judgement"],"picked":"Omniscience","floor":33},{"not_picked":["ThirdEye","Evaluate+1"],"picked":"Study+1","floor":35},{"not_picked":["EmptyMind","EmptyBody"],"picked":"Fasting2","floor":37},{"not_picked":["CrushJoints+1","Consecrate","FlurryOfBlows"],"picked":"SKIP","floor":38},{"not_picked":["Perseverance","CarveReality"],"picked":"Nirvana","floor":39},{"not_picked":["Vengeance","CutThroughFate"],"picked":"Nirvana","floor":40},{"not_picked":["DeceiveReality+1","Prostrate+1","CrushJoints"],"picked":"SKIP","floor":41},{"not_picked":["JustLucky+1","EmptyFist"],"picked":"ThirdEye+1","floor":42},{"not_picked":["Evaluate+1","Consecrate","Prostrate+1"],"picked":"SKIP","floor":44},{"not_picked":["PathToVictory","DeusExMachina","CarveReality"],"picked":"SKIP","floor":45},{"not_picked":["FlurryOfBlows","SashWhip","Prostrate"],"picked":"SKIP","floor":47},{"not_picked":["DeceiveReality+1","WaveOfTheHand+1"],"picked":"Adaptation+1","floor":48},{"not_picked":["BowlingBash+1","Indignation+1"],"picked":"DeceiveReality+1","floor":54}],"player_experience":433712,"relics_obtained":[{"floor":6,"key":"Girya"},{"floor":9,"key":"Pen Nib"},{"floor":12,"key":"White Beast Statue"},{"floor":14,"key":"Pear"},{"floor":23,"key":"Juzu Bracelet"},{"floor":23,"key":"Dream Catcher"},{"floor":28,"key":"HornCleat"},{"floor":28,"key":"Bottled Tornado"},{"floor":37,"key":"Torii"},{"floor":40,"key":"Boot"},{"floor":40,"key":"Yang"},{"floor":43,"key":"Art of War"},{"floor":45,"key":"MawBank"},{"floor":45,"key":"InkBottle"},{"floor":54,"key":"Orichalcum"},{"floor":54,"key":"Blood Vial"}],"event_choices":[{"damage_healed":0,"gold_gain":0,"cards_transformed":["Strike_P"],"player_choice":"Change","damage_taken":0,"max_hp_gain":0,"max_hp_loss":0,"event_name":"Living Wall","floor":3,"gold_loss":0,"cards_obtained":["PathToVictory"]},{"damage_healed":0,"gold_gain":0,"player_choice":"1 cards matched","damage_taken":0,"max_hp_gain":0,"max_hp_loss":0,"event_name":"Match and Keep!","floor":10,"gold_loss":0,"cards_obtained":["Dramatic Entrance"]},{"damage_healed":0,"gold_gain":99,"player_choice":"Stole From Cult","damage_taken":0,"max_hp_gain":0,"max_hp_loss":0,"event_name":"Nest","floor":27,"gold_loss":0},{"damage_healed":0,"gold_gain":0,"player_choice":"Ignored","damage_taken":0,"max_hp_gain":0,"max_hp_loss":0,"event_name":"Vampires","floor":31,"gold_loss":0},{"cards_removed":["Strike_P"],"damage_healed":0,"gold_gain":0,"player_choice":"Removed Attack","damage_taken":0,"max_hp_gain":0,"max_hp_loss":0,"event_name":"Falling","floor":36,"gold_loss":0},{"damage_healed":0,"gold_gain":0,"player_choice":"Fight","damage_taken":0,"max_hp_gain":0,"max_hp_loss":0,"event_name":"Mysterious Sphere","floor":37,"gold_loss":0}],"is_beta":false,"boss_relics":[{"not_picked":["Empty Cage","Pandora\u0027s Box"],"picked":"Black Star"},{"not_picked":["SlaversCollar","Philosopher\u0027s Stone"],"picked":"HolyWater"}],"items_purged_floors":[],"is_endless":false,"potions_floor_spawned":[2,5,6,7,12,14,16,18,19,20,21,22,23,24,28,29,33,35,37,38,39,40,41,42,44,45,47,48,54],"ascension_level":0}}