{"host":"isy2gwbfe91wqj1j","time":1611106890,"event":{"mods":["AchievementEnabler","BaseMod","Better Altar","Better Match","Better Note","Better Sensory Stone","Better Skull","Better Third Choice","BetterRewards","Minty Spire (QoL Compilation)","StSLib"],"gold_per_floor":[114,114,64,75,88,88,163,163,189,189,236,251,251,261,261,362,362],"floor_reached":16,"language":"ENG","playtime":1487,"items_purged":["Strike_B","Strike_B"],"score":168,"play_id":"db949d9a-f890-41f8-a44e-9ddea0e56a5c","local_time":"20210119184130","is_ascension_mode":true,"campfire_choices":[{"data":"Apotheosis","floor":6,"key":"SMITH"},{"floor":8,"key":"REST"},{"data":"White Noise","floor":13,"key":"SMITH"},{"data":"Glacier","floor":15,"key":"SMITH"}],"circlet_count":0,"master_deck":["Strike_B","Defend_B","Defend_B","Defend_B","Defend_B","Zap","Dualcast","Cold Snap","Chill","Apotheosis+1","Coolheaded","Glacier+1","Cold Snap","White Noise+1"],"relics":["Cracked Core","Dead Branch","Ancient Tea Set","Art of War"],"acts_visited":["Exordium"],"potions_floor_usage":[16,16,16],"damage_taken":[{"damage":0,"enemies":"Jaw Worm","floor":1,"turns":5},{"damage":0,"enemies":"Small Slimes","floor":4,"turns":2},{"damage":0,"enemies":"2 Louse","floor":5,"turns":3},{"damage":0,"enemies":"Looter","floor":12,"turns":4},{"damage":0,"enemies":"2 Fungi Beasts","floor":14,"turns":4},{"damage":74,"enemies":"Slime Boss","floor":16,"turns":14}],"seed_played":"3561253693470712095","potions_obtained":[{"floor":1,"key":"SteroidPotion"},{"floor":12,"key":"Explosive Potion"},{"floor":14,"key":"PowerPotion"},{"floor":16,"key":"Fruit Juice"}],"is_trial":false,"path_per_floor":["M","?","?","M","M","R","?","R","T","?","T","M","R","M","R","B"],"character_chosen":"DEFECT","items_purchased":["Cold Snap","Chill","Apotheosis","Coolheaded","Glacier"],"campfire_rested":1,"item_purchase_floors":[0,0,0,0,0],"current_hp_per_floor":[75,75,75,75,75,75,64,75,75,75,75,75,75,75,75,1,1],"gold":362,"neow_bonus":"","is_daily":false,"chose_seed":false,"campfire_upgraded":3,"win_rate":0.0,"timestamp":1611106890,"path_taken":["M","?","?","M","M","R","?","R","T","?","?","?","R","M","R","BOSS"],"items_purchased_type":["Card","Card","Card","Card","Card"],"build_version":"2020-12-22","purchased_purges":2,"victory":false,"max_hp_per_floor":[75,75,75,75,75,75,75,75,75,75,75,75,75,75,75,75,75],"card_choices":[{"not_picked":["Gash","Beam Cell"],"picked":"Cold Snap","floor":1},{"not_picked":["Melter","Steam","Fusion"],"picked":"SKIP","floor":4},{"not_picked":["Aggregate","Steam"],"picked":"White Noise","floor":5},{"not_picked":["Rebound","Compile Driver","Redo"],"picked":"SKIP","floor":12},{"not_picked":["Aggregate","Redo","Gash"],"picked":"SKIP","floor":14}],"player_experience":182710,"relics_obtained":[{"floor":9,"key":"Ancient Tea Set"},{"floor":11,"key":"Art of War"}],"event_choices":[{"damage_healed":0,"gold_gain":1,"player_choice":"1","damage_taken":0,"max_hp_gain":0,"max_hp_loss":0,"event_name":"betterStone:BetterStone","floor":2,"gold_loss":0},{"cards_removed":["Strike_B"],"damage_healed":0,"gold_gain":0,"player_choice":"Card Removal","damage_taken":0,"max_hp_gain":0,"max_hp_loss":0,"event_name":"The Cleric","floor":3,"gold_loss":50},{"damage_healed":0,"gold_gain":75,"player_choice":"Gold","damage_taken":11,"max_hp_gain":0,"max_hp_loss":0,"event_name":"betterThird:BetterGoop","floor":7,"gold_loss":0},{"damage_healed":0,"gold_gain":0,"player_choice":"Ignored","damage_taken":189,"max_hp_gain":0,"max_hp_loss":0,"event_name":"betterThird:BetterSerpent","floor":10,"gold_loss":0}],"is_beta":false,"boss_relics":[],"items_purged_floors":[0,0],"is_endless":false,"potions_floor_spawned":[1,12,14,16],"killed_by":"Slime Boss","ascension_level":4}}