{"host":"42xxsmacr0f6ikcz","time":1611169832,"event":{"mods":["AchievementEnabler","BaseMod","Block Reminder","Minty Spire (QoL Compilation)","Relic Stats","StSLib"],"gold_per_floor":[116,129,54,69,81,81,108,108,131,150,215,215,245,261,261,366,366,386,396,160,177,14,47,65,93,93,93,93,93],"floor_reached":28,"language":"ENG","playtime":1709,"items_purged":["Strike_B"],"score":368,"play_id":"e0fe4e7f-4c26-4eb6-98c4-dd0b2f727e56","local_time":"20210120141032","is_ascension_mode":true,"campfire_choices":[{"data":"Doom and Gloom","floor":6,"key":"SMITH"},{"data":"Glacier","floor":8,"key":"SMITH"},{"floor":12,"key":"REST"},{"data":"Sunder","floor":15,"key":"SMITH"}],"circlet_count":0,"master_deck":["Strike_B","Strike_B","Strike_B","Defend_B","Defend_B","Defend_B","Defend_B","Zap","Dualcast","Doom and Gloom+1","Cold Snap","Compile Driver","Glacier+1","Redo","Sunder+1","Chaos","Rainbow","Echo Form","Capacitor+1","Apotheosis","Defragment","Recycle+1","Capacitor"],"relics":["Snecko Eye","Omamori","Happy Flower","Potion Belt","Sundial","Sozu","Membership Card","Centennial Puzzle","Du-Vu Doll","Bottled Tornado","CultistMask"],"acts_visited":["Exordium","TheCity"],"potions_floor_usage":[11,17,28,28],"damage_taken":[{"damage":0,"enemies":"Cultist","floor":1,"turns":3},{"damage":0,"enemies":"Small Slimes","floor":2,"turns":3},{"damage":13,"enemies":"2 Louse","floor":4,"turns":3},{"damage":8,"enemies":"Exordium Wildlife","floor":5,"turns":3},{"damage":11,"enemies":"3 Sentries","floor":7,"turns":3},{"damage":6,"enemies":"Looter","floor":10,"turns":2},{"damage":12,"enemies":"Lagavulin Event","floor":11,"turns":6},{"damage":1,"enemies":"Lagavulin","floor":13,"turns":7},{"damage":0,"enemies":"Exordium Thugs","floor":14,"turns":4},{"damage":0,"enemies":"Hexaghost","floor":16,"turns":6},{"damage":0,"enemies":"3 Byrds","floor":18,"turns":3},{"damage":0,"enemies":"Spheric Guardian","floor":19,"turns":3},{"damage":12,"enemies":"Cultist and Chosen","floor":21,"turns":4},{"damage":13,"enemies":"Slavers","floor":23,"turns":4},{"damage":0,"enemies":"3 Cultists","floor":24,"turns":3},{"damage":47,"enemies":"Gremlin Leader","floor":25,"turns":6},{"damage":4,"enemies":"Snake Plant","floor":28,"turns":1}],"seed_played":"2838608068178266008","potions_obtained":[{"floor":1,"key":"EssenceOfSteel"},{"floor":5,"key":"FocusPotion"},{"floor":7,"key":"Energy Potion"},{"floor":13,"key":"EntropicBrew"},{"floor":16,"key":"PowerPotion"}],"is_trial":false,"path_per_floor":["M","M","$","M","M","R","E","R","T","M","?","R","E","M","R","B",null,"M","M","$","M","$","E","M","E","T","?","M"],"character_chosen":"DEFECT","items_purchased":["Membership Card","Echo Form","Apotheosis","Centennial Puzzle"],"campfire_rested":1,"item_purchase_floors":[20,20,22,22],"current_hp_per_floor":[75,75,75,62,54,54,43,43,43,37,25,47,46,46,46,46,75,75,75,75,63,63,50,50,3,3,3,0,0],"gold":93,"neow_bonus":"BOSS_RELIC","is_daily":false,"chose_seed":false,"campfire_upgraded":3,"win_rate":0.0,"timestamp":1611169832,"path_taken":["M","M","?","M","M","R","E","R","T","M","?","R","E","M","R","BOSS","M","M","$","M","$","E","M","E","T","?","?"],"items_purchased_type":["Relic","Card","Card","Relic"],"build_version":"2020-12-22","purchased_purges":1,"victory":false,"max_hp_per_floor":[75,75,75,75,75,75,75,75,75,75,75,75,75,75,75,75,75,75,75,75,75,75,75,75,75,75,75,75,75],"relic_stats":{"Sozu":3,"Centennial Puzzle":[6],"Happy Flower":[16],"counters":[17,64],"Sundial":[8],"Snecko Eye":[124,101,102,144],"obtain_stats":[{"Potion Belt":11,"Sozu":17,"Du-Vu Doll":23,"Centennial Puzzle":22,"Happy Flower":9,"Sundial":13,"Snecko Eye":0,"CultistMask":27,"Omamori":7,"Membership Card":20,"Bottled Tornado":25,"Cracked Core":0},{"Potion Belt":7,"Sozu":10,"Du-Vu Doll":14,"Centennial Puzzle":13,"Happy Flower":5,"Sundial":8,"Snecko Eye":0,"CultistMask":16,"Omamori":5,"Membership Card":12,"Bottled Tornado":16,"Cracked Core":0},{"Potion Belt":23,"Sozu":40,"Du-Vu Doll":54,"Centennial Puzzle":50,"Happy Flower":15,"Sundial":30,"Snecko Eye":0,"CultistMask":63,"Omamori":15,"Membership Card":46,"Bottled Tornado":63,"Cracked Core":0}]},"card_choices":[{"not_picked":["Scrape","Gash"],"picked":"Doom and Gloom","floor":1},{"not_picked":["Hologram","Redo","Leap"],"picked":"SKIP","floor":2},{"not_picked":["Genetic Algorithm","Rip and Tear"],"picked":"Cold Snap","floor":4},{"not_picked":["Tempest","Gash"],"picked":"Compile Driver","floor":5},{"not_picked":["Compile Driver","Steam"],"picked":"Glacier","floor":7},{"not_picked":["Reprogram","Barrage","Thunder Strike"],"picked":"SKIP","floor":10},{"not_picked":["Turbo","Rebound"],"picked":"Redo","floor":11},{"not_picked":["Turbo","Steam Power"],"picked":"Sunder","floor":13},{"not_picked":["Seek","Blizzard"],"picked":"Chaos","floor":14},{"not_picked":["All For One","Seek"],"picked":"Rainbow","floor":16},{"not_picked":["Hologram","Lockon","Beam Cell+1"],"picked":"SKIP","floor":18},{"not_picked":["Rebound","Stack","Steam+1"],"picked":"SKIP","floor":19},{"not_picked":["Force Field","Stack"],"picked":"Capacitor+1","floor":21},{"not_picked":["Self Repair","Recycle+1"],"picked":"Defragment","floor":23},{"not_picked":["FTL","Go for the Eyes"],"picked":"Recycle+1","floor":24},{"not_picked":["Turbo","All For One"],"picked":"Capacitor","floor":25}],"player_experience":160772,"relics_obtained":[{"floor":7,"key":"Omamori"},{"floor":9,"key":"Happy Flower"},{"floor":11,"key":"Potion Belt"},{"floor":13,"key":"Sundial"},{"floor":23,"key":"Du-Vu Doll"},{"floor":25,"key":"Bottled Tornado"}],"event_choices":[{"damage_healed":0,"gold_gain":30,"player_choice":"Searched \u00272\u0027 times","damage_taken":0,"max_hp_gain":0,"max_hp_loss":0,"event_name":"Dead Adventurer","floor":11,"gold_loss":0},{"damage_healed":0,"gold_gain":0,"player_choice":"Trade","damage_taken":0,"relics_obtained":["CultistMask"],"max_hp_gain":0,"max_hp_loss":0,"event_name":"FaceTrader","floor":27,"gold_loss":0}],"is_beta":false,"boss_relics":[{"not_picked":["Astrolabe","Busted Crown"],"picked":"Sozu"}],"items_purged_floors":[3],"is_endless":false,"potions_floor_spawned":[1,5,7,13,16,23,24,25],"killed_by":"Snake Plant","ascension_level":3}}