{"host":"irrizrmw64do51k7","time":1611186151,"event":{"mods":["AchievementEnabler","BaseMod","Better Altar","Better Match","Better Note","Better Sensory Stone","Better Skull","Better Third Choice","BetterRewards","Card Forge","Colored Map","Colored Powertips","Curses Come First","DeckTracker","Good Game Mod","Infinite Spire","Minty Spire (QoL Compilation)","Quick Restart","Relic Stats","Shop Mod","StSLib"],"gold_per_floor":[118,131,141,159,173,198,198,215,215,243,257,257,272,290,290,366,366,380,391,406,423,438,438,458,458,458,493,505,523,536,536,536,611,611,621,621,638,117,117,147,157,176,176,186,186,206,206,37,37,111,111,120,124,127,131,131,155,155,155,180,182,182,182,178,184,184,236,236,243,234,226,229,229,234,259,245,245,231,231],"floor_reached":78,"language":"ENG","playtime":4368,"items_purged":[],"score":2879,"play_id":"6a037e6d-2cb4-4cd9-acb4-7df7a9ad0160","local_time":"20210120154231","is_ascension_mode":true,"campfire_choices":[{"floor":7,"key":"REST"},{"floor":12,"key":"RECALL"},{"data":"Storm","floor":15,"key":"SMITH"},{"data":"Buffer","floor":23,"key":"SMITH"},{"data":"Capacitor","floor":25,"key":"SMITH"},{"data":"Double Energy","floor":32,"key":"SMITH"},{"data":"Seek","floor":47,"key":"SMITH"},{"data":"Heatsinks","floor":49,"key":"SMITH"},{"data":"Creative AI","floor":58,"key":"SMITH"},{"data":"infinitespire:NeuralNetwork","floor":63,"key":"SMITH"},{"data":"infinitespire:FutureSight","floor":66,"key":"SMITH"}],"circlet_count":0,"master_deck":["AscendersBane","Zap+1","Dualcast","Buffer+1","Capacitor+1","Auto Shields+1","Defragment+1","Genetic Algorithm+1","Glacier+1","Self Repair+1","White Noise+1","Storm+1","Electrodynamics+1","Echo Form+1","Creative AI+1","Capacitor+1","Buffer+1","Amplify+1","Self Repair+1","Ball Lightning+1","Cold Snap+1","Steam","Redo","Glacier","Stack","Glacier","Heatsinks+1","Storm+1","Buffer+1","Barrage+1","Coolheaded","Capacitor+1","Static Discharge","Stack","Conserve Battery","Double Energy+1","Seek+1","Barrage","Coolheaded","Coolheaded+1","Creative AI+1","BootSequence","infinitespire:NeuralNetwork+1","infinitespire:FutureSight+1","Buffer"],"relics":["Cracked Core","Hammer of Thor","Seething Fire","Anvil of the Gods","REME:ComplimentaryCards","Boot","Matryoshka","infinitespire:Beetle Shell","Nuclear Battery","infinitespire:ShieldingShard","Du-Vu Doll","Busted Crown","infinitespire:Freezer","Torii","infinitespire:SolderingIron","Bronze Scales","Eternal Feather","DataDisk","Bottled Lightning","InkBottle","Bag of Preparation","Anchor","Odd Mushroom","Empty Cage","Art of War","infinitespire:Lucky Rock","infinitespire:Bottled Soul","Frozen Egg 2"],"acts_visited":["Exordium","TheCity","TheBeyond","Exordium","TheCity"],"potions_floor_usage":[27,41,50,50],"damage_taken":[{"damage":0,"enemies":"Small Slimes","floor":1,"turns":3},{"damage":7,"enemies":"Jaw Worm","floor":2,"turns":5},{"damage":0,"enemies":"Cultist","floor":3,"turns":4},{"damage":31,"enemies":"Exordium Thugs","floor":4,"turns":6},{"damage":0,"enemies":"Lots of Slimes","floor":5,"turns":1},{"damage":0,"enemies":"Gremlin Nob","floor":6,"turns":5},{"damage":19,"enemies":"2 Fungi Beasts","floor":8,"turns":4},{"damage":0,"enemies":"3 Sentries","floor":10,"turns":3},{"damage":19,"enemies":"Red Slaver","floor":11,"turns":3},{"damage":0,"enemies":"Looter","floor":13,"turns":3},{"damage":0,"enemies":"Exordium Thugs","floor":14,"turns":3},{"damage":19,"enemies":"The Guardian","floor":16,"turns":5},{"damage":0,"enemies":"Spheric Guardian","floor":18,"turns":3},{"damage":0,"enemies":"Chosen","floor":19,"turns":3},{"damage":15,"enemies":"Shelled Parasite and Fungi","floor":20,"turns":3},{"damage":0,"enemies":"Centurion and Healer","floor":21,"turns":5},{"damage":2,"enemies":"3 Cultists","floor":22,"turns":4},{"damage":21,"enemies":"Sentry and Sphere","floor":24,"turns":3},{"damage":20,"enemies":"Slavers","floor":27,"turns":5},{"damage":6,"enemies":"Shelled Parasite and Fungi","floor":28,"turns":5},{"damage":0,"enemies":"Snecko","floor":29,"turns":3},{"damage":6,"enemies":"Snake Plant","floor":30,"turns":3},{"damage":0,"enemies":"Champ","floor":33,"turns":8},{"damage":0,"enemies":"3 Darklings","floor":35,"turns":3},{"damage":0,"enemies":"Orb Walker","floor":37,"turns":2},{"damage":43,"enemies":"Nightmare","floor":40,"turns":5},{"damage":9,"enemies":"4 Shapes","floor":41,"turns":3},{"damage":0,"enemies":"Maw","floor":42,"turns":5},{"damage":0,"enemies":"Spire Growth","floor":44,"turns":3},{"damage":0,"enemies":"4 Shapes","floor":46,"turns":2},{"damage":45,"enemies":"Awakened One","floor":50,"turns":7},{"damage":0,"enemies":"Cultist","floor":52,"turns":3},{"damage":16,"enemies":"Small Slimes","floor":53,"turns":2},{"damage":0,"enemies":"Jaw Worm","floor":54,"turns":1},{"damage":0,"enemies":"Large Slime","floor":55,"turns":2},{"damage":0,"enemies":"Gremlin Nob","floor":57,"turns":2},{"damage":1,"enemies":"Gremlin Gang","floor":59,"turns":2},{"damage":0,"enemies":"2 Fungi Beasts","floor":61,"turns":2},{"damage":0,"enemies":"Blue Slaver","floor":64,"turns":2},{"damage":0,"enemies":"The Mushroom Lair","floor":65,"turns":2},{"damage":0,"enemies":"The Guardian","floor":67,"turns":4},{"damage":6,"enemies":"2 Thieves","floor":69,"turns":2},{"damage":0,"enemies":"Shell Parasite","floor":70,"turns":4},{"damage":0,"enemies":"Chosen and Byrds","floor":71,"turns":3},{"damage":0,"enemies":"Snecko","floor":72,"turns":2},{"damage":0,"enemies":"Gremlin Leader","floor":74,"turns":3},{"damage":58,"enemies":"Nightmare","floor":76,"turns":5},{"damage":23,"enemies":"Slavers","floor":78,"turns":1}],"seed_played":"5065364536318421865","potions_obtained":[{"floor":5,"key":"Fire Potion"},{"floor":8,"key":"BlessingOfTheForge"},{"floor":27,"key":"SpeedPotion"},{"floor":33,"key":"Regen Potion"},{"floor":41,"key":"LiquidMemories"},{"floor":42,"key":"DistilledChaos"},{"floor":50,"key":"Dexterity Potion"},{"floor":55,"key":"PowerPotion"},{"floor":59,"key":"infinitespire:BlackPotion"}],"is_trial":false,"path_per_floor":["M","M","M","M","M","E","R","M","T","E","M","R","M","M","R","B",null,"M","M","M","M","M","R","M","R","T","E","M","M","M","?","R","B",null,"M","?","M","$","?","NM","M","M","T","M","?","M","R","$","R","B",null,"M","M","M","M","T","E","R","M","T","M","AVR","R","M","?","R","B",null,"M","M","M","M","?","E","T","NM","T","E"],"character_chosen":"DEFECT","items_purchased":["infinitespire:Freezer","Torii","Coolheaded","DataDisk"],"campfire_rested":1,"item_purchase_floors":[38,38,38,48],"current_hp_per_floor":[46,39,39,8,8,28,49,40,40,60,51,51,51,61,61,52,66,66,66,61,61,71,71,60,60,60,50,54,71,65,65,65,71,71,71,71,71,71,61,38,38,58,58,71,66,66,71,71,71,46,65,71,65,65,65,65,65,71,70,70,70,70,71,71,71,71,71,71,71,71,71,71,71,71,71,23,23,0,0],"gold":231,"neow_bonus":"THREE_RARE_CARDS","is_daily":false,"chose_seed":false,"campfire_upgraded":9,"win_rate":0.0,"timestamp":1611186151,"path_taken":["M","M","M","M","M","E","R","M","T","E","M","R","M","M","R","BOSS","M","M","M","M","M","R","M","R","T","E","M","M","M","?","R","BOSS","M","?","?","$","?","NM","M","?","T","M","?","M","R","$","R","BOSS","M","M","M","M","?","E","R","M","T","M","AVR","R","M","?","R","BOSS","M","M","M","M","?","E","?","NM","T","E"],"items_purchased_type":["Relic","Relic","Card","Relic"],"build_version":"2020-12-22","purchased_purges":0,"victory":false,"max_hp_per_floor":[71,71,71,71,71,71,71,71,71,71,71,71,71,71,71,71,71,71,71,71,71,71,71,71,71,71,71,71,71,71,71,71,71,71,71,71,71,71,71,71,71,71,71,71,71,71,71,71,71,71,71,71,71,71,71,71,71,71,71,71,71,71,71,71,71,71,71,71,71,71,71,71,71,71,71,71,71,71,71],"relic_stats":{"Busted Crown":58,"Torii":9,"counters":[70,242],"Bronze Scales":[164],"Eternal Feather":12,"Bag of Preparation":[28],"Art of War":[3],"Boot":[18],"obtain_stats":[{"Ice Cream":0,"Calipers":0,"Tiny House":17,"Torii":38,"animator:TheMissingPiece":0,"Hammer of Thor":0,"Bag of Preparation":27,"Boot":6,"Empty Cage":68,"Centennial Puzzle":8,"Matryoshka":9,"infinitespire:ShieldingShard":26,"infinitespire:SolderingIron":40,"infinitespire:Bottled Soul":76,"Gambling Chip":0,"Red Mask":21,"Cracked Core":21,"InkBottle":57,"NeowsBlessing":0,"Eternal Feather":43,"infinitespire:Joker Card":12,"infinitespire:Beetle Shell":10,"Seething Fire":0,"infinitespire:CheckeredPen":0,"infinitespire:Lucky Rock":22,"Odd Mushroom":65,"Frozen Egg 2":77,"Cables":0,"Nuclear Battery":17,"Du-Vu Doll":27,"REME:ComplimentaryCards":0,"CaptainsWheel":0,"DataDisk":48,"Anchor":62,"Busted Crown":34,"Anvil of the Gods":0,"Bronze Scales":43,"animator:LivingPicture":0,"Turnip":0,"infinitespire:EmpoweringShard":7,"Art of War":74,"Bottled Lightning":56,"Unceasing Top":9,"infinitespire:Freezer":38},{"Ice Cream":3,"Calipers":3,"Tiny House":15,"Torii":47,"animator:TheMissingPiece":0,"Hammer of Thor":0,"Bag of Preparation":19,"Boot":28,"Empty Cage":63,"Centennial Puzzle":10,"Matryoshka":29,"infinitespire:ShieldingShard":40,"infinitespire:SolderingIron":48,"infinitespire:Bottled Soul":69,"Gambling Chip":3,"Red Mask":18,"Cracked Core":18,"InkBottle":58,"NeowsBlessing":0,"Eternal Feather":50,"infinitespire:Joker Card":12,"infinitespire:Beetle Shell":30,"Seething Fire":0,"infinitespire:CheckeredPen":3,"infinitespire:Lucky Rock":18,"Odd Mushroom":62,"Frozen Egg 2":69,"Cables":3,"Nuclear Battery":34,"Du-Vu Doll":41,"REME:ComplimentaryCards":0,"CaptainsWheel":3,"DataDisk":52,"Anchor":60,"Busted Crown":45,"Anvil of the Gods":0,"Bronze Scales":50,"animator:LivingPicture":0,"Turnip":3,"infinitespire:EmpoweringShard":10,"Art of War":68,"Bottled Lightning":57,"Unceasing Top":10,"infinitespire:Freezer":47},{"Ice Cream":5,"Calipers":5,"Tiny House":51,"Torii":175,"animator:TheMissingPiece":0,"Hammer of Thor":0,"Bag of Preparation":71,"Boot":104,"Empty Cage":222,"Centennial Puzzle":25,"Matryoshka":108,"infinitespire:ShieldingShard":146,"infinitespire:SolderingIron":180,"infinitespire:Bottled Soul":241,"Gambling Chip":5,"Red Mask":63,"Cracked Core":63,"InkBottle":210,"NeowsBlessing":0,"Eternal Feather":188,"infinitespire:Joker Card":33,"infinitespire:Beetle Shell":111,"Seething Fire":0,"infinitespire:CheckeredPen":5,"infinitespire:Lucky Rock":63,"Odd Mushroom":218,"Frozen Egg 2":241,"Cables":5,"Nuclear Battery":125,"Du-Vu Doll":151,"REME:ComplimentaryCards":0,"CaptainsWheel":5,"DataDisk":193,"Anchor":214,"Busted Crown":170,"Anvil of the Gods":0,"Bronze Scales":188,"animator:LivingPicture":0,"Turnip":5,"infinitespire:EmpoweringShard":25,"Art of War":236,"Bottled Lightning":208,"Unceasing Top":25,"infinitespire:Freezer":175}],"InkBottle":[21]},"card_choices":[{"not_picked":["Core Surge","Biased Cognition"],"picked":"Echo Form","floor":0.0},{"not_picked":["Beam Cell","FTL","Lockon"],"picked":"SKIP","floor":1},{"not_picked":["Compile Driver","Turbo","Hologram"],"picked":"SKIP","floor":2},{"not_picked":["Loop","Coolheaded"],"picked":"Capacitor","floor":3},{"not_picked":["FTL","Rebound"],"picked":"Auto Shields","floor":4},{"not_picked":["Conserve Battery","Tempest"],"picked":"Steam","floor":5},{"not_picked":["Fission","FTL"],"picked":"Redo","floor":6},{"not_picked":["Rebound","Ball Lightning"],"picked":"Glacier","floor":8},{"not_picked":["Coolheaded","Go for the Eyes"],"picked":"Stack","floor":10},{"not_picked":["Sweeping Beam","Conserve Battery"],"picked":"Glacier","floor":11},{"not_picked":["Sweeping Beam","Machine Learning"],"picked":"Heatsinks","floor":13},{"not_picked":["Hello World","Redo"],"picked":"Storm","floor":14},{"not_picked":["Multi-Cast","Amplify"],"picked":"Buffer","floor":16},{"not_picked":["FTL","Ball Lightning","Hologram"],"picked":"SKIP","floor":18},{"not_picked":["Turbo+1","Auto Shields"],"picked":"Barrage+1","floor":19},{"not_picked":["Gash","BootSequence"],"picked":"Coolheaded","floor":20},{"not_picked":["Barrage+1","Redo"],"picked":"Capacitor","floor":21},{"not_picked":["Skim","Beam Cell","Streamline"],"picked":"SKIP","floor":22},{"not_picked":["Scrape","Hologram","Sweeping Beam"],"picked":"SKIP","floor":24},{"not_picked":["Stack","Biased Cognition"],"picked":"Static Discharge","floor":27},{"not_picked":["Compile Driver","Redo"],"picked":"Stack","floor":28},{"not_picked":["Hello World","Streamline"],"picked":"Conserve Battery","floor":29},{"not_picked":["Go for the Eyes","Ball Lightning"],"picked":"Double Energy","floor":30},{"not_picked":["Machine Learning","Amplify"],"picked":"Seek","floor":33},{"not_picked":["Recycle"],"picked":"SKIP","floor":35},{"not_picked":[],"picked":"Barrage","floor":37},{"not_picked":["Cold Snap"],"picked":"SKIP","floor":40},{"not_picked":["Fusion"],"picked":"SKIP","floor":41},{"not_picked":["Reprogram"],"picked":"SKIP","floor":42},{"not_picked":[],"picked":"Coolheaded+1","floor":44},{"not_picked":["Conserve Battery"],"picked":"SKIP","floor":46},{"not_picked":[],"picked":"Creative AI","floor":50},{"not_picked":["Melter"],"picked":"SKIP","floor":52},{"not_picked":["Streamline"],"picked":"SKIP","floor":53},{"not_picked":["Fusion"],"picked":"SKIP","floor":54},{"not_picked":["Steam"],"picked":"SKIP","floor":55},{"not_picked":[],"picked":"BootSequence","floor":57},{"not_picked":["Darkness"],"picked":"SKIP","floor":59},{"not_picked":["Barrage"],"picked":"SKIP","floor":61},{"not_picked":["Storm"],"picked":"SKIP","floor":64},{"not_picked":[],"picked":"Buffer","floor":67},{"not_picked":["Beam Cell"],"picked":"SKIP","floor":69},{"not_picked":["Beam Cell"],"picked":"SKIP","floor":69},{"not_picked":["Steam"],"picked":"SKIP","floor":70},{"not_picked":["Consume"],"picked":"SKIP","floor":71},{"not_picked":["Steam Power"],"picked":"SKIP","floor":72},{"not_picked":["Ball Lightning"],"picked":"SKIP","floor":74},{"not_picked":["Steam Power"],"picked":"SKIP","floor":76}],"player_experience":477036,"relics_obtained":[{"floor":6,"key":"Boot"},{"floor":9,"key":"Matryoshka"},{"floor":10,"key":"infinitespire:Beetle Shell"},{"floor":26,"key":"infinitespire:ShieldingShard"},{"floor":27,"key":"Du-Vu Doll"},{"floor":40,"key":"infinitespire:SolderingIron"},{"floor":43,"key":"Bronze Scales"},{"floor":43,"key":"Eternal Feather"},{"floor":56,"key":"Bottled Lightning"},{"floor":57,"key":"InkBottle"},{"floor":60,"key":"Bag of Preparation"},{"floor":65,"key":"Odd Mushroom"},{"floor":74,"key":"Art of War"},{"floor":75,"key":"infinitespire:Lucky Rock"},{"floor":76,"key":"infinitespire:Bottled Soul"},{"floor":77,"key":"Frozen Egg 2"}],"event_choices":[{"damage_healed":0,"gold_gain":0,"player_choice":"Ignored","damage_taken":0,"max_hp_gain":0,"max_hp_loss":0,"event_name":"Ghosts","floor":31,"gold_loss":0},{"damage_healed":0,"gold_gain":0,"player_choice":"Got Potions","damage_taken":0,"max_hp_gain":0,"max_hp_loss":0,"event_name":"Lab","floor":36,"gold_loss":0},{"damage_healed":0,"gold_gain":0,"player_choice":"Damaged","damage_taken":10,"max_hp_gain":0,"max_hp_loss":0,"event_name":"Wheel of Change","floor":39,"gold_loss":0},{"damage_healed":0,"gold_gain":0,"player_choice":"Punched","damage_taken":5,"max_hp_gain":0,"max_hp_loss":0,"event_name":"Designer","floor":45,"gold_loss":0},{"damage_healed":0,"gold_gain":0,"player_choice":"Fought Mushrooms","damage_taken":0,"max_hp_gain":0,"max_hp_loss":0,"event_name":"Mushrooms","floor":65,"gold_loss":0},{"damage_healed":0,"gold_gain":0,"player_choice":"Obtain J.A.X.","damage_taken":0,"max_hp_gain":0,"max_hp_loss":0,"event_name":"Drug Dealer","floor":73,"gold_loss":0,"cards_obtained":["J.A.X."]}],"is_beta":false,"boss_relics":[{"not_picked":["Runic Dome","Velvet Choker"],"picked":"Nuclear Battery"},{"not_picked":["Fusion Hammer","Pandora\u0027s Box"],"picked":"Busted Crown"},{"not_picked":["Snecko Eye","Calling Bell","Cursed Key"]},{"not_picked":["Runic Pyramid","Astrolabe"],"picked":"Empty Cage"}],"items_purged_floors":[],"is_endless":true,"potions_floor_spawned":[5,8,10,11,13,16,20,21,22,27,33,37,41,42,50,55,59,61,64,65,70,72],"killed_by":"Slavers","ascension_level":16}}