{"host":"xy1hv1rgvrf7f9nu","time":1611177723,"event":{"mods":["BaseMod","Fox Events","GifTheSpireLib","Hubris","Minty Spire (QoL Compilation)","Quick Restart","Robot Space Explorer","StSLib","The Druid"],"gold_per_floor":[112,112,129,141,316,316,316],"floor_reached":6,"language":"FRA","playtime":422,"items_purged":[],"score":36,"play_id":"bf3edd83-782b-462c-9f3c-9ef4bf770e0f","local_time":"20210120222203","is_ascension_mode":false,"campfire_choices":[],"circlet_count":0,"master_deck":["RobotSpaceExplorer:Strike","RobotSpaceExplorer:Strike","RobotSpaceExplorer:Strike","RobotSpaceExplorer:Strike","RobotSpaceExplorer:Defend","RobotSpaceExplorer:Defend","RobotSpaceExplorer:Defend","RobotSpaceExplorer:Defend","RobotSpaceExplorer:Scan","RobotSpaceExplorer:MiniLasers","RobotSpaceExplorer:Electropulse+1","RobotSpaceExplorer:ExhaustFan","RobotSpaceExplorer:SelfCleaning","Doubt"],"relics":["RobotSpaceExplorer:RoboCore","NeowsBlessing"],"acts_visited":["Exordium"],"potions_floor_usage":[6],"damage_taken":[{"damage":0,"enemies":"Small Slimes","floor":1,"turns":1},{"damage":0,"enemies":"Cultist","floor":3,"turns":1},{"damage":0,"enemies":"Jaw Worm","floor":4,"turns":1},{"damage":44,"enemies":"Lagavulin","floor":6,"turns":8}],"seed_played":"-3659143450668838941","potions_obtained":[{"floor":1,"key":"Block Potion"}],"is_trial":false,"path_per_floor":["M","?","M","M","?","E"],"character_chosen":"RobotSpaceExplorer","items_purchased":[],"campfire_rested":0,"item_purchase_floors":[],"current_hp_per_floor":[75,75,75,75,75,31,31],"gold":316,"neow_bonus":"THREE_ENEMY_KILL","is_daily":false,"chose_seed":false,"campfire_upgraded":0,"win_rate":0.0,"timestamp":1611177723,"path_taken":["M","?","M","?","?","E"],"items_purchased_type":[],"build_version":"2020-12-22","purchased_purges":0,"victory":false,"max_hp_per_floor":[75,75,75,75,75,75,75],"card_choices":[{"not_picked":["RobotSpaceExplorer:Probe","RobotSpaceExplorer:MiniDrones"],"picked":"RobotSpaceExplorer:Electropulse","floor":1},{"not_picked":["RobotSpaceExplorer:FranticSearch","RobotSpaceExplorer:FreezingShield"],"picked":"RobotSpaceExplorer:ExhaustFan","floor":3},{"not_picked":["RobotSpaceExplorer:GlueShot","RobotSpaceExplorer:ScrapMissile"],"picked":"RobotSpaceExplorer:SelfCleaning","floor":4}],"player_experience":282521,"relics_obtained":[],"event_choices":[{"damage_healed":0,"gold_gain":0,"player_choice":"Upgraded","damage_taken":0,"max_hp_gain":0,"max_hp_loss":0,"event_name":"Upgrade Shrine","floor":2,"gold_loss":0,"cards_upgraded":["RobotSpaceExplorer:Electropulse"]},{"damage_healed":0,"gold_gain":175,"player_choice":"AGREE","damage_taken":0,"max_hp_gain":0,"max_hp_loss":0,"event_name":"Liars Game","floor":5,"gold_loss":0,"cards_obtained":["Doubt"]}],"is_beta":false,"boss_relics":[],"items_purged_floors":[],"is_endless":false,"potions_floor_spawned":[1],"killed_by":"Lagavulin","ascension_level":0}}