{"host":"1a3cjta80tad0aqj","time":1611165111,"event":{"mods":["2.2 Compatiblity","AchievementEnabler","BaseMod","Colored Map","DeckTracker","KOR Keyword Fix","Keyboard Shortcuts","Minty Spire (QoL Compilation)","Permanent Neow","Quick Restart","Random Character Button","StSLib","SuperFastMode","everything is the same but u backflip on backflip"],"gold_per_floor":[118,118,133,149,149,149,149,149,149,2,2,27,27,43,43,162,162,190,220,247,260,260,260,4,4,4,48,48,71,112,144,144,276,276,306,139,161,182,182,182,211,311,337,360,384,79,111,144,144,144],"floor_reached":51,"language":"KOR","playtime":2061,"items_purged":["Injury","Strike_R"],"score":1133,"play_id":"b4d1eed4-ac76-41b5-afe7-9843fabb48c9","local_time":"20210121025151","is_ascension_mode":true,"campfire_choices":[{"data":"Hemokinesis","floor":6.0,"key":"SMITH"},{"data":"Body Slam","floor":8.0,"key":"SMITH"},{"data":"Armaments","floor":11.0,"key":"SMITH"},{"floor":15.0,"key":"REST"},{"data":"True Grit","floor":23.0,"key":"SMITH"},{"data":"Bloodletting","floor":25.0,"key":"SMITH"},{"data":"Offering","floor":28.0,"key":"SMITH"},{"floor":32.0,"key":"REST"},{"data":"Double Tap","floor":40.0,"key":"SMITH"},{"floor":49.0,"key":"REST"}],"circlet_count":0,"master_deck":["Strike_R+1","Strike_R+1","Strike_R","Defend_R+1","Defend_R","Defend_R","Bash","Body Slam+1","Hemokinesis+1","Bloodletting+1","Armaments+1","True Grit+1","Intimidate","Headbutt+1","Offering+1","CurseOfTheBell","Whirlwind+1","Blood for Blood+1","Ghostly Armor","Infernal Blade+1","Spot Weakness","Double Tap+1","Inflame+1","Enlightenment","Power Through","Warcry","Immolate","Battle Trance"],"relics":["Burning Blood","Golden Idol","Incense Burner","Calling Bell","CeramicFish","StrikeDummy","Unceasing Top","Red Skull","Pear","Mango","Whetstone","Philosopher\u0027s Stone","Bronze Scales","Oddly Smooth Stone"],"acts_visited":["Exordium","TheCity","TheBeyond"],"potions_floor_usage":[50,50,50],"damage_taken":[{"damage":21.0,"enemies":"Jaw Worm","floor":1.0,"turns":4.0},{"damage":1.0,"enemies":"Cultist","floor":3.0,"turns":4.0},{"damage":15.0,"enemies":"2 Louse","floor":4.0,"turns":2.0},{"damage":14.0,"enemies":"Red Slaver","floor":12.0,"turns":2.0},{"damage":10.0,"enemies":"Exordium Wildlife","floor":14.0,"turns":3.0},{"damage":39.0,"enemies":"The Guardian","floor":16.0,"turns":10.0},{"damage":9.0,"enemies":"Chosen","floor":18.0,"turns":3.0},{"damage":9.0,"enemies":"3 Byrds","floor":19.0,"turns":3.0},{"damage":5.0,"enemies":"Snecko","floor":20.0,"turns":2.0},{"damage":2.0,"enemies":"Sentry and Sphere","floor":21.0,"turns":1.0},{"damage":40.0,"enemies":"Gremlin Leader","floor":27.0,"turns":5.0},{"damage":20.0,"enemies":"3 Cultists","floor":29.0,"turns":5.0},{"damage":35.0,"enemies":"Slavers","floor":30.0,"turns":2.0},{"damage":5.0,"enemies":"Shelled Parasite and Fungi","floor":31.0,"turns":3.0},{"damage":56.0,"enemies":"Collector","floor":33.0,"turns":7.0},{"damage":16.0,"enemies":"3 Shapes","floor":35.0,"turns":1.0},{"damage":3.0,"enemies":"Orb Walker","floor":37.0,"turns":3.0},{"damage":12.0,"enemies":"Maw","floor":38.0,"turns":6.0},{"damage":29.0,"enemies":"Jaw Worm Horde","floor":41.0,"turns":4.0},{"damage":44.0,"enemies":"Transient","floor":44.0,"turns":5.0},{"damage":12.0,"enemies":"Sphere and 2 Shapes","floor":45.0,"turns":8.0},{"damage":34.0,"enemies":"Maw","floor":47.0,"turns":5.0},{"damage":21.0,"enemies":"3 Darklings","floor":48.0,"turns":2.0},{"damage":54,"enemies":"Awakened One","floor":50,"turns":6}],"seed_played":"673399637130126752","potions_obtained":[{"floor":4.0,"key":"LiquidMemories"},{"floor":14.0,"key":"ColorlessPotion"},{"floor":16.0,"key":"CultistPotion"},{"floor":20.0,"key":"ElixirPotion"},{"floor":21.0,"key":"LiquidBronze"},{"floor":29.0,"key":"Block Potion"},{"floor":30.0,"key":"ColorlessPotion"},{"floor":44.0,"key":"Ancient Potion"},{"floor":48.0,"key":"Ancient Potion"}],"is_trial":false,"path_per_floor":["M","?","M","M","?","R","?","R","T","$","R","M","$","M","R","B",null,"M","M","M","M","?","R","$","R","T","E","R","M","E","M","R","B",null,"M","$","M","M","?","R","M","?","T","M","M","$","M","M","R","B",null],"character_chosen":"IRONCLAD","items_purchased":["Armaments","True Grit","Red Skull","Regen Potion","Enlightenment","Oddly Smooth Stone","FearPotion","FairyPotion"],"campfire_rested":3,"item_purchase_floors":[10,10,24,36,36,46,46,46],"current_hp_per_floor":[65,65,70,61,61,61,45,45,45,45,45,37,37,33,57,24,80,77,74,75,79,79,79,79,79,89,69,69,55,26,27,58,8,104,94,94,97,91,91,91,80,80,80,42,36,36,8,28,59,11],"gold":144,"neow_bonus":"TRANSFORM_CARD","is_daily":false,"chose_seed":false,"campfire_upgraded":7,"win_rate":0.0,"timestamp":1611165111,"path_taken":["M","?","M","?","?","R","?","R","T","?","R","M","$","M","R","BOSS","M","M","M","M","?","R","$","R","T","E","R","M","E","M","R","BOSS","M","$","?","M","?","R","M","?","T","?","M","$","M","?","R","BOSS"],"items_purchased_type":["Card","Card","Relic","Potion","Card","Relic","Potion","Potion"],"build_version":"2020-12-22","purchased_purges":2,"victory":true,"max_hp_per_floor":[80,80,80,80,80,80,80,80,80,80,80,80,80,80,80,80,80,80,80,80,80,80,80,80,80,90,104,104,104,104,104,104,104,104,104,104,104,104,104,104,104,104,104,104,104,104,104,104,104,104],"card_choices":[{"not_picked":["Metallicize","Sword Boomerang"],"picked":"Body Slam","floor":1.0},{"not_picked":["Body Slam","Thunderclap"],"picked":"Hemokinesis","floor":3.0},{"not_picked":["Entrench","Clash"],"picked":"Bloodletting","floor":4.0},{"not_picked":["Uppercut","Iron Wave"],"picked":"Intimidate","floor":12.0},{"not_picked":["Dropkick","Twin Strike"],"picked":"Headbutt","floor":14.0},{"not_picked":["Impervious","Exhume"],"picked":"Offering","floor":16.0},{"not_picked":["Wild Strike+1","Iron Wave"],"picked":"Whirlwind","floor":18.0},{"not_picked":["Armaments","Reaper"],"picked":"Blood for Blood+1","floor":19.0},{"not_picked":["Fire Breathing","Twin Strike"],"picked":"Ghostly Armor","floor":20.0},{"not_picked":["Cleave+1","Anger+1","Dropkick"],"picked":"SKIP","floor":21.0},{"not_picked":["Pummel","Bludgeon"],"picked":"Infernal Blade+1","floor":27.0},{"not_picked":["Ghostly Armor","Body Slam","True Grit"],"picked":"SKIP","floor":29.0},{"not_picked":["Body Slam+1","Cleave+1","Searing Blow+1"],"picked":"SKIP","floor":30.0},{"not_picked":["Perfected Strike","Havoc"],"picked":"Spot Weakness","floor":31.0},{"not_picked":["Bludgeon","Juggernaut"],"picked":"Double Tap","floor":33.0},{"not_picked":["Evolve","Wild Strike"],"picked":"Inflame+1","floor":35.0},{"not_picked":["Cleave+1","Uppercut"],"picked":"Power Through","floor":37.0},{"not_picked":["Pommel Strike+1","Headbutt","Berserk"],"picked":"SKIP","floor":38.0},{"not_picked":["Armaments+1","Flex"],"picked":"Warcry","floor":41.0},{"not_picked":["Havoc","Wild Strike+1","Power Through"],"picked":"SKIP","floor":44.0},{"not_picked":["Wild Strike","Cleave+1","Twin Strike+1"],"picked":"SKIP","floor":45.0},{"not_picked":["Metallicize","Blood for Blood+1"],"picked":"Immolate","floor":47.0},{"not_picked":["Pommel Strike+1","Warcry+1"],"picked":"Battle Trance","floor":48.0}],"player_experience":821108,"relics_obtained":[{"floor":9.0,"key":"Incense Burner"},{"floor":17.0,"key":"CeramicFish"},{"floor":17.0,"key":"StrikeDummy"},{"floor":17.0,"key":"Unceasing Top"},{"floor":26.0,"key":"Pear"},{"floor":27.0,"key":"Mango"},{"floor":30.0,"key":"Whetstone"},{"floor":43.0,"key":"Bronze Scales"}],"event_choices":[{"cards_removed":["Strike_R"],"damage_healed":0.0,"max_hp_gain":0.0,"max_hp_loss":0.0,"gold_gain":0.0,"event_name":"Purifier","player_choice":"Purged","floor":2.0,"gold_loss":0.0,"damage_taken":0.0},{"damage_healed":0.0,"max_hp_gain":0.0,"max_hp_loss":0.0,"gold_gain":0.0,"event_name":"Golden Idol","player_choice":"Take Wound","floor":5.0,"gold_loss":0.0,"damage_taken":0.0,"relics_obtained":["Golden Idol"],"cards_obtained":["Injury"]},{"damage_healed":0.0,"max_hp_gain":0.0,"max_hp_loss":0.0,"gold_gain":0.0,"event_name":"Shining Light","player_choice":"Entered Light","floor":7.0,"gold_loss":0.0,"damage_taken":16.0,"cards_upgraded":["Defend_R","Strike_R"]},{"damage_healed":0.0,"max_hp_gain":0.0,"max_hp_loss":0.0,"gold_gain":0.0,"event_name":"Upgrade Shrine","player_choice":"Upgraded","floor":22.0,"gold_loss":0.0,"damage_taken":0.0,"cards_upgraded":["Whirlwind"]},{"damage_healed":0.0,"max_hp_gain":0.0,"max_hp_loss":0.0,"gold_gain":0.0,"event_name":"Tomb of Lord Red Mask","player_choice":"Ignored","floor":39.0,"gold_loss":0.0,"damage_taken":0.0},{"damage_healed":0.0,"max_hp_gain":0.0,"max_hp_loss":0.0,"gold_gain":100.0,"event_name":"Golden Shrine","player_choice":"Pray","floor":42.0,"gold_loss":0.0,"damage_taken":0.0}],"is_beta":false,"boss_relics":[{"not_picked":["Sozu","Runic Pyramid"],"picked":"Calling Bell"},{"not_picked":["Runic Cube","Tiny House"],"picked":"Philosopher\u0027s Stone"}],"items_purged_floors":[10,24],"is_endless":false,"potions_floor_spawned":[4,14,16,20,21,29,30,38,44,48],"ascension_level":3}}