{"host":"wonp23fsqqcu31ie","time":1611150125,"event":{"mods":["2.2 Compatiblity","AchievementEnabler","Aspiration","BaseMod","Bestiary","Better Altar","Better Match","Better Sensory Stone","Better Skull","Better Third Choice","BetterRewards","Block Reminder","Colored Map","Colored Powertips","Conspire","Curses Come First","DeckTracker","Displayed Cursed Tome","Downfall","Energized Spire","Evolution","Hermit","Highlight Path","Hubris","Infinite Spire","Marisa????????","Minty Spire (QoL Compilation)","Permanent Neow","Prisma Mod","Quick Restart","Rare Cards Sparkle","Relic Stats","Robot Space Explorer","Shade Mod","Shop Mod","StSLib","SuperFastMode","The Animator","The Bug Knight","The Construct","The Cursed","The Disciple","The Dragon Tamer","The Gatherer","The Hierophant","The Marked","The Necromancer","The Poker Player","The Runesmith","The Saiyan","The Servant 0.9.4","TheBandit"],"gold_per_floor":[114,114,88,88,57,57,77,77,77,77,107,157,239,254,254,355,355,366,366,404,439,439,525,554,589,661,753,121,121,121,141,141,251,251,251,33,74,182],"floor_reached":39,"language":"ENG","playtime":1015,"items_purged":[],"score":1499,"play_id":"84a35b5f-b2b3-4ca9-bd66-dfa1084eccf5","local_time":"20210121004205","is_ascension_mode":true,"campfire_choices":[{"floor":6,"key":"RECALL"},{"floor":8,"key":"DIG"},{"floor":15,"key":"DIG"},{"floor":29,"key":"REST"},{"floor":32,"key":"REST"},{"floor":35,"key":"DIG"}],"circlet_count":0,"master_deck":["Strike_G","Strike_G","Strike_G","Strike_G","Strike_G","Defend_G","Defend_G","Defend_G","Defend_G","Defend_G","Survivor","Neutralize","Neutralize","Leg Sweep+1","Infinite Blades","Poisoned Stab","Dash","Accuracy","Poisoned Stab","Bane","Noxious Fumes+1","Adrenaline","Bouncing Flask","Dash","Footwork","Deadly Poison","Envenom","conspire:PoisonWeapons+1","Blade Dance+1","Poisoned Stab","Bullet Time","Accuracy+1","Blade Dance","Crippling Poison+1","Bane","Flying Knee+1","Bouncing Flask+1","Predator","Adrenaline","Caltrops","Footwork+1","Die Die Die","Choke","Slice","Endless Agony","Envenom"],"relics":["Ring of the Snake","EVO:Axolotl","hubris:MobiusCoin","hubris:TenFootPole","Gambling Chip","MerchantsRug","Prayer Wheel","Omamori","Medical Kit","aspiration:Lifesprig","Shovel","infinitespire:Golems Mask","Toy Ornithopter","aspiration:HatOfInfinitePower","HollowMod:PaleOreRelic","Juzu Bracelet","aspiration:DSix","aspiration:FetidBarrel","aspiration:Nostalgia","Runesmith:BrokenRuby","aspiration:SeaSaltIceCream","Boot","Letter Opener","Happy Flower","hexamod:BolsterEngine","HollowMod:LifeEnderRelic","Akabeko","construct:ClawGrip","CeramicFish","Ring of the Serpent","infinitespire:Bottled Soul","Guardian:PocketSentry","Bronze Scales","Paper Crane","Ornamental Fan","Art of War","conspire:Flyswatter","TwistedFunnel","Kunai"],"acts_visited":["Exordium","TheCity","TheEnding"],"potions_floor_usage":[16,33,33,33,38,38,38],"damage_taken":[{"damage":0,"enemies":"Cultist","floor":1,"turns":3},{"damage":7,"enemies":"Jaw Worm","floor":7,"turns":3},{"damage":3,"enemies":"Lagavulin","floor":11,"turns":4},{"damage":0,"enemies":"3 Sentries","floor":13,"turns":4},{"damage":0,"enemies":"Small Slimes","floor":14,"turns":2},{"damage":8,"enemies":"Slime Boss","floor":16,"turns":6},{"damage":0,"enemies":"conspire:FuzzyDice","floor":18,"turns":4},{"damage":6,"enemies":"Shell Parasite","floor":20,"turns":2},{"damage":0,"enemies":"3 Cultists","floor":21,"turns":3},{"damage":47,"enemies":"Nightmare","floor":23,"turns":5},{"damage":4,"enemies":"Snecko","floor":24,"turns":4},{"damage":0,"enemies":"Book of Stabbing","floor":25,"turns":3},{"damage":10,"enemies":"conspire:Head Lice","floor":27,"turns":4},{"damage":0,"enemies":"Snake Plant","floor":31,"turns":2},{"damage":0,"enemies":"Champ","floor":33,"turns":3},{"damage":12,"enemies":"Shield and Spear","floor":37,"turns":4},{"damage":78,"enemies":"The Heart","floor":38,"turns":5}],"seed_played":"1646396471581482596","potions_obtained":[{"floor":13,"key":"sneckomod:MuddlingPotion"},{"floor":14,"key":"Poison Potion"},{"floor":21,"key":"Dexterity Potion"},{"floor":23,"key":"FearPotion"},{"floor":25,"key":"CultistPotion"},{"floor":37,"key":"construct:ShiftPotion"}],"is_trial":false,"path_per_floor":["M","?","$","?","$","R","M","R","T","?","E","?","E","M","R","B",null,"M","AVR","M","M","?","NM","M","E","T","E","$","R","?","M","R","B",null,"R","$","E","B",null],"character_chosen":"THE_SILENT","items_purchased":["hubris:MobiusCoin","hubris:TenFootPole","DollysMirror","Leg Sweep","MerchantsRug","Omamori","Medical Kit","aspiration:Lifesprig","Infinite Blades","Poisoned Stab","Lee\u0027s Waffle","infinitespire:Golems Mask","Toy Ornithopter","HollowMod:PaleOreRelic","Juzu Bracelet","aspiration:FetidBarrel","aspiration:Nostalgia","Bane","Noxious Fumes","Paper Crane","Ornamental Fan","Adrenaline","Caltrops","TwistedFunnel","Choke","Slice","Energy Potion","Block Potion"],"campfire_rested":2,"item_purchase_floors":[0,0,0,0,0,0,0,0,0,0,0,0,0,0,0,0,0,3,5,28,28,28,28,36,36,36,36,36],"current_hp_per_floor":[77,77,77,77,77,77,70,70,70,70,67,67,67,67,67,64,77,77,77,71,71,71,24,20,20,20,10,10,33,33,33,56,71,77,77,77,65,2],"gold":182,"neow_bonus":"","is_daily":false,"chose_seed":false,"campfire_upgraded":0,"win_rate":0.0,"timestamp":1611150125,"path_taken":["M","?","$","?","$","R","M","R","T","?","E","?","E","M","R","BOSS","M","AVR","M","M","?","NM","M","E","T","E","$","R","?","M","R","BOSS","R","$","E","BOSS"],"items_purchased_type":["Relic","Relic","Relic","Card","Relic","Relic","Relic","Relic","Card","Card","Relic","Relic","Relic","Relic","Relic","Relic","Relic","Card","Card","Relic","Relic","Card","Card","Relic","Card","Card","Potion","Potion"],"build_version":"2020-12-22","purchased_purges":0,"victory":true,"max_hp_per_floor":[77,77,77,77,77,77,77,77,77,77,77,77,77,77,77,77,77,77,77,77,77,77,77,77,77,77,77,77,77,77,77,77,77,77,77,77,77,77],"relic_stats":{"Happy Flower":[17],"counters":[147,548],"CeramicFish":504,"Juzu Bracelet":3,"Letter Opener":[104],"Medical Kit":[2],"Boot":[29],"Shovel":3,"Ornamental Fan":[144],"Gambling Chip":[0],"Bronze Scales":[500],"Prayer Wheel":8,"Art of War":[2],"Kunai":[5],"obtain_stats":[{"TwistedFunnel":19,"Runesmith:Locket":155,"Boot":8,"Blood Vial":29,"aspiration:BabyByrd":12,"MealTicket":6,"hubris:DeckOfHolding":53,"infinitespire:Golems Mask":0,"HandDrill":129,"HollowMod:PaleOreRelic":5,"Kunai":37,"Replay:Wax Seal":5,"aspiration:DSix":0,"Replay:Bottled Steam":14,"MerchantsRug":22,"hubris:MobiusCoin":9,"Runesmith:BrokenRuby":0,"ReplayTheSpireMod:Ring of Addiction":139,"Eternal Feather":26,"Tingsha":97,"Guardian:PocketSentry":25,"Paper Crane":26,"Akabeko":15,"SlaversCollar":136,"infinitespire:Broken Mirror":114,"MutagenicStrength":31,"Bird Faced Urn":148,"hubris:TenFootPole":146,"Ring of the Serpent":19,"conspire:Flyswatter":35,"aspiration:Lifesprig":10,"Regal Pillow":25,"Torii":31,"Blue Doll":9,"Replay:Multitool":37,"Ancient Tea Set":5,"Smiling Mask":73,"Pet Ghost":156,"Replay:Rubber Ducky":23,"Shovel":0,"WristBlade":119,"infinitespire:Bottled Soul":23,"Ring of Peace":139,"Toolbox":19,"hubris:ScarierMask":51,"hubris:CuriousFeather":88,"Chemical X":155,"aspiration:FutureDiary":34,"Ring of the Snake":0,"aspiration:ChemicalBlood":108,"Potion Belt":23,"aspiration:VileToxins":143,"Lee\u0027s Waffle":0,"construct:ClawGrip":17,"construct:WeddingRing":17,"Replay:M_StaffOfTheSnake":132,"Golden Idol":2,"PreservedInsect":129,"Omamori":60,"infinitespire:Lucky Rock":145,"hubris:Towel":36,"Ornamental Fan":129,"Turnip":10,"Durian":0,"Art of War":25,"Runesmith:AutoHammer":77,"hexamod:BolsterEngine":148,"Toy Ornithopter":38,"infinitespire:Midas Blood":70,"Tiny House":0,"Gremlin Horn":76,"CeramicFish":62,"Vajra":3,"Uniform":0,"EVO:Axolotl":0,"conspire:SeveredTorchhead":51,"FaceOfCleric":104,"DollysMirror":0,"conspire:DecoderRing":155,"aspiration:ArtOfWarUpgrade":49,"Prayer Wheel":0,"Iron Hammer":21,"hubris:Teleporter":111,"Happy Flower":21,"aspiration:Nostalgia":0,"Replay:Grab Bag":51,"Oddly Smooth Stone":45,"conspire:SlowCooker":51,"infinitespire:Beetle Shell":61,"aspiration:SeaSaltIceCream":8,"Letter Opener":9,"WarpedTongs":106,"Bottled Flame":31,"Bronze Scales":41,"ReplayTheSpireMod:TigerMarble":6,"CatCart":47,"aspiration:HatOfInfinitePower":0,"energizedSpire:HighHeels":68,"ReplayFunnel":128,"SacredBark":17,"conspire:SpecialSausage":34,"aspiration:TomeofQuesting":59,"Juzu Bracelet":23,"Sizzling Blood":3,"hubris:SlimyHat":94,"Replay:Mystery Machine":91,"ReplayTheSpireMod:EnergyBall":89,"Dream Catcher":11,"Nunchaku":8,"Replay:Bandana":70,"Mummified Hand":43,"hubris:Stopwatch":17,"Gambling Chip":0,"Tiny Chest":19,"Gremlin Food":116,"HollowMod:LifeEnderRelic":13,"aspiration:FetidBarrel":6,"infinitespire:CursedDice":150,"aspiration:RunicSpoon":153,"hubris:MedicalManual":10,"Orichalcum":0,"Medical Kit":0,"White Beast Statue":139,"Mercury Hourglass":8,"Bag of Marbles":19,"Membership Card":38,"TungstenRod":0,"hubris:Potato":0,"aspiration:MarisaSkillbook":85,"ReplayTheSpireMod:ShopPack":0},{"TwistedFunnel":62,"Runesmith:Locket":128,"Boot":132,"Blood Vial":68,"aspiration:BabyByrd":58,"MealTicket":56,"hubris:DeckOfHolding":79,"infinitespire:Golems Mask":130,"HandDrill":118,"HollowMod:PaleOreRelic":25,"Kunai":146,"Replay:Wax Seal":51,"aspiration:DSix":130,"Replay:Bottled Steam":28,"MerchantsRug":12,"hubris:MobiusCoin":57,"Runesmith:BrokenRuby":130,"ReplayTheSpireMod:Ring of Addiction":122,"Eternal Feather":15,"Tingsha":102,"Guardian:PocketSentry":142,"Paper Crane":47,"Akabeko":135,"SlaversCollar":121,"infinitespire:Broken Mirror":111,"MutagenicStrength":18,"Bird Faced Urn":125,"hubris:TenFootPole":124,"Ring of the Serpent":137,"conspire:Flyswatter":145,"aspiration:Lifesprig":6,"Regal Pillow":15,"Torii":70,"Blue Doll":5,"Replay:Multitool":73,"Ancient Tea Set":25,"Smiling Mask":89,"Pet Ghost":129,"Replay:Rubber Ducky":46,"Shovel":130,"WristBlade":114,"infinitespire:Bottled Soul":140,"Ring of Peace":122,"Toolbox":44,"hubris:ScarierMask":78,"hubris:CuriousFeather":97,"Chemical X":128,"aspiration:FutureDiary":71,"Ring of the Snake":0,"aspiration:ChemicalBlood":109,"Potion Belt":64,"aspiration:VileToxins":123,"Lee\u0027s Waffle":130,"construct:ClawGrip":136,"construct:WeddingRing":43,"Replay:M_StaffOfTheSnake":119,"Golden Idol":25,"PreservedInsect":118,"Omamori":83,"infinitespire:Lucky Rock":124,"hubris:Towel":72,"Ornamental Fan":118,"Turnip":58,"Durian":34,"Art of War":65,"Runesmith:AutoHammer":91,"hexamod:BolsterEngine":125,"Toy Ornithopter":73,"infinitespire:Midas Blood":88,"Tiny House":0,"Gremlin Horn":91,"CeramicFish":84,"Vajra":1,"Uniform":53,"EVO:Axolotl":0,"conspire:SeveredTorchhead":78,"FaceOfCleric":106,"DollysMirror":130,"conspire:DecoderRing":128,"aspiration:ArtOfWarUpgrade":77,"Prayer Wheel":130,"Iron Hammer":62,"hubris:Teleporter":110,"Happy Flower":45,"aspiration:Nostalgia":53,"Replay:Grab Bag":78,"Oddly Smooth Stone":76,"conspire:SlowCooker":78,"infinitespire:Beetle Shell":84,"aspiration:SeaSaltIceCream":132,"Letter Opener":132,"WarpedTongs":107,"Bottled Flame":70,"Bronze Scales":75,"ReplayTheSpireMod:TigerMarble":52,"CatCart":77,"aspiration:HatOfInfinitePower":130,"energizedSpire:HighHeels":87,"ReplayFunnel":118,"SacredBark":29,"conspire:SpecialSausage":19,"aspiration:TomeofQuesting":83,"Juzu Bracelet":13,"Sizzling Blood":54,"hubris:SlimyHat":100,"Replay:Mystery Machine":99,"ReplayTheSpireMod:EnergyBall":97,"Dream Catcher":26,"Nunchaku":57,"Replay:Bandana":88,"Mummified Hand":75,"hubris:Stopwatch":10,"Gambling Chip":130,"Tiny Chest":44,"Gremlin Food":113,"HollowMod:LifeEnderRelic":134,"aspiration:FetidBarrel":4,"infinitespire:CursedDice":127,"aspiration:RunicSpoon":128,"hubris:MedicalManual":41,"Orichalcum":24,"Medical Kit":130,"White Beast Statue":122,"Mercury Hourglass":40,"Bag of Marbles":62,"Membership Card":21,"TungstenRod":24,"hubris:Potato":49,"aspiration:MarisaSkillbook":94,"ReplayTheSpireMod:ShopPack":49},{"TwistedFunnel":281,"Runesmith:Locket":480,"Boot":493,"Blood Vial":301,"aspiration:BabyByrd":263,"MealTicket":251,"hubris:DeckOfHolding":355,"infinitespire:Golems Mask":487,"HandDrill":453,"HollowMod:PaleOreRelic":116,"Kunai":543,"Replay:Wax Seal":232,"aspiration:DSix":487,"Replay:Bottled Steam":130,"MerchantsRug":55,"hubris:MobiusCoin":259,"Runesmith:BrokenRuby":487,"ReplayTheSpireMod:Ring of Addiction":467,"Eternal Feather":73,"Tingsha":413,"Guardian:PocketSentry":530,"Paper Crane":220,"Akabeko":503,"SlaversCollar":466,"infinitespire:Broken Mirror":437,"MutagenicStrength":86,"Bird Faced Urn":472,"hubris:TenFootPole":471,"Ring of the Serpent":513,"conspire:Flyswatter":539,"aspiration:Lifesprig":27,"Regal Pillow":73,"Torii":308,"Blue Doll":22,"Replay:Multitool":322,"Ancient Tea Set":116,"Smiling Mask":373,"Pet Ghost":481,"Replay:Rubber Ducky":214,"Shovel":487,"WristBlade":447,"infinitespire:Bottled Soul":523,"Ring of Peace":467,"Toolbox":202,"hubris:ScarierMask":354,"hubris:CuriousFeather":400,"Chemical X":480,"aspiration:FutureDiary":317,"Ring of the Snake":0,"aspiration:ChemicalBlood":435,"Potion Belt":287,"aspiration:VileToxins":470,"Lee\u0027s Waffle":487,"construct:ClawGrip":509,"construct:WeddingRing":198,"Replay:M_StaffOfTheSnake":463,"Golden Idol":116,"PreservedInsect":453,"Omamori":361,"infinitespire:Lucky Rock":471,"hubris:Towel":319,"Ornamental Fan":453,"Turnip":263,"Durian":166,"Art of War":291,"Runesmith:AutoHammer":377,"hexamod:BolsterEngine":472,"Toy Ornithopter":322,"infinitespire:Midas Blood":372,"Tiny House":0,"Gremlin Horn":377,"CeramicFish":365,"Vajra":5,"Uniform":241,"EVO:Axolotl":0,"conspire:SeveredTorchhead":354,"FaceOfCleric":426,"DollysMirror":487,"conspire:DecoderRing":480,"aspiration:ArtOfWarUpgrade":346,"Prayer Wheel":487,"Iron Hammer":281,"hubris:Teleporter":436,"Happy Flower":205,"aspiration:Nostalgia":241,"Replay:Grab Bag":354,"Oddly Smooth Stone":340,"conspire:SlowCooker":354,"infinitespire:Beetle Shell":365,"aspiration:SeaSaltIceCream":493,"Letter Opener":493,"WarpedTongs":427,"Bottled Flame":308,"Bronze Scales":334,"ReplayTheSpireMod:TigerMarble":238,"CatCart":346,"aspiration:HatOfInfinitePower":487,"energizedSpire:HighHeels":371,"ReplayFunnel":453,"SacredBark":141,"conspire:SpecialSausage":91,"aspiration:TomeofQuesting":361,"Juzu Bracelet":61,"Sizzling Blood":244,"hubris:SlimyHat":410,"Replay:Mystery Machine":404,"ReplayTheSpireMod:EnergyBall":400,"Dream Catcher":119,"Nunchaku":259,"Replay:Bandana":372,"Mummified Hand":334,"hubris:Stopwatch":47,"Gambling Chip":487,"Tiny Chest":202,"Gremlin Food":440,"HollowMod:LifeEnderRelic":501,"aspiration:FetidBarrel":18,"infinitespire:CursedDice":475,"aspiration:RunicSpoon":480,"hubris:MedicalManual":190,"Orichalcum":111,"Medical Kit":487,"White Beast Statue":467,"Mercury Hourglass":184,"Bag of Marbles":281,"Membership Card":97,"TungstenRod":111,"hubris:Potato":226,"aspiration:MarisaSkillbook":387,"ReplayTheSpireMod:ShopPack":226}],"Toy Ornithopter":137,"Ring of the Snake":[34]},"card_choices":[{"not_picked":["Dodge and Roll","Backflip"],"picked":"Accuracy","floor":1},{"not_picked":["hubris:SlightOfHand","Tactician"],"picked":"Poisoned Stab","floor":1},{"not_picked":["Dagger Throw","Deflect"],"picked":"Adrenaline","floor":7},{"not_picked":["hubris:SlightOfHand","Slice"],"picked":"Bouncing Flask","floor":7},{"not_picked":["hubris:SlightOfHand","PiercingWail","Predator"],"picked":"SKIP","floor":11},{"not_picked":["Dodge and Roll","Acrobatics"],"picked":"Dash","floor":13},{"not_picked":["Sucker Punch","Underhanded Strike"],"picked":"Footwork","floor":14},{"not_picked":["Dagger Throw","Backflip"],"picked":"Deadly Poison","floor":14},{"not_picked":["Phantasmal Killer","aspiration:Lunge"],"picked":"Envenom","floor":16},{"not_picked":["Slice","Prepared"],"picked":"conspire:PoisonWeapons+1","floor":18},{"not_picked":["PiercingWail+1","Accuracy"],"picked":"Blade Dance+1","floor":18},{"not_picked":["Quick Slash","Setup+1"],"picked":"Poisoned Stab","floor":20},{"not_picked":["Reflex","Bane"],"picked":"Bullet Time","floor":20},{"not_picked":["Dodge and Roll","Sucker Punch"],"picked":"Accuracy+1","floor":21},{"not_picked":["Distraction","Backflip+1"],"picked":"Blade Dance","floor":21},{"not_picked":["Outmaneuver+1","Blur+1"],"picked":"Crippling Poison+1","floor":23},{"not_picked":["Skewer","Distraction+1"],"picked":"Bane","floor":24},{"not_picked":["Dagger Throw","Prepared+1"],"picked":"Flying Knee+1","floor":24},{"not_picked":["hubris:Counter","Dagger Spray+1"],"picked":"Bouncing Flask+1","floor":25},{"not_picked":["hubris:SlightOfHand","PiercingWail"],"picked":"Predator","floor":27},{"not_picked":["Quick Slash","Underhanded Strike"],"picked":"Footwork+1","floor":31},{"not_picked":["PiercingWail","Acrobatics","Bouncing Flask"],"picked":"SKIP","floor":31},{"not_picked":["Unload","Grand Finale"],"picked":"Die Die Die","floor":33},{"not_picked":["Calculated Gamble","Dodge and Roll"],"picked":"Endless Agony","floor":37},{"not_picked":["Corpse Explosion","After Image"],"picked":"Envenom","floor":38}],"player_experience":574133,"relics_obtained":[{"floor":8,"key":"aspiration:SeaSaltIceCream"},{"floor":9,"key":"Letter Opener"},{"floor":11,"key":"Happy Flower"},{"floor":12,"key":"hexamod:BolsterEngine"},{"floor":13,"key":"HollowMod:LifeEnderRelic"},{"floor":15,"key":"Akabeko"},{"floor":23,"key":"infinitespire:Bottled Soul"},{"floor":25,"key":"Guardian:PocketSentry"},{"floor":27,"key":"Bronze Scales"},{"floor":35,"key":"conspire:Flyswatter"},{"floor":37,"key":"Kunai"}],"event_choices":[{"damage_healed":0,"gold_gain":0,"player_choice":"Ignored","damage_taken":88,"max_hp_gain":0,"max_hp_loss":0,"event_name":"betterThird:BetterSerpent","floor":4,"gold_loss":0},{"damage_healed":0,"gold_gain":0,"player_choice":"Upgraded","damage_taken":0,"max_hp_gain":0,"max_hp_loss":0,"event_name":"Upgrade Shrine","floor":10,"gold_loss":0,"cards_upgraded":["Noxious Fumes"]},{"damage_healed":0,"gold_gain":0,"player_choice":"Leave","damage_taken":0,"max_hp_gain":0,"max_hp_loss":0,"event_name":"conspire:Investor","floor":22,"gold_loss":0},{"damage_healed":0,"gold_gain":0,"player_choice":"Opened","damage_taken":0,"relics_obtained":["Art of War"],"max_hp_gain":0,"max_hp_loss":0,"event_name":"The Mausoleum","floor":30,"gold_loss":0}],"is_beta":false,"boss_relics":[{"not_picked":["energizedSpire:NeverEndingSparkler","energizedSpire:EnergizedDie"],"picked":"construct:ClawGrip"},{"not_picked":[]}],"items_purged_floors":[],"is_endless":true,"potions_floor_spawned":[13,14,21,23,25,37],"ascension_level":4}}