{"host":"d3fm6keu3sh33msm","time":1611170631,"event":{"mods":["2.2 Compatiblity","AchievementEnabler","BaseMod","Best Route Mod","Bestiary","Better Note","Better Third Choice","Block Reminder","Colored Map","Colored Powertips","Dark Map","DeckTracker","Displayed Cursed Tome","Filter the Spire","Highlight Path","Minty Spire (QoL Compilation)","Quick Restart","Random Character Button","Rare Cards Sparkle","Relic Stats","Slay-I","Spicy Shops","StSLib"],"gold_per_floor":[112,112,128,203,203,203,222,222,222,248,263,70,70,20,20,123,123,136,136,153,153,166,166,178,178,178,178,192,38,52,52,52,150,150,164,20,38,38,55,55,55,17,96,96,112,112,112,112],"floor_reached":47,"language":"ENG","playtime":5357,"items_purged":["Writhe"],"score":448,"play_id":"a1d07430-9636-4b6a-a6eb-050835217d1f","local_time":"20210120192351","is_ascension_mode":false,"campfire_choices":[{"data":"Consume","floor":6.0,"key":"SMITH"},{"floor":15.0,"key":"REST"},{"floor":23.0,"key":"REST"},{"data":"Creative AI","floor":25.0,"key":"SMITH"},{"data":"Capacitor","floor":27.0,"key":"SMITH"},{"floor":32,"key":"RECALL"},{"floor":40,"key":"REST"},{"floor":44,"key":"REST"}],"circlet_count":0,"master_deck":["Strike_B","Strike_B","Strike_B","Strike_B","Defend_B","Defend_B","Defend_B","Defend_B","Zap","Dualcast","Consume+1","Capacitor+1","Cold Snap","Capacitor+1","Chill+1","White Noise+1","Creative AI+1","Tempest+1","Conserve Battery+1","Chill+1","Auto Shields+1","Reboot+1","Go for the Eyes+1"],"relics":["Cracked Core","NeowsBlessing","Toxic Egg 2","SlaversCollar","Nilry\u0027s Codex","StrikeDummy","Lee\u0027s Waffle","Philosopher\u0027s Stone","Membership Card","Darkstone Periapt"],"acts_visited":["TheBeyond"],"potions_floor_usage":[39],"damage_taken":[{"damage":1.0,"enemies":"Jaw Worm","floor":1.0,"turns":2.0},{"damage":0.0,"enemies":"Cultist","floor":3.0,"turns":1.0},{"damage":0.0,"enemies":"Small Slimes","floor":7.0,"turns":1.0},{"damage":12.0,"enemies":"3 Sentries","floor":10.0,"turns":7.0},{"damage":13.0,"enemies":"2 Fungi Beasts","floor":11.0,"turns":3.0},{"damage":18.0,"enemies":"The Guardian","floor":16.0,"turns":4.0},{"damage":16.0,"enemies":"2 Thieves","floor":18.0,"turns":3.0},{"damage":7.0,"enemies":"3 Byrds","floor":20.0,"turns":4.0},{"damage":0.0,"enemies":"Centurion and Healer","floor":22.0,"turns":4.0},{"damage":0.0,"enemies":"3 Cultists","floor":24.0,"turns":4.0},{"damage":29,"enemies":"Snake Plant","floor":28,"turns":5},{"damage":0,"enemies":"Centurion and Healer","floor":30,"turns":9},{"damage":21,"enemies":"Automaton","floor":33,"turns":10},{"damage":23,"enemies":"Orb Walker","floor":35,"turns":6},{"damage":18,"enemies":"3 Shapes","floor":37,"turns":8},{"damage":44,"enemies":"Transient","floor":39,"turns":5},{"damage":25,"enemies":"4 Shapes","floor":45,"turns":7},{"damage":48,"enemies":"Reptomancer","floor":47,"turns":2}],"seed_played":"-2779239918006842168","potions_obtained":[{"floor":1.0,"key":"Swift Potion"},{"floor":2.0,"key":"PowerPotion"},{"floor":2.0,"key":"CultistPotion"},{"floor":2.0,"key":"EssenceOfSteel"},{"floor":11.0,"key":"EssenceOfDarkness"},{"floor":18.0,"key":"SpeedPotion"},{"floor":28,"key":"Fire Potion"},{"floor":33,"key":"ColorlessPotion"},{"floor":37,"key":"DuplicationPotion"},{"floor":39,"key":"PotionOfCapacity"}],"is_trial":false,"path_per_floor":["M","?","M","?","?","R","M","?","T","E","M","$","?","$","R","B",null,"M","?","M","?","M","R","M","R","T","R","M","$","M","?","R","B",null,"M","$","M","?","M","R","?","$","T","R","M","?","E"],"character_chosen":"DEFECT","items_purchased":["Capacitor","Chill+1","White Noise+1","PowerPotion","Lee\u0027s Waffle","Membership Card"],"campfire_rested":4,"item_purchase_floors":[12,12,12,14,29,36],"current_hp_per_floor":[74,74,74,63,63,63,63,63,63,51,38,38,38,38,60,42,75,59,75,68,52,52,74,74,74,74,74,45,82,82,82,82,61,82,59,59,41,62,18,42,42,42,42,66,41,41,0,0],"gold":112,"neow_bonus":"THREE_ENEMY_KILL","is_daily":false,"chose_seed":false,"campfire_upgraded":3,"win_rate":0.0,"timestamp":1611170631,"path_taken":["M","?","?","?","?","R","M","?","T","E","M","$","?","?","R","BOSS","BOSS","M","?","M","?","M","R","M","R","T","R","M","?","?","?","R","BOSS","M","$","?","?","M","R","?","$","T","R","?","?","E"],"items_purchased_type":["Card","Card","Card","Potion","Relic","Relic"],"build_version":"2020-12-22","purchased_purges":1,"victory":false,"max_hp_per_floor":[75,75,75,75,75,75,75,75,75,75,75,75,75,75,75,75,75,75,75,75,75,75,75,75,75,75,75,75,82,82,82,82,82,82,82,82,82,82,82,82,82,82,82,82,82,82,82,82],"relic_stats":{"Darkstone Periapt":0,"Lee\u0027s Waffle":37,"counters":[8,52],"obtain_stats":[{"Darkstone Periapt":43,"SlaversCollar":0,"Lee\u0027s Waffle":29,"NeowsBlessing":0,"Nilry\u0027s Codex":0,"Philosopher\u0027s Stone":34,"Membership Card":36,"Toxic Egg 2":0,"Cracked Core":0,"StrikeDummy":0},{"Darkstone Periapt":6,"SlaversCollar":0,"Lee\u0027s Waffle":1,"NeowsBlessing":0,"Nilry\u0027s Codex":0,"Philosopher\u0027s Stone":3,"Membership Card":4,"Toxic Egg 2":0,"Cracked Core":0,"StrikeDummy":0},{"Darkstone Periapt":43,"SlaversCollar":0,"Lee\u0027s Waffle":5,"NeowsBlessing":0,"Nilry\u0027s Codex":0,"Philosopher\u0027s Stone":24,"Membership Card":30,"Toxic Egg 2":0,"Cracked Core":0,"StrikeDummy":0}]},"card_choices":[{"not_picked":["Streamline","Beam Cell"],"picked":"Consume","floor":1.0},{"not_picked":["Ball Lightning","Rip and Tear","Beam Cell"],"picked":"SKIP","floor":3.0},{"not_picked":["Sweeping Beam","Barrage"],"picked":"Capacitor","floor":7.0},{"not_picked":["Steam Power+1","Rebound","Barrage"],"picked":"SKIP","floor":10.0},{"not_picked":["Redo+1","Barrage"],"picked":"Cold Snap","floor":11.0},{"not_picked":["Core Surge","Buffer"],"picked":"Creative AI","floor":16.0},{"not_picked":["Rebound+1","Streamline+1"],"picked":"Tempest+1","floor":18.0},{"not_picked":["Coolheaded+1","Cold Snap"],"picked":"Conserve Battery+1","floor":20.0},{"not_picked":["Sweeping Beam","Steam+1"],"picked":"Chill+1","floor":22.0},{"not_picked":["Lockon","Tempest+1","Rebound"],"picked":"SKIP","floor":24.0},{"not_picked":["Ball Lightning","Defragment"],"picked":"Auto Shields+1","floor":28},{"not_picked":["Rebound","Blizzard","Darkness+1"],"picked":"SKIP","floor":30},{"not_picked":["Amplify+1","Electrodynamics"],"picked":"Reboot+1","floor":33},{"not_picked":["Lockon+1","Rebound+1","Gash"],"picked":"SKIP","floor":35},{"not_picked":["Barrage","Compile Driver+1","Ball Lightning+1"],"picked":"SKIP","floor":37},{"not_picked":["Hologram+1","Force Field+1","Tempest+1"],"picked":"SKIP","floor":39},{"not_picked":["BootSequence+1","Defragment"],"picked":"Go for the Eyes+1","floor":45}],"player_experience":177065,"relics_obtained":[{"floor":10.0,"key":"Toxic Egg 2"},{"floor":21.0,"key":"Nilry\u0027s Codex"},{"floor":26.0,"key":"StrikeDummy"},{"floor":43,"key":"Darkstone Periapt"}],"event_choices":[{"damage_healed":0.0,"max_hp_gain":0.0,"max_hp_loss":0.0,"gold_gain":0.0,"event_name":"Lab","player_choice":"Got Potions","floor":2.0,"gold_loss":0.0,"damage_taken":0.0},{"damage_healed":0.0,"max_hp_gain":0.0,"max_hp_loss":0.0,"gold_gain":75.0,"event_name":"World of Goop","player_choice":"Gather Gold","floor":4.0,"gold_loss":0.0,"damage_taken":11.0},{"damage_healed":0.0,"max_hp_gain":0.0,"max_hp_loss":0.0,"gold_gain":0.0,"event_name":"Liars Game","player_choice":"Ignored","floor":5.0,"gold_loss":0.0,"damage_taken":0.0},{"damage_healed":0.0,"max_hp_gain":0.0,"max_hp_loss":0.0,"gold_gain":0.0,"event_name":"Shining Light","player_choice":"Ignored","floor":8.0,"gold_loss":0.0,"damage_taken":0.0},{"damage_healed":0.0,"max_hp_gain":0.0,"max_hp_loss":0.0,"gold_gain":0.0,"event_name":"Golden Idol","player_choice":"Ignored","floor":13.0,"gold_loss":0.0,"damage_taken":0.0},{"damage_healed":25.0,"max_hp_gain":0.0,"max_hp_loss":0.0,"gold_gain":0.0,"event_name":"The Library","player_choice":"Heal","floor":19.0,"gold_loss":0.0,"damage_taken":0.0},{"damage_healed":0.0,"max_hp_gain":0.0,"max_hp_loss":0.0,"gold_gain":0.0,"event_name":"Cursed Tome","player_choice":"Obtained Book","floor":21.0,"gold_loss":0.0,"damage_taken":16.0},{"cards_removed":["Creative AI"],"damage_healed":0,"gold_gain":0,"player_choice":"Give","damage_taken":0,"max_hp_gain":0,"max_hp_loss":0,"event_name":"betterNote:BetterNote","floor":31,"gold_loss":0,"cards_obtained":["Strike_G"]},{"damage_healed":21,"gold_gain":0,"player_choice":"Writhe","damage_taken":0,"max_hp_gain":0,"max_hp_loss":0,"event_name":"Winding Halls","floor":38,"gold_loss":0,"cards_obtained":["Writhe"]},{"damage_healed":0,"gold_gain":0,"player_choice":"Forge","damage_taken":0,"max_hp_gain":0,"max_hp_loss":0,"event_name":"Accursed Blacksmith","floor":41,"gold_loss":0,"cards_upgraded":["Capacitor"]},{"damage_healed":0,"gold_gain":0,"player_choice":"Ignored","damage_taken":0,"max_hp_gain":0,"max_hp_loss":0,"event_name":"Mysterious Sphere","floor":46,"gold_loss":0}],"is_beta":false,"boss_relics":[{"not_picked":["Velvet Choker","Tiny House"],"picked":"SlaversCollar"},{"not_picked":["Snecko Eye","Coffee Dripper"],"picked":"Philosopher\u0027s Stone"}],"items_purged_floors":[42],"is_endless":false,"potions_floor_spawned":[1,3,11,18,28,33,37,39],"killed_by":"Reptomancer","ascension_level":0}}