{"host":"eeeqmyc7a1933jos","time":1611164102,"event":{"mods":["2.2 Compatiblity","Act Like it!","BaseMod","CapriCore","Colored Powertips","Conspire","Downfall","Elementarium","Friendly Minions","Gensokyo","GifTheSpireLib","Gremlin Mod","Hallownest","Hermit","Hubris","Infinite Spire","Jorbs\u0027s Wanderer Trilogy","Marisa????????","Mimic Mod","Minty Spire (QoL Compilation)","Pale of the Ancients","Random Character Button","Random Character Mod","Reimu??????","Relic Sorter","SIMod","StSLib","The Administrix","The Bug Knight","The Dragon Tamer","The Immortal","The Marked","The Mystic","The Runesmith","The Senshi","The Vixen","TheBandit","TheFirefly","Wandering Minibosses"],"gold_per_floor":[99,113,133,233,65,65,65,77,92,92,103,136,32,47,63,63,63,63],"floor_reached":16,"language":"ENG","playtime":2623,"items_purged":["bronze:Strike"],"score":104,"play_id":"91572d5b-1904-4c0c-8732-64a14ff52c48","local_time":"20210120183502","is_ascension_mode":false,"campfire_choices":[{"data":"bronze:Replicate","floor":1,"key":"SMITH"},{"data":"bronze:BugBarrage","floor":10,"key":"SMITH"}],"circlet_count":0,"master_deck":["bronze:Strike","bronze:Strike","bronze:Strike","bronze:Defend","bronze:Defend","bronze:Defend","bronze:Defend","bronze:Replicate+1","bronze:Goto","bronze:WildBeam","bronze:BugBarrage+1","bronze:MaxOutput+1","bronze:Repulsor+1","downfall:Aged","bronze:Turbo","bronze:Deprecate","bronze:CloningBeam","bronze:Shell","bronze:WildBeam","bronze:BuggyMess","bronze:Optimize","bronze:Optimize","bronze:Virus"],"relics":["bronze:BronzeCore","PreservedInsect","bronze:SilverBullet"],"acts_visited":["Exordium"],"potions_floor_usage":[3,15,16],"damage_taken":[{"damage":1,"enemies":"2 Louse","floor":2,"turns":4},{"damage":6,"enemies":"Jaw Worm","floor":3,"turns":3},{"damage":0,"enemies":"downfall:FleeingMerchant","floor":5,"turns":4},{"damage":0,"enemies":"Cultist","floor":8,"turns":2},{"damage":8,"enemies":"Red Slaver","floor":9,"turns":3},{"damage":8,"enemies":"Large Slime","floor":11,"turns":6},{"damage":16,"enemies":"Lagavulin","floor":12,"turns":5},{"damage":5,"enemies":"downfall:FleeingMerchant","floor":13,"turns":4},{"damage":13,"enemies":"2 Fungi Beasts","floor":14,"turns":4},{"damage":11,"enemies":"Gremlin Gang","floor":15,"turns":4},{"damage":42,"enemies":"WA_ARCHETYPE_RETAIN","floor":16,"turns":4}],"seed_played":"-4363381640219231297","potions_obtained":[{"floor":2,"key":"LiquidMemories"},{"floor":9,"key":"infinitespire:BlackPotion"},{"floor":11,"key":"Fire Potion"},{"floor":14,"key":"Regen Potion"}],"is_trial":false,"path_per_floor":["R","M","M","?","$","?","T","M","M","R","M","E","$","M","M","B"],"character_chosen":"THE_AUTOMATON","items_purchased":["bronze:Repulsor","bronze:BuggyMess","bronze:Optimize"],"campfire_rested":0,"item_purchase_floors":[5,13,13],"current_hp_per_floor":[77,76,70,70,70,70,70,70,62,62,54,38,33,20,19,0,0,0],"gold":63,"neow_bonus":"TEN_PERCENT_HP_BONUS","is_daily":false,"chose_seed":false,"campfire_upgraded":2,"win_rate":0.0,"timestamp":1611164102,"path_taken":["R","M","M","?","$","?","T","M","?","R","M","E","?","M","M","BOSS"],"items_purchased_type":["Card","Card","Card"],"build_version":"2020-12-22","purchased_purges":1,"victory":false,"max_hp_per_floor":[77,77,77,77,77,77,77,77,77,77,77,77,77,77,77,77,77,77],"card_choices":[{"not_picked":["bronze:Turbo","bronze:CutThrough"],"picked":"bronze:WildBeam","floor":2},{"not_picked":["bronze:DigitalCarnage","bronze:Overheat"],"picked":"bronze:BugBarrage","floor":3},{"not_picked":["bronze:Frontload","bronze:Iterate"],"picked":"bronze:MaxOutput","floor":5},{"not_picked":["bronze:DelayedGuard","bronze:Invalidate"],"picked":"bronze:Turbo","floor":8},{"not_picked":["bronze:Frontload","bronze:BitShift"],"picked":"bronze:Deprecate","floor":9},{"not_picked":["bronze:RecursiveStrike","bronze:ForLoop"],"picked":"bronze:CloningBeam","floor":11},{"not_picked":["bronze:ChosenStrike","bronze:Fortify"],"picked":"bronze:Shell","floor":12},{"not_picked":["bronze:Branch","bronze:ForceShield"],"picked":"bronze:WildBeam","floor":13},{"not_picked":["bronze:Flail","bronze:GetLatest"],"picked":"bronze:Optimize","floor":14},{"not_picked":["bronze:WhirlingStrike","bronze:WildBeam"],"picked":"bronze:Virus","floor":15}],"player_experience":1397991,"relics_obtained":[{"floor":7,"key":"PreservedInsect"},{"floor":12,"key":"bronze:SilverBullet"}],"event_choices":[],"is_beta":false,"boss_relics":[],"items_purged_floors":[5],"is_endless":false,"potions_floor_spawned":[2,9,11,14],"killed_by":"WA_ARCHETYPE_RETAIN","ascension_level":0}}