{"host":"jyuuog6ydc2s7nd8","time":1611136867,"event":{"mods":["BaseMod","Better Vampires","Minty Spire (QoL Compilation)","Shop Mod","StSLib","The Hierophant","The Servant 0.9.4","TheBandit","[IsaacMod]ÒÔÈö¼âËþ"],"gold_per_floor":[18,18,31,106,126,126,169,190,214,214,245,245,265,190,190,286,286,321,321,321,321,365,365,415,415,415,415,454,454,354,395,395,488,488,527,551,426,426,467,467,123,123,205,205,229,298,298,331,331,331,331,331,331,127,171,171],"floor_reached":57,"language":"ZHS","playtime":1504,"items_purged":["Defend_G","Defend_G","Strike_G","Defend_G","Defend_G","Dagger Throw+1"],"score":3893,"play_id":"3f01f830-7127-401a-bd23-f4e23c35ec6b","local_time":"20210120180107","is_ascension_mode":true,"campfire_choices":[{"data":"BloodyBrimstone","floor":6.0,"key":"SMITH"},{"data":"Neutralize","floor":10.0,"key":"SMITH"},{"data":"Tactician","floor":12.0,"key":"SMITH"},{"data":"Prepared","floor":15.0,"key":"SMITH"},{"data":"Underhanded Strike","floor":23.0,"key":"SMITH"},{"data":"Backflip","floor":25.0,"key":"SMITH"},{"data":"Blur","floor":27.0,"key":"SMITH"},{"data":"Eviscerate","floor":29.0,"key":"SMITH"},{"floor":32.0,"key":"RECALL"},{"data":"Survivor","floor":40,"key":"SMITH"},{"data":"Dash+1","floor":42,"key":"PURGE"},{"data":"Choke+1","floor":44,"key":"PURGE"},{"data":"Quick Slash+1","floor":49,"key":"PURGE"},{"data":"BloodyBrimstone+1","floor":53,"key":"PURGE"}],"circlet_count":0,"master_deck":["AscendersBane","Survivor+1","Neutralize+1","Tactician+1","Blur+1","Underhanded Strike+1","Backflip+1","Prepared+1","Eviscerate+1","Calculated Gamble+1","Acrobatics+1","Footwork+1"],"relics":["Ring of the Snake","HushsDoor","GuppysHead","Golden Idol","Strawberry","MealTicket","BlankCard","ChampionBelt","DeathBook","GuppysCollar","UnicornStump","TheBible","SalivaCoin","Orichalcum","Omamori","HowToJump","Astrolabe","GuppysHairball","Whetstone","WarpedTongs","Bottled Lightning","Peace Pipe","Singing Bowl","Tingsha","TuHaoJin","BelialBook"],"acts_visited":["Exordium","TheCity","TheBeyond","TheEnding"],"potions_floor_usage":[56,56],"damage_taken":[{"damage":0.0,"enemies":"Small Slimes","floor":1.0,"turns":3.0},{"damage":0.0,"enemies":"Cultist","floor":3.0,"turns":4.0},{"damage":4.0,"enemies":"Jaw Worm","floor":5.0,"turns":5.0},{"damage":7.0,"enemies":"3 Sentries","floor":7.0,"turns":3.0},{"damage":0.0,"enemies":"Red Slaver","floor":8.0,"turns":3.0},{"damage":0.0,"enemies":"Gremlin Nob","floor":11.0,"turns":3.0},{"damage":9.0,"enemies":"Exordium Wildlife","floor":13.0,"turns":7.0},{"damage":0.0,"enemies":"Hexaghost","floor":16.0,"turns":3.0},{"damage":0.0,"enemies":"Slavers","floor":18.0,"turns":2.0},{"damage":13.0,"enemies":"Gremlin Leader","floor":22.0,"turns":7.0},{"damage":7.0,"enemies":"Book of Stabbing","floor":24.0,"turns":5.0},{"damage":0.0,"enemies":"Slavers","floor":28.0,"turns":2.0},{"damage":7.0,"enemies":"Book of Stabbing","floor":31.0,"turns":5.0},{"damage":0.0,"enemies":"Collector","floor":33.0,"turns":3.0},{"damage":0.0,"enemies":"Giant Head","floor":35.0,"turns":1.0},{"damage":0.0,"enemies":"Orb Walker","floor":36.0,"turns":1.0},{"damage":0,"enemies":"Reptomancer","floor":39,"turns":1},{"damage":0,"enemies":"3 Shapes","floor":45,"turns":1},{"damage":0,"enemies":"2 Orb Walkers","floor":46,"turns":1},{"damage":0,"enemies":"Giant Head","floor":48,"turns":1},{"damage":0,"enemies":"Time Eater","floor":50,"turns":2},{"damage":0,"enemies":"Awakened One","floor":51,"turns":3},{"damage":0,"enemies":"Shield and Spear","floor":55,"turns":1},{"damage":0,"enemies":"The Heart","floor":56,"turns":5}],"seed_played":"7675311658927373293","potions_obtained":[{"floor":1.0,"key":"SmokeBomb"},{"floor":3.0,"key":"Fire Potion"},{"floor":13.0,"key":"Block Potion"},{"floor":22.0,"key":"DuplicationPotion"},{"floor":33.0,"key":"Fruit Juice"},{"floor":36.0,"key":"DuplicationPotion"},{"floor":46,"key":"BlessingOfTheForge"}],"is_trial":false,"path_per_floor":["M","?","M","?","M","R","E","M","T","R","E","R","M","$","R","B",null,"M","?","?","?","M","R","M","R","T","R","M","R","$","M","R","B",null,"M","M","$","?","M","R","$","R","T","R","M","?","?","M","R","B","B",null,"R","$","E","B",null],"character_chosen":"THE_SILENT","items_purchased":["DeathBook","GuppysCollar","GuppysHairball","Peace Pipe","Dexterity Potion"],"campfire_rested":0,"item_purchase_floors":[17,17,34,41,54],"current_hp_per_floor":[59,36,36,25,21,21,21,21,21,21,21,21,12,27,27,27,29,29,29,29,23,10,10,3,3,3,3,3,3,18,11,11,16,2,1,1,1,1,1,1,1,1,1,1,1,3,3,1,1,1,1,1,1,1,3,3],"gold":171,"neow_bonus":"REMOVE_TWO","is_daily":false,"chose_seed":false,"campfire_upgraded":9,"win_rate":0.0,"timestamp":1611136867,"path_taken":["M","?","?","?","M","R","E","M","T","R","E","R","M","?","R","BOSS","M","?","?","?","M","R","M","R","T","R","?","R","?","M","R","BOSS","M","?","$","?","M","R","$","R","T","R","M","?","?","M","R","BOSS","BOSS","R","$","E","BOSS"],"items_purchased_type":["Relic","Relic","Relic","Relic","Potion"],"build_version":"2020-12-22","purchased_purges":6,"victory":true,"max_hp_per_floor":[66,66,66,66,66,66,70,70,70,70,67,67,67,67,67,58,30,30,30,30,35,32,32,29,29,29,29,26,26,26,23,23,19,2,1,1,1,1,1,1,1,1,1,1,1,3,3,1,1,1,1,1,1,1,3,3],"card_choices":[{"not_picked":[],"picked":"BloodyBrimstone","floor":0.0},{"not_picked":["Distraction","Dagger Spray","Dash"],"picked":"SKIP","floor":1.0},{"not_picked":["Deadly Poison","Dagger Spray"],"picked":"Tactician","floor":3.0},{"not_picked":["Prepared","Outmaneuver"],"picked":"Blur","floor":5.0},{"not_picked":["Terror","Bouncing Flask"],"picked":"Underhanded Strike","floor":7.0},{"not_picked":["Terror","Endless Agony","Phantasmal Killer"],"picked":"SKIP","floor":8.0},{"not_picked":["Underhanded Strike","Quick Slash"],"picked":"Backflip","floor":11.0},{"not_picked":["Backflip","Escape Plan"],"picked":"Prepared","floor":13.0},{"not_picked":["Skewer","Outmaneuver","Caltrops"],"picked":"SKIP","floor":18.0},{"not_picked":["Corpse Explosion","Bullet Time"],"picked":"Quick Slash+1","floor":22.0},{"not_picked":["Distraction","Caltrops","Doppelganger"],"picked":"SKIP","floor":24.0},{"not_picked":["Endless Agony","Quick Slash"],"picked":"Eviscerate","floor":28.0},{"not_picked":["Choke","Deadly Poison+1","Dagger Spray"],"picked":"SKIP","floor":31.0},{"not_picked":["Adrenaline","Blade Dance"],"picked":"Dagger Throw","floor":35.0},{"not_picked":["Dodge and Roll","Dash","Distraction+1"],"picked":"SKIP","floor":36.0},{"not_picked":["Crippling Poison","Riddle With Holes+1","Underhanded Strike+1"],"picked":"SKIP","floor":39},{"not_picked":["Footwork+1","Escape Plan"],"picked":"Acrobatics+1","floor":45},{"not_picked":["All Out Attack","Corpse Explosion","Slice"],"picked":"Singing Bowl","floor":46},{"not_picked":["Tactician","Reflex+1"],"picked":"Footwork+1","floor":48},{"not_picked":["Glass Knife","Predator","Dagger Spray"],"picked":"Singing Bowl","floor":55}],"player_experience":1863676,"relics_obtained":[{"floor":7.0,"key":"Strawberry"},{"floor":9.0,"key":"MealTicket"},{"floor":11.0,"key":"BlankCard"},{"floor":18.0,"key":"UnicornStump"},{"floor":22.0,"key":"SalivaCoin"},{"floor":24.0,"key":"Orichalcum"},{"floor":28.0,"key":"Omamori"},{"floor":31.0,"key":"HowToJump"},{"floor":35.0,"key":"Whetstone"},{"floor":39,"key":"Bottled Lightning"},{"floor":43,"key":"Singing Bowl"},{"floor":46,"key":"Tingsha"},{"floor":48,"key":"TuHaoJin"},{"floor":55,"key":"BelialBook"}],"event_choices":[{"damage_healed":0.0,"max_hp_gain":0.0,"max_hp_loss":0.0,"gold_gain":0.0,"event_name":"Golden Idol","player_choice":"Take Damage","floor":2.0,"gold_loss":0.0,"damage_taken":23.0,"relics_obtained":["Golden Idol"]},{"damage_healed":0.0,"max_hp_gain":0.0,"max_hp_loss":0.0,"gold_gain":75.0,"event_name":"World of Goop","player_choice":"Gather Gold","floor":4.0,"gold_loss":0.0,"damage_taken":11.0},{"damage_healed":0.0,"max_hp_gain":0.0,"max_hp_loss":0.0,"gold_gain":0.0,"event_name":"Cursed Tome","player_choice":"Ignored","floor":19.0,"gold_loss":0.0,"damage_taken":0.0},{"damage_healed":0.0,"max_hp_gain":0.0,"max_hp_loss":0.0,"gold_gain":0.0,"event_name":"WeMeetAgain","player_choice":"Gave Potion","floor":20.0,"gold_loss":0.0,"damage_taken":0.0,"relics_obtained":["TheBible"]},{"damage_healed":0.0,"max_hp_gain":5.0,"max_hp_loss":0.0,"gold_gain":0.0,"event_name":"Forgotten Altar","player_choice":"Shed Blood","floor":21.0,"gold_loss":0.0,"damage_taken":11.0},{"damage_healed":0,"gold_gain":0,"player_choice":"Rummage","damage_taken":0,"relics_obtained":["WarpedTongs"],"max_hp_gain":0,"max_hp_loss":0,"event_name":"Accursed Blacksmith","floor":38,"gold_loss":0,"cards_obtained":["Pain"]},{"damage_healed":0,"gold_gain":0,"player_choice":"Fight","damage_taken":0,"max_hp_gain":0,"max_hp_loss":0,"event_name":"Mysterious Sphere","floor":46,"gold_loss":0},{"damage_healed":0,"gold_gain":0,"player_choice":"Ignored","damage_taken":0,"max_hp_gain":0,"max_hp_loss":0,"event_name":"Tomb of Lord Red Mask","floor":47,"gold_loss":0}],"is_beta":false,"boss_relics":[{"not_picked":["Fusion Hammer","Pandora\u0027s Box"],"picked":"ChampionBelt"},{"not_picked":[]},{"not_picked":["Calling Bell","Runic Pyramid"],"picked":"Astrolabe"},{"not_picked":[]}],"items_purged_floors":[14,17,30,34,37,54],"is_endless":false,"potions_floor_spawned":[1,3,13,22,33,36,46,48,55],"ascension_level":20}}