{"host":"axuns55dzq466eei","time":1611152877,"event":{"mods":["BaseMod","Colored Map","Keyboard Shortcuts","Minty Spire (QoL Compilation)","StSLib","SuperFastMode"],"gold_per_floor":[110,134,152,165,3,19,34,34,60,60,60,81,81,81,81,156,156,135,135,135,60,76,96,146,179,179,179,79,79,89,107,107,184,184,204,53,275,275,114,132,132,167,167,195,195,195,207,220,220,220,220,220],"floor_reached":51,"language":"KOR","playtime":1549,"items_purged":["Strike_B","Strike_B","Strike_B"],"score":1386,"play_id":"7ff96b70-c12b-47b1-a64a-618df5ed5c1f","local_time":"20210120232757","is_ascension_mode":true,"campfire_choices":[{"data":"Beam Cell","floor":8.0,"key":"SMITH"},{"data":"Zap","floor":10.0,"key":"SMITH"},{"data":"Loop","floor":13.0,"key":"SMITH"},{"data":"Coolheaded","floor":15.0,"key":"SMITH"},{"data":"Biased Cognition","floor":27.0,"key":"SMITH"},{"data":"FTL","floor":29.0,"key":"SMITH"},{"data":"Defragment","floor":32.0,"key":"SMITH"},{"data":"Coolheaded","floor":41.0,"key":"SMITH"},{"data":"All For One","floor":46.0,"key":"SMITH"},{"floor":49.0,"key":"REST"}],"circlet_count":0,"master_deck":["AscendersBane","Defend_B","Defend_B","Defend_B","Zap+1","Dualcast","Loop+1","Beam Cell+1","Glacier","Chill","Self Repair","Coolheaded+1","Biased Cognition+1","FTL+1","Defragment+1","Go for the Eyes+1","All For One+1","Coolheaded+1","Recycle+1","Defragment+1","Loop+1"],"relics":["Cracked Core","Vajra","ClockworkSouvenir","MealTicket","Odd Mushroom","Shuriken","Sozu","Red Mask","Gremlin Horn","SlaversCollar","TheAbacus","Question Card","Frozen Egg 2","StrikeDummy"],"acts_visited":["Exordium","TheCity","TheBeyond"],"potions_floor_usage":[],"damage_taken":[{"damage":6.0,"enemies":"Cultist","floor":1.0,"turns":3.0},{"damage":7.0,"enemies":"Jaw Worm","floor":3.0,"turns":3.0},{"damage":0.0,"enemies":"2 Louse","floor":4.0,"turns":2.0},{"damage":1.0,"enemies":"Exordium Thugs","floor":6.0,"turns":5.0},{"damage":1.0,"enemies":"2 Fungi Beasts","floor":7.0,"turns":3.0},{"damage":16.0,"enemies":"The Mushroom Lair","floor":12.0,"turns":5.0},{"damage":34.0,"enemies":"Slime Boss","floor":16.0,"turns":19.0},{"damage":10.0,"enemies":"2 Thieves","floor":18.0,"turns":4.0},{"damage":1.0,"enemies":"3 Byrds","floor":22.0,"turns":5.0},{"damage":37.0,"enemies":"Sentry and Sphere","floor":23.0,"turns":10.0},{"damage":0.0,"enemies":"Masked Bandits","floor":25.0,"turns":5.0},{"damage":6.0,"enemies":"Shelled Parasite and Fungi","floor":30.0,"turns":7.0},{"damage":0.0,"enemies":"3 Cultists","floor":31.0,"turns":6.0},{"damage":0.0,"enemies":"Collector","floor":33.0,"turns":16.0},{"damage":8.0,"enemies":"Orb Walker","floor":35.0,"turns":4.0},{"damage":10.0,"enemies":"3 Darklings","floor":40.0,"turns":5.0},{"damage":18.0,"enemies":"Reptomancer","floor":42.0,"turns":6.0},{"damage":10.0,"enemies":"Nemesis","floor":44.0,"turns":15.0},{"damage":16.0,"enemies":"4 Shapes","floor":47.0,"turns":5.0},{"damage":0.0,"enemies":"Sphere and 2 Shapes","floor":48.0,"turns":6.0},{"damage":61,"enemies":"Time Eater","floor":50,"turns":13},{"damage":27,"enemies":"Donu and Deca","floor":51,"turns":2}],"seed_played":"-7448674754777603541","potions_obtained":[{"floor":1.0,"key":"Explosive Potion"},{"floor":3.0,"key":"Fruit Juice"},{"floor":4.0,"key":"Block Potion"}],"is_trial":false,"path_per_floor":["M","T","M","M","$","M","M","R","T","R","$","?","R","T","R","B",null,"M","?","?","$","M","M","?","?","T","R","$","R","M","M","R","B",null,"M","$","?","?","$","M","R","E","T","E","T","R","M","M","R","B","B"],"character_chosen":"DEFECT","items_purchased":["ClockworkSouvenir","Coolheaded","TheAbacus"],"campfire_rested":1,"item_purchase_floors":[5,36,39],"current_hp_per_floor":[58,58,51,56,56,55,54,54,54,54,69,60,60,60,60,33,60,57,57,38,53,59,29,29,36,36,36,51,51,52,59,59,66,72,71,74,74,74,74,71,71,60,60,57,57,57,48,55,74,20,0,0],"gold":220,"neow_bonus":"REMOVE_TWO","is_daily":false,"chose_seed":false,"campfire_upgraded":9,"win_rate":0.0,"timestamp":1611152877,"path_taken":["M","?","M","M","$","M","?","R","T","R","$","?","R","?","R","BOSS","M","?","?","$","M","M","?","?","T","R","$","R","M","?","R","BOSS","M","$","?","?","$","M","R","E","T","E","?","R","M","M","R","BOSS","BOSS"],"items_purchased_type":["Relic","Card","Relic"],"build_version":"2020-12-22","purchased_purges":3,"victory":false,"max_hp_per_floor":[64,64,64,69,69,69,69,69,69,69,69,69,69,69,69,69,69,69,69,74,74,74,74,74,74,74,74,74,74,74,74,74,74,74,74,74,74,74,74,74,74,74,74,74,74,74,74,74,74,74,74,74],"card_choices":[{"not_picked":["White Noise","Barrage"],"picked":"Loop","floor":1.0},{"not_picked":["Storm","Streamline"],"picked":"Beam Cell","floor":3.0},{"not_picked":["Skim","Sunder"],"picked":"Glacier","floor":4.0},{"not_picked":["Rip and Tear","Glacier"],"picked":"Chill","floor":6.0},{"not_picked":["BootSequence","Skim"],"picked":"Self Repair","floor":7.0},{"not_picked":["Steam","Gash"],"picked":"Coolheaded","floor":12.0},{"not_picked":["Meteor Strike","Electrodynamics"],"picked":"Biased Cognition","floor":16.0},{"not_picked":["Barrage","Gash","Hologram"],"picked":"SKIP","floor":18.0},{"not_picked":["Sweeping Beam","Barrage","Beam Cell"],"picked":"SKIP","floor":22.0},{"not_picked":["Double Energy","Steam"],"picked":"FTL","floor":23.0},{"not_picked":["Reinforced Body","Skim"],"picked":"Defragment","floor":30.0},{"not_picked":["Storm+1","Coolheaded"],"picked":"Go for the Eyes+1","floor":31.0},{"not_picked":["Thunder Strike","Buffer"],"picked":"All For One","floor":33.0},{"not_picked":["Streamline","Steam","Go for the Eyes"],"picked":"SKIP","floor":35.0},{"not_picked":["Steam","Auto Shields+1","Heatsinks"],"picked":"SKIP","floor":40.0},{"not_picked":["Skim","Hyperbeam"],"picked":"Recycle+1","floor":42.0},{"not_picked":["Scrape","Buffer+1","Auto Shields","FTL"],"picked":"SKIP","floor":44.0},{"not_picked":["Glacier","Beam Cell","Steam+1"],"picked":"Defragment+1","floor":47.0},{"not_picked":["Scrape","Gash+1","White Noise"],"picked":"Loop+1","floor":48.0}],"player_experience":1092866,"relics_obtained":[{"floor":2.0,"key":"Vajra"},{"floor":9.0,"key":"MealTicket"},{"floor":12.0,"key":"Odd Mushroom"},{"floor":14.0,"key":"Shuriken"},{"floor":25.0,"key":"Red Mask"},{"floor":26.0,"key":"Gremlin Horn"},{"floor":42.0,"key":"Question Card"},{"floor":43.0,"key":"Frozen Egg 2"},{"floor":44.0,"key":"StrikeDummy"}],"event_choices":[{"damage_healed":0.0,"max_hp_gain":0.0,"max_hp_loss":0.0,"gold_gain":0.0,"event_name":"Mushrooms","player_choice":"Fought Mushrooms","floor":12.0,"gold_loss":0.0,"damage_taken":0.0},{"damage_healed":0.0,"max_hp_gain":0.0,"max_hp_loss":0.0,"gold_gain":0.0,"event_name":"The Mausoleum","player_choice":"Ignored","floor":19.0,"gold_loss":0.0,"damage_taken":0.0},{"damage_healed":0.0,"max_hp_gain":5.0,"max_hp_loss":0.0,"gold_gain":0.0,"event_name":"Forgotten Altar","player_choice":"Shed Blood","floor":20.0,"gold_loss":0.0,"damage_taken":24.0},{"damage_healed":0.0,"max_hp_gain":0.0,"max_hp_loss":0.0,"gold_gain":50.0,"event_name":"Nest","player_choice":"Stole From Cult","floor":24.0,"gold_loss":0.0,"damage_taken":0.0},{"damage_healed":0.0,"max_hp_gain":0.0,"max_hp_loss":0.0,"gold_gain":0.0,"event_name":"Masked Bandits","player_choice":"Fought Bandits","floor":25.0,"gold_loss":0.0,"damage_taken":0.0},{"damage_healed":0.0,"max_hp_gain":0.0,"max_hp_loss":0.0,"gold_gain":222.0,"event_name":"Tomb of Lord Red Mask","player_choice":"Wore Mask","floor":37.0,"gold_loss":0.0,"damage_taken":0.0},{"damage_healed":0.0,"max_hp_gain":0.0,"max_hp_loss":0.0,"gold_gain":0.0,"event_name":"Mysterious Sphere","player_choice":"Ignored","floor":38.0,"gold_loss":0.0,"damage_taken":0.0}],"is_beta":false,"boss_relics":[{"not_picked":["SacredBark","Busted Crown"],"picked":"Sozu"},{"not_picked":["Tiny House","Cursed Key"],"picked":"SlaversCollar"}],"items_purged_floors":[21,28,36],"is_endless":false,"potions_floor_spawned":[1,3,4,12,22,23,25,30,44,47,48],"killed_by":"Donu and Deca","ascension_level":20}}