{"host":"utcbn1j9ebmpc40m","time":1611102557,"event":{"mods":["BaseMod","Better Altar","Better Match","GifTheSpireLib","Minty Spire (QoL Compilation)","Poor People Problems","StSLib","SuperFastMode","The IronCluck","The Servant 0.9.4"],"gold_per_floor":[113,113,127,11,27,58,77,77,77,77,77,92,111,126,126,231,231,245,170,136,171,171,171,171,0,0,18,18,18],"floor_reached":28,"language":"ENG","playtime":446,"items_purged":["Defend_G"],"score":218,"play_id":"6aafae1b-11be-4302-9101-08db2580bda9","local_time":"20210119192917","is_ascension_mode":false,"campfire_choices":[{"floor":8,"key":"REST"},{"floor":15,"key":"REST"},{"floor":23,"key":"REST"}],"circlet_count":0,"master_deck":["Strike_G","Strike_G+1","Defend_G","Defend_G","Defend_G+1","Defend_G","Survivor","Neutralize","Bane+1","Accuracy","Terror","Catalyst","Crippling Poison","Infinite Blades","Prepared","Storm of Steel","Envenom+1","A Thousand Cuts+1","Masterful Stab+1","Blade Dance","Well Laid Plans","Leg Sweep"],"relics":["Ring of the Snake","NeowsBlessing","Matryoshka","Bottled Flame","Eternal Feather","Ginger","Astrolabe","Red Mask","Blood Vial","Tiny Chest","MealTicket"],"acts_visited":["Exordium","TheCity"],"potions_floor_usage":[6,16,16],"damage_taken":[{"damage":0,"enemies":"Small Slimes","floor":1,"turns":1},{"damage":0,"enemies":"Cultist","floor":3,"turns":1},{"damage":0,"enemies":"2 Louse","floor":5,"turns":1},{"damage":33,"enemies":"3 Sentries","floor":6,"turns":7},{"damage":9,"enemies":"2 Fungi Beasts","floor":7,"turns":4},{"damage":0,"enemies":"Looter","floor":12,"turns":4},{"damage":8,"enemies":"3 Louse","floor":13,"turns":2},{"damage":15,"enemies":"Blue Slaver","floor":14,"turns":4},{"damage":37,"enemies":"The Guardian","floor":16,"turns":8},{"damage":28,"enemies":"2 Thieves","floor":18,"turns":5},{"damage":35,"enemies":"Masked Bandits","floor":21,"turns":4},{"damage":22,"enemies":"Spheric Guardian","floor":27,"turns":4},{"damage":56,"enemies":"Cultist and Chosen","floor":28,"turns":5}],"seed_played":"-1056165218080976590","potions_obtained":[{"floor":1,"key":"SteroidPotion"},{"floor":5,"key":"PowerPotion"},{"floor":12,"key":"Energy Potion"},{"floor":21,"key":"SpeedPotion"}],"is_trial":false,"path_per_floor":["M","?","M","$","M","E","M","R","T","?","?","M","M","M","R","B",null,"M","?","$","?","?","R","?","$","T","M","M"],"character_chosen":"THE_SILENT","items_purchased":["Accuracy","Terror","Well Laid Plans","FairyPotion"],"campfire_rested":3,"item_purchase_floors":[4,4,20,25],"current_hp_per_floor":[70,70,70,70,70,37,28,49,49,46,32,32,24,9,42,5,70,42,42,42,7,30,63,45,45,45,25,0,0],"gold":18,"neow_bonus":"THREE_ENEMY_KILL","is_daily":false,"chose_seed":false,"campfire_upgraded":0,"win_rate":0.0,"timestamp":1611102557,"path_taken":["M","?","M","$","?","E","M","R","T","?","?","M","M","M","R","BOSS","M","?","$","?","?","R","?","$","T","M","M"],"items_purchased_type":["Card","Card","Card","Potion"],"build_version":"2020-12-22","purchased_purges":1,"victory":false,"max_hp_per_floor":[70,70,70,70,70,70,70,70,70,70,70,70,70,70,70,70,70,70,70,70,70,70,70,70,70,70,70,70,70],"card_choices":[{"not_picked":["Skewer","Slice"],"picked":"Bane","floor":1},{"not_picked":["Sucker Punch","Dodge and Roll","Distraction"],"picked":"SKIP","floor":3},{"not_picked":["Masterful Stab","Quick Slash"],"picked":"Catalyst","floor":5},{"not_picked":["Dodge and Roll","Flying Knee","Predator"],"picked":"SKIP","floor":6},{"not_picked":["Slice","All Out Attack"],"picked":"Crippling Poison","floor":7},{"not_picked":["Tactician","Dagger Spray"],"picked":"Infinite Blades","floor":12},{"not_picked":["Heel Hook","Underhanded Strike"],"picked":"Masterful Stab","floor":13},{"not_picked":["Dodge and Roll","Dagger Spray"],"picked":"Prepared","floor":14},{"not_picked":["Venomology","Bullet Time"],"picked":"Storm of Steel","floor":16},{"not_picked":["Dagger Spray","PiercingWail"],"picked":"Blade Dance","floor":18},{"not_picked":["Dagger Throw","Distraction"],"picked":"Leg Sweep","floor":21},{"not_picked":["Slice","Flying Knee","Flechettes"],"picked":"SKIP","floor":27}],"player_experience":502960,"relics_obtained":[{"floor":6,"key":"Matryoshka"},{"floor":9,"key":"Bottled Flame"},{"floor":9,"key":"Eternal Feather"},{"floor":21,"key":"Red Mask"},{"floor":26,"key":"Tiny Chest"},{"floor":26,"key":"MealTicket"}],"event_choices":[{"damage_healed":0,"gold_gain":0,"player_choice":"Upgraded","damage_taken":0,"max_hp_gain":0,"max_hp_loss":0,"event_name":"Upgrade Shrine","floor":2,"gold_loss":0,"cards_upgraded":["Bane"]},{"damage_healed":0,"gold_gain":0,"player_choice":"Success","damage_taken":3,"relics_obtained":["Ginger"],"max_hp_gain":0,"max_hp_loss":0,"event_name":"Scrap Ooze","floor":10,"gold_loss":0},{"damage_healed":0,"gold_gain":0,"player_choice":"Entered Light","damage_taken":14,"max_hp_gain":0,"max_hp_loss":0,"event_name":"Shining Light","floor":11,"gold_loss":0,"cards_upgraded":["Strike_G","Defend_G"]},{"cards_removed":["Strike_G"],"damage_healed":0,"gold_gain":0,"player_choice":"Gave Gold","damage_taken":0,"max_hp_gain":0,"max_hp_loss":0,"event_name":"Beggar","floor":19,"gold_loss":75},{"damage_healed":0,"gold_gain":0,"player_choice":"Fought Bandits","damage_taken":0,"max_hp_gain":0,"max_hp_loss":0,"event_name":"Masked Bandits","floor":21,"gold_loss":0},{"damage_healed":23,"gold_gain":0,"player_choice":"Heal","damage_taken":0,"max_hp_gain":0,"max_hp_loss":0,"event_name":"The Library","floor":22,"gold_loss":0},{"damage_healed":0,"gold_gain":0,"player_choice":" Vial ","damage_taken":18,"relics_obtained":["Blood Vial"],"max_hp_gain":63,"max_hp_loss":45,"event_name":"betterAltar:BetterAltar","floor":24,"potions_obtained":[],"relics_lost":[],"gold_loss":0}],"is_beta":false,"boss_relics":[{"not_picked":["Ectoplasm","Velvet Choker"],"picked":"Astrolabe"}],"items_purged_floors":[25],"is_endless":false,"potions_floor_spawned":[1,5,12,21],"killed_by":"Cultist and Chosen","ascension_level":0}}