{"host":"1mv6gj0zv8k9e9tz","time":1611183777,"event":{"mods":["AchievementEnabler","BaseMod","Better Third Choice","Colored Map","KOR Keyword Fix","Minty Spire (QoL Compilation)","Permanent Neow","Rare Cards Sparkle","StSLib"],"gold_per_floor":[111,111,121,139,155,155,168,168,168,185,110,110,129,147,147,147,147],"floor_reached":16,"language":"KOR","playtime":583,"items_purged":["Defend_G"],"score":178,"play_id":"3f48e17b-e48c-41e7-a6ea-924e40ca7f07","local_time":"20210121080257","is_ascension_mode":true,"campfire_choices":[{"data":"Noxious Fumes","floor":6,"key":"SMITH"},{"data":"Malaise","floor":8,"key":"SMITH"},{"data":"Backstab","floor":12,"key":"SMITH"},{"floor":15,"key":"REST"}],"circlet_count":0,"master_deck":["AscendersBane","Strike_G","Strike_G","Strike_G","Strike_G","Strike_G","Defend_G","Defend_G","Defend_G","Defend_G","Survivor","Neutralize","Poisoned Stab","Noxious Fumes+1","Backstab+1","Malaise+1","Backflip","Accuracy","Deflect","Catalyst"],"relics":["Ring of the Snake","Boot","HornCleat"],"acts_visited":["Exordium"],"potions_floor_usage":[5,16,16],"damage_taken":[{"damage":0.0,"enemies":"Small Slimes","floor":1.0,"turns":4.0},{"damage":3.0,"enemies":"Cultist","floor":3.0,"turns":4.0},{"damage":4.0,"enemies":"Jaw Worm","floor":4.0,"turns":4.0},{"damage":21,"enemies":"Exordium Thugs","floor":5,"turns":5},{"damage":8,"enemies":"Blue Slaver","floor":7,"turns":4},{"damage":4,"enemies":"Red Slaver","floor":10,"turns":4},{"damage":2,"enemies":"Gremlin Gang","floor":13,"turns":5},{"damage":0,"enemies":"Blue Slaver","floor":14,"turns":3},{"damage":38,"enemies":"Slime Boss","floor":16,"turns":10}],"seed_played":"4887007736259178005","potions_obtained":[{"floor":3.0,"key":"EssenceOfSteel"},{"floor":10,"key":"EssenceOfSteel"},{"floor":14,"key":"Dexterity Potion"}],"is_trial":false,"path_per_floor":["M","?","M","M","M","R","M","R","T","M","$","R","M","M","R","B"],"character_chosen":"THE_SILENT","items_purchased":[],"campfire_rested":1,"item_purchase_floors":[],"current_hp_per_floor":[59,59,56,52,31,31,23,23,23,19,19,19,17,17,36,0,0],"gold":147,"neow_bonus":"RANDOM_COMMON_RELIC","is_daily":false,"chose_seed":false,"campfire_upgraded":3,"win_rate":0.0,"timestamp":1611183777,"path_taken":["M","?","M","M","M","R","M","R","T","M","$","R","M","M","R","BOSS"],"items_purchased_type":[],"build_version":"2020-12-22","purchased_purges":1,"victory":false,"max_hp_per_floor":[66,66,66,66,66,66,66,66,66,66,66,66,66,66,66,66,66],"card_choices":[{"not_picked":["Slice","Prepared"],"picked":"Poisoned Stab","floor":1.0},{"not_picked":["Underhanded Strike","Quick Slash"],"picked":"Backstab","floor":3.0},{"not_picked":["Masterful Stab","Slice"],"picked":"Malaise","floor":4.0},{"not_picked":["Prepared","Acrobatics"],"picked":"Backflip","floor":5},{"not_picked":["Cloak And Dagger","Concentrate","Heel Hook"],"picked":"SKIP","floor":7},{"not_picked":["Bane","PiercingWail"],"picked":"Accuracy","floor":10},{"not_picked":["Prepared","Outmaneuver"],"picked":"Deflect","floor":13},{"not_picked":["Dash","Poisoned Stab"],"picked":"Catalyst","floor":14}],"player_experience":536449,"relics_obtained":[{"floor":9,"key":"HornCleat"}],"event_choices":[{"damage_healed":0.0,"max_hp_gain":0.0,"max_hp_loss":0.0,"gold_gain":0.0,"event_name":"Match and Keep!","player_choice":"1 cards matched","floor":2.0,"gold_loss":0.0,"damage_taken":0.0,"cards_obtained":["Noxious Fumes"]}],"is_beta":false,"boss_relics":[],"items_purged_floors":[11],"is_endless":false,"potions_floor_spawned":[3,10,14],"killed_by":"Slime Boss","ascension_level":17}}