{"host":"pmmuxs046gii331m","time":1611166693,"event":{"mods":["AchievementEnabler","BaseMod","Colored Powertips","Downfall","Gold Saver","Minty Spire (QoL Compilation)","Permanent Neow","Quick Restart","StSLib"],"gold_per_floor":[1040,1058,427,427,168,168,250,250,277,277,296,307,307,336,363,478,490,402,426,458,470,482,264,264,264,164,29,39,54,54,69,69,69,69],"floor_reached":32,"language":"ENG","playtime":3060,"items_purged":["Clumsy","hexamod:Strike","hexamod:Defend","hexamod:Strike"],"score":273,"play_id":"7cfaf604-a8d4-4a24-8cfa-abcc5a4fbf14","local_time":"20210120131813","is_ascension_mode":false,"campfire_choices":[{"data":"hexamod:Float","floor":1,"key":"SMITH"},{"data":"hexamod:SoulSteal","floor":8,"key":"SMITH"},{"data":"hexamod:CatchUp","floor":10,"key":"SMITH"},{"data":"hexamod:WildfireWeapon","floor":13,"key":"SMITH"},{"data":"hexamod:BurningTouch","floor":18,"key":"SMITH"},{"floor":26,"key":"RECALL"},{"data":"hexamod:FlamesFromBeyond","floor":30,"key":"SMITH"}],"circlet_count":0,"master_deck":["hexamod:Strike","hexamod:Defend","hexamod:Defend","hexamod:Sear","hexamod:Float+1","hexamod:UnlimitedPower","hexamod:WildfireWeapon+1","hexamod:SoulSteal+1","hexamod:CatchUp+1","hexamod:PhantomFireball","hexamod:ExtraCrispy","hexamod:StepThrough","hexamod:NecessarySacrifice","hexamod:BurningTouch+1","hexamod:SwordOfDarkness","hexamod:FlamesFromBeyond+1","hexamod:FastForward+1"],"relics":["hexamod:SpiritBrand","Oddly Smooth Stone","Mercury Hourglass","Blood Vial","Kunai","Darkstone Periapt","MawBank","Sozu","downfall:HeartBlessingGreen","The Courier","MealTicket","Pear","downfall:HeartBlessingBlue"],"acts_visited":["Exordium","TheCity"],"potions_floor_usage":[16,27,27],"damage_taken":[{"damage":0,"enemies":"Cultist","floor":2,"turns":3},{"damage":0,"enemies":"downfall:FleeingMerchant","floor":3,"turns":4},{"damage":10,"enemies":"downfall:FleeingMerchant","floor":5,"turns":4},{"damage":15,"enemies":"3 Sentries","floor":9,"turns":5},{"damage":0,"enemies":"Jaw Worm","floor":11,"turns":2},{"damage":0,"enemies":"Small Slimes","floor":12,"turns":3},{"damage":17,"enemies":"Lagavulin","floor":14,"turns":5},{"damage":0,"enemies":"Exordium Wildlife","floor":15,"turns":2},{"damage":26,"enemies":"WA_ARCHETYPE_RETAIN","floor":16,"turns":6},{"damage":5,"enemies":"Chosen","floor":19,"turns":3},{"damage":1,"enemies":"3 Cultists","floor":20,"turns":3},{"damage":8,"enemies":"downfall:FleeingMerchant","floor":23,"turns":4},{"damage":1,"enemies":"downfall:FleeingMerchant","floor":27,"turns":4},{"damage":18,"enemies":"Snake Plant","floor":28,"turns":3},{"damage":22,"enemies":"Centurion and Healer","floor":29,"turns":3},{"damage":42,"enemies":"Chosen and Byrds","floor":31,"turns":5},{"damage":18,"enemies":"Snake Plant","floor":32,"turns":2}],"seed_played":"-7979387247576683251","potions_obtained":[{"floor":2,"key":"Guardian:BlockOnCardUsePotion"},{"floor":11,"key":"Strength Potion"},{"floor":16,"key":"sneckomod:MuddlingPotion"}],"is_trial":false,"path_per_floor":["R","M","$","?","$","?","T","R","E","R","M","M","R","E","M","B",null,"R","M","M","?","?","$","T","T","R","$","M","M","R","M","M"],"character_chosen":"THE_SPIRIT","items_purchased":["Oddly Smooth Stone","Mercury Hourglass","hexamod:PhantomFireball","hexamod:ExtraCrispy","Blood Vial","MealTicket"],"campfire_rested":0,"item_purchase_floors":[3,3,3,3,5,23],"current_hp_per_floor":[70,70,70,70,60,60,60,60,47,47,49,51,51,36,38,14,70,70,65,66,66,66,60,70,70,80,89,72,52,52,12,0,0,0],"gold":69,"neow_bonus":"TRANSFORM_TWO_CARDS","is_daily":false,"chose_seed":false,"campfire_upgraded":6,"win_rate":0.0,"timestamp":1611166693,"path_taken":["R","M","$","?","$","?","T","R","E","R","M","M","R","E","M","BOSS","R","M","M","?","?","?","T","?","R","$","M","?","R","M","M"],"items_purchased_type":["Relic","Relic","Card","Card","Relic","Relic"],"build_version":"2020-12-22","purchased_purges":4,"victory":false,"max_hp_per_floor":[70,70,70,70,70,70,70,70,70,70,70,70,70,70,70,70,70,70,70,70,70,70,70,80,80,90,90,90,90,90,90,90,90,90],"card_choices":[{"not_picked":["hexamod:ThermalTransfer","hexamod:FlamesFromBeyond"],"picked":"hexamod:SoulSteal","floor":2},{"not_picked":["hexamod:FourthSeal","hexamod:GhostLash"],"picked":"hexamod:CatchUp","floor":3},{"not_picked":["hexamod:Incineration","hexamod:RetreatToShadows"],"picked":"hexamod:StepThrough","floor":5},{"not_picked":["hexamod:Again","hexamod:BacktrackSmack"],"picked":"hexamod:BurningTouch","floor":9},{"not_picked":["hexamod:ExtraCrispy","hexamod:PhantomFireball"],"picked":"hexamod:SwordOfDarkness","floor":11},{"not_picked":["hexamod:InspiringFlames","hexamod:GhostOfSpirePresent"],"picked":"hexamod:FlamesFromBeyond","floor":12},{"not_picked":["hexamod:FlamesFromBeyond","hexamod:BacktrackSmack","hexamod:GhostflameBarrier"],"picked":"SKIP","floor":14},{"not_picked":["hexamod:Firestarter","hexamod:BurningTouch","hexamod:SoulSteal"],"picked":"SKIP","floor":15},{"not_picked":["hexamod:SwordOfDarkness","hexamod:SpectralAdrenaline","hexamod:FirstSeal"],"picked":"SKIP","floor":19},{"not_picked":["hexamod:HauntingEcho","hexamod:Firestarter","hexamod:FlamesFromBeyond"],"picked":"SKIP","floor":20},{"not_picked":["hexamod:Haunt","hexamod:SecondSeal","hexamod:FlamesFromBeyond+1"],"picked":"SKIP","floor":23},{"not_picked":["hexamod:BacktrackSmack","hexamod:NightmareStrike","hexamod:SwordOfDarkness+1"],"picked":"SKIP","floor":27},{"not_picked":["hexamod:FlamesFromBeyond","hexamod:ThermalTransfer+1"],"picked":"hexamod:FastForward+1","floor":28},{"not_picked":["hexamod:BurningTouch","hexamod:DynamicBlow","hexamod:ShieldOfDarkness+1"],"picked":"SKIP","floor":29},{"not_picked":["hexamod:BacktrackSmack","hexamod:FlamesFromBeyond","hexamod:RetreatToShadows"],"picked":"SKIP","floor":31}],"player_experience":357298,"relics_obtained":[{"floor":7,"key":"Kunai"},{"floor":9,"key":"Darkstone Periapt"},{"floor":14,"key":"MawBank"},{"floor":24,"key":"Pear"}],"event_choices":[],"is_beta":false,"boss_relics":[{"not_picked":["SlaversCollar","Astrolabe"],"picked":"Sozu"}],"items_purged_floors":[3,5,23,27],"is_endless":false,"potions_floor_spawned":[2,11,16,19,20,28,31],"killed_by":"Snake Plant","ascension_level":0}}