{"host":"5ty8fyb0ngp9gspj","time":1611139207,"event":{"mods":["2.2 Compatiblity","AchievementEnabler","Act Like it!","BaseMod","Colored Map","Downfall","Minty Spire (QoL Compilation)","Rare Cards Sparkle","Relic Stats","StSLib","The Jungle","slay the spire mod where everything is the same but ironclad has a cowboy hat"],"gold_per_floor":[117,134,145,145,165,180,105,105,105,119,119,19,19,36,36,135,135,154,29,43,43,19,19,19,19],"floor_reached":24,"language":"ENG","playtime":322,"items_purged":["Defend_R","Parasite","Defend_R"],"score":190,"play_id":"cfcbd88b-2bf1-4bea-aff7-40b1a92aeb55","local_time":"20210120214007","is_ascension_mode":false,"campfire_choices":[{"floor":13,"key":"REST"},{"data":"Thunderclap","floor":15,"key":"SMITH"},{"data":"Flex","floor":23,"key":"SMITH"}],"circlet_count":0,"master_deck":["Strike_R","Strike_R+1","Strike_R","Strike_R","Strike_R","Defend_R","Bash","Thunderclap+1","Thunderclap+1","Dropkick","Battle Trance","Dropkick","Double Tap","Clash+1","Flex+1"],"relics":["Burning Blood","NeowsBlessing","Art of War","Coffee Dripper"],"acts_visited":["Exordium","TheCity"],"potions_floor_usage":[21],"damage_taken":[{"damage":0,"enemies":"2 Louse","floor":1,"turns":1},{"damage":0,"enemies":"Jaw Worm","floor":2,"turns":1},{"damage":0,"enemies":"Small Slimes","floor":3,"turns":1},{"damage":19,"enemies":"Blue Slaver","floor":5,"turns":3},{"damage":26,"enemies":"Large Slime","floor":6,"turns":4},{"damage":11,"enemies":"Exordium Wildlife","floor":10,"turns":3},{"damage":12,"enemies":"Blue Slaver","floor":14,"turns":2},{"damage":27,"enemies":"Slime Boss","floor":16,"turns":7},{"damage":25,"enemies":"Spheric Guardian","floor":18,"turns":4},{"damage":28,"enemies":"Shell Parasite","floor":20,"turns":3},{"damage":0,"enemies":"Centurion and Healer","floor":21,"turns":1},{"damage":46,"enemies":"Book of Stabbing","floor":24,"turns":3}],"seed_played":"5593278381538087612","potions_obtained":[{"floor":2,"key":"Energy Potion"},{"floor":6,"key":"SmokeBomb"},{"floor":10,"key":"FearPotion"},{"floor":20,"key":"SteroidPotion"}],"is_trial":false,"path_per_floor":["M","M","M","?","M","M","$","?","T","M","?","$","R","M","R","B",null,"M","$","M","M","$","R","E"],"character_chosen":"IRONCLAD","items_purchased":["Flex"],"campfire_rested":1,"item_purchase_floors":[22],"current_hp_per_floor":[80,80,80,64,51,31,31,51,51,46,39,39,62,56,56,35,77,58,58,36,42,42,42,0,0],"gold":19,"neow_bonus":"THREE_ENEMY_KILL","is_daily":false,"chose_seed":false,"campfire_upgraded":2,"win_rate":0.0,"timestamp":1611139207,"path_taken":["M","M","M","?","M","M","$","?","T","M","?","?","R","M","R","BOSS","M","$","M","M","$","R","E"],"items_purchased_type":["Card"],"build_version":"2020-12-22","purchased_purges":3,"victory":false,"max_hp_per_floor":[80,80,80,80,80,80,80,80,80,80,80,77,77,77,77,77,77,77,77,77,77,77,77,77,77],"relic_stats":{"counters":[12,33],"Art of War":[0],"obtain_stats":[{"NeowsBlessing":0,"Art of War":9,"Coffee Dripper":17,"Burning Blood":0},{"NeowsBlessing":0,"Art of War":5,"Coffee Dripper":8,"Burning Blood":0},{"NeowsBlessing":0,"Art of War":10,"Coffee Dripper":22,"Burning Blood":0}],"Burning Blood":48},"card_choices":[{"not_picked":["Twin Strike","Inflame"],"picked":"Thunderclap","floor":1},{"not_picked":["Warcry","Wild Strike"],"picked":"Thunderclap","floor":2},{"not_picked":["Fire Breathing","True Grit","Carnage"],"picked":"SKIP","floor":3},{"not_picked":["Pommel Strike","Wild Strike","Blood for Blood"],"picked":"SKIP","floor":5},{"not_picked":["Wild Strike","Perfected Strike"],"picked":"Dropkick","floor":6},{"not_picked":["Clothesline","Spot Weakness"],"picked":"Battle Trance","floor":10},{"not_picked":["Rampage","Pommel Strike"],"picked":"Dropkick","floor":14},{"not_picked":["Limit Break","Impervious"],"picked":"Double Tap","floor":16},{"not_picked":["Perfected Strike+1","Pommel Strike","Shrug It Off"],"picked":"SKIP","floor":18},{"not_picked":["Dual Wield","Twin Strike"],"picked":"Clash+1","floor":20}],"player_experience":412632,"relics_obtained":[{"floor":9,"key":"Art of War"}],"event_choices":[{"damage_healed":0,"gold_gain":0,"player_choice":"Entered Light","damage_taken":16,"max_hp_gain":0,"max_hp_loss":0,"event_name":"Shining Light","floor":4,"gold_loss":0,"cards_upgraded":["Strike_R","Thunderclap"]},{"damage_healed":20,"gold_gain":0,"player_choice":"Healed and dodged fight","damage_taken":0,"max_hp_gain":0,"max_hp_loss":0,"event_name":"Mushrooms","floor":8,"gold_loss":0,"cards_obtained":["Parasite"]},{"cards_removed":["Defend_R"],"damage_healed":0,"gold_gain":0,"player_choice":"Card Removal","damage_taken":7,"max_hp_gain":0,"max_hp_loss":0,"event_name":"Golden Wing","floor":11,"gold_loss":0}],"is_beta":false,"boss_relics":[{"not_picked":["Ectoplasm","Velvet Choker"],"picked":"Coffee Dripper"}],"items_purged_floors":[7,12,19],"is_endless":false,"potions_floor_spawned":[2,6,10,14,20],"killed_by":"Book of Stabbing","ascension_level":0}}