{"host":"cw25u8qal1h0d7ia","time":1611101897,"event":{"mods":["BaseMod","Downfall","Minty Spire (QoL Compilation)","StSLib"],"gold_per_floor":[99,109,109,109,128,148,226,245,245,278,278,310,322,322,338,434,434,334,344,258,258,269,269,269,285,312,325,359,373,373,163,173,275,275,275,294,304,354,370,396,421,421,455,455,455,488,506,538,558,558],"floor_reached":51,"language":"ENG","playtime":5547,"items_purged":[],"score":1078,"play_id":"223b5454-2691-4ae4-8532-3f99911509b8","local_time":"20210120011817","is_ascension_mode":true,"campfire_choices":[{"data":"Guardian:CurlUp","floor":1.0,"key":"SMITH"},{"data":"Guardian:TwinSlam","floor":9.0,"key":"SMITH"},{"data":"Guardian:BodySlam","floor":18.0,"key":"SMITH"},{"floor":30.0,"key":"REST"},{"data":"Guardian:CompilePackage","floor":35,"key":"SMITH"},{"floor":42,"key":"REST"},{"data":"Guardian:Orbwalk","floor":45,"key":"SMITH"}],"circlet_count":0,"master_deck":["Guardian:Strike_Guardian","Guardian:Strike_Guardian","Guardian:Defend_Guardian+1","Guardian:Defend_Guardian","Guardian:Defend_Guardian+1","Guardian:Defend_Guardian","Guardian:CurlUp+1","Guardian:TwinSlam+1","Guardian:Gem_White","Guardian:Orbwalk+1","Guardian:FloatingOrbs+1","Guardian:BodySlam+1","Guardian:CompilePackage+1","CurseOfTheBell","Guardian:SpikerProtocol+1","Guardian:PrismaticBeam+1","Guardian:FloatingOrbs+1","Guardian:GemFire","Guardian:EvasiveProtocol+1","Guardian:Gem_Orange","Guardian:FloatingOrbs+1","Guardian:SentryBeam+1","Guardian:Gem_White","Guardian:ChargeUp+1"],"relics":["Guardian:ModeShifter","Frozen Egg 2","Tiny Chest","Incense Burner","Guardian:PickAxe","Calling Bell","Centennial Puzzle","Eternal Feather","FossilizedHelix","downfall:HeartBlessingGreen","Enchiridion","Sundial","Lizard Tail","Shuriken","TungstenRod","Black Star","Slimebound:StickyStick","Guardian:StasisCodex","Dream Catcher","Slimebound:PreparedRelic","Bird Faced Urn","Pear","Kunai","Pantograph","Pocketwatch"],"acts_visited":["Exordium","TheCity","TheBeyond"],"potions_floor_usage":[39,50,50],"damage_taken":[{"damage":3.0,"enemies":"2 Louse","floor":2.0,"turns":3.0},{"damage":2.0,"enemies":"Jaw Worm","floor":5.0,"turns":7.0},{"damage":0.0,"enemies":"Small Slimes","floor":6.0,"turns":4.0},{"damage":10.0,"enemies":"Exordium Thugs","floor":8.0,"turns":6.0},{"damage":16.0,"enemies":"Gremlin Nob","floor":10.0,"turns":4.0},{"damage":4.0,"enemies":"3 Sentries","floor":12.0,"turns":10.0},{"damage":10.0,"enemies":"2 Fungi Beasts","floor":13.0,"turns":3.0},{"damage":14.0,"enemies":"2 Fungi Beasts","floor":14.0,"turns":4.0},{"damage":0.0,"enemies":"Large Slime","floor":15.0,"turns":4.0},{"damage":18.0,"enemies":"DF_ARCHETYPE_STREAMLINE","floor":16.0,"turns":9.0},{"damage":16.0,"enemies":"Spheric Guardian","floor":19.0,"turns":4.0},{"damage":2.0,"enemies":"downfall:FleeingMerchant","floor":20.0,"turns":4.0},{"damage":0.0,"enemies":"Shell Parasite","floor":22.0,"turns":4.0},{"damage":0.0,"enemies":"Sentry and Sphere","floor":25.0,"turns":5.0},{"damage":14.0,"enemies":"Slavers","floor":26.0,"turns":4.0},{"damage":4.0,"enemies":"Snecko","floor":27.0,"turns":5.0},{"damage":0.0,"enemies":"Book of Stabbing","floor":28.0,"turns":3.0},{"damage":8.0,"enemies":"Centurion and Healer","floor":29.0,"turns":3.0},{"damage":0.0,"enemies":"downfall:FleeingMerchant","floor":31.0,"turns":4.0},{"damage":0.0,"enemies":"Chosen and Byrds","floor":32.0,"turns":2.0},{"damage":19.0,"enemies":"SI_MIRROR_ARCHETYPE","floor":33.0,"turns":7.0},{"damage":10,"enemies":"3 Shapes","floor":36,"turns":4},{"damage":0,"enemies":"3 Darklings","floor":37,"turns":4},{"damage":0,"enemies":"3 Darklings","floor":38,"turns":5},{"damage":18,"enemies":"Writhing Mass","floor":39,"turns":4},{"damage":0,"enemies":"Giant Head","floor":40,"turns":6},{"damage":0,"enemies":"Reptomancer","floor":43,"turns":5},{"damage":25,"enemies":"Nemesis","floor":46,"turns":3},{"damage":0,"enemies":"Sphere and 2 Shapes","floor":47,"turns":3},{"damage":0,"enemies":"Reptomancer","floor":48,"turns":5},{"damage":13,"enemies":"Transient","floor":49,"turns":5},{"damage":10,"enemies":"IC_BLOCK_ARCHETYPE","floor":50,"turns":5}],"seed_played":"-845133738954139711","potions_obtained":[{"floor":2.0,"key":"FairyPotion"},{"floor":5.0,"key":"bronze:BurnAndBuffPotion"},{"floor":6.0,"key":"Fire Potion"},{"floor":15.0,"key":"champ:CounterPotion"},{"floor":16.0,"key":"Dexterity Potion"},{"floor":25.0,"key":"Swift Potion"},{"floor":28.0,"key":"bronze:BurnAndBuffPotion"},{"floor":29.0,"key":"AttackPotion"},{"floor":43,"key":"Explosive Potion"},{"floor":47,"key":"FearPotion"}],"is_trial":false,"path_per_floor":["R","M","?","?","M","M","T","M","R","E","?","E","M","?","M","B",null,"R","M","$","?","M","T","T","M","E","M","E","M","R","$","M","B",null,"R","M","M","?","M","E","T","R","E","?","R","E","M","E","M","B",null],"character_chosen":"GUARDIAN","items_purchased":["Guardian:SpikerProtocol+1","Guardian:FloatingOrbs+1","Guardian:GemFire"],"campfire_rested":2,"item_purchase_floors":[20,31,31],"current_hp_per_floor":[80,77,77,77,75,75,75,65,65,49,49,45,35,21,21,3,80,80,64,62,46,46,46,46,46,32,28,28,20,53,53,53,34,80,80,70,70,70,52,52,52,80,80,80,80,71,81,90,83,84],"gold":558,"neow_bonus":"TRANSFORM_CARD","is_daily":false,"chose_seed":false,"campfire_upgraded":5,"win_rate":0.0,"timestamp":1611101897,"path_taken":["R","M","?","?","M","?","T","M","R","E","?","E","M","?","M","BOSS","R","M","$","?","M","?","T","?","E","M","E","M","R","$","M","BOSS","R","M","M","?","M","E","T","R","E","?","R","E","M","E","M","BOSS"],"items_purchased_type":["Card","Card","Card"],"build_version":"2020-12-22","purchased_purges":0,"victory":true,"max_hp_per_floor":[80,80,80,80,80,80,80,80,80,80,80,80,80,80,80,80,80,80,80,80,80,80,80,80,80,80,80,80,80,80,80,80,80,80,80,80,80,80,80,80,80,80,80,80,80,90,90,90,90,90],"card_choices":[{"not_picked":["Guardian:Emergency","Guardian:Suspension"],"picked":"Guardian:Gem_White","floor":2.0},{"not_picked":["Guardian:TimeCapacitor","Guardian:WalkerClaw","Guardian:ChargeCore"],"picked":"SKIP","floor":5.0},{"not_picked":["Guardian:Clone","Guardian:Reroute"],"picked":"Guardian:Orbwalk","floor":6.0},{"not_picked":["Guardian:TimeCapacitor+1","Guardian:BronzeOrb"],"picked":"Guardian:FloatingOrbs+1","floor":8.0},{"not_picked":["Guardian:Gem_Fragmented","Guardian:PrismaticBeam","Guardian:TimeBomb"],"picked":"SKIP","floor":10.0},{"not_picked":["Guardian:Incinerate","Guardian:PrimingBeam"],"picked":"Guardian:BodySlam","floor":12.0},{"not_picked":["Guardian:PrimingBeam","Guardian:CrystalBeam","Guardian:Harden"],"picked":"SKIP","floor":13.0},{"not_picked":["Guardian:PolyBeam","Guardian:RollAttack","Guardian:Suspension"],"picked":"SKIP","floor":15.0},{"not_picked":["Guardian:RevengeProtocol+1","Guardian:ConstructionForm+1"],"picked":"Guardian:CompilePackage","floor":16.0},{"not_picked":["Guardian:BodySlam","Guardian:Gem_Red","Guardian:Incinerate"],"picked":"SKIP","floor":19.0},{"not_picked":["Guardian:BodySlam","Guardian:Gem_Red","Guardian:Incinerate"],"picked":"SKIP","floor":19.0},{"not_picked":["Guardian:Gem_Purple","Guardian:Orbwalk+1","Guardian:Gem_Cyan"],"picked":"SKIP","floor":20.0},{"not_picked":["Guardian:Gem_Red","Guardian:Preprogram+1","Guardian:ChargeUp"],"picked":"SKIP","floor":22.0},{"not_picked":["Guardian:TemporalStrike","Guardian:Gem_Yellow","Guardian:BodySlam"],"picked":"SKIP","floor":25.0},{"not_picked":["Guardian:Repulse+1","Guardian:TemporalStrike"],"picked":"Guardian:Gem_Orange","floor":26.0},{"not_picked":["Guardian:MultiBeam","Guardian:RollAttack","Guardian:Planning"],"picked":"SKIP","floor":27.0},{"not_picked":["Guardian:Suspension","Guardian:PrimingBeam"],"picked":"Guardian:PrismaticBeam+1","floor":28.0},{"not_picked":["Guardian:CrystalBeam","Guardian:Incinerate"],"picked":"Guardian:Gem_Green","floor":29.0},{"not_picked":["Guardian:RefractedBeam","Guardian:Gem_Fragmented","Guardian:RollAttack"],"picked":"SKIP","floor":31.0},{"not_picked":["Guardian:Gem_Lightblue","Guardian:BodySlam"],"picked":"Guardian:EvasiveProtocol+1","floor":32.0},{"not_picked":["Guardian:SphericShield","Guardian:StasisField"],"picked":"Guardian:Gem_Orange","floor":33.0},{"not_picked":["Guardian:Gem_Lightblue","Guardian:ShieldCharger+1","Guardian:CrystalBeam+1"],"picked":"SKIP","floor":36},{"not_picked":["Guardian:GemFinder+1","Guardian:Orbwalk+1","Guardian:PrismaticBeam+1"],"picked":"SKIP","floor":37},{"not_picked":["Guardian:ChargeUp+1","Guardian:MultiBeam+1"],"picked":"Guardian:FloatingOrbs+1","floor":39},{"not_picked":["Guardian:Gem_Purple","Guardian:FloatingOrbs+1","Guardian:Reroute"],"picked":"SKIP","floor":40},{"not_picked":["Guardian:PiercingHide+1","Guardian:Gem_Lightblue"],"picked":"Guardian:SentryBeam+1","floor":42},{"not_picked":["Guardian:Gem_Purple","Guardian:Clone","Guardian:Gem_Lightblue"],"picked":"SKIP","floor":43},{"not_picked":["Guardian:Planning+1","Guardian:TemporalShield","Guardian:Gem_Fragmented"],"picked":"SKIP","floor":46},{"not_picked":["Guardian:Gem_Green","Guardian:VentSteam"],"picked":"Guardian:Gem_White","floor":47},{"not_picked":["Guardian:ChargeCore","Guardian:CompilePackage","Guardian:RefractedBeam+1"],"picked":"SKIP","floor":48},{"not_picked":["Guardian:PrismaticBeam","Guardian:PiercingHide"],"picked":"Guardian:ChargeUp+1","floor":49}],"player_experience":622257,"relics_obtained":[{"floor":7.0,"key":"Frozen Egg 2"},{"floor":10.0,"key":"Tiny Chest"},{"floor":12.0,"key":"Incense Burner"},{"floor":17.0,"key":"Centennial Puzzle"},{"floor":17.0,"key":"Eternal Feather"},{"floor":17.0,"key":"FossilizedHelix"},{"floor":21.0,"key":"Enchiridion"},{"floor":23.0,"key":"Sundial"},{"floor":24.0,"key":"Lizard Tail"},{"floor":26.0,"key":"Shuriken"},{"floor":28.0,"key":"TungstenRod"},{"floor":40,"key":"Slimebound:StickyStick"},{"floor":40,"key":"Guardian:StasisCodex"},{"floor":41,"key":"Dream Catcher"},{"floor":43,"key":"Slimebound:PreparedRelic"},{"floor":43,"key":"Bird Faced Urn"},{"floor":46,"key":"Pear"},{"floor":46,"key":"Kunai"},{"floor":48,"key":"Pantograph"},{"floor":48,"key":"Pocketwatch"}],"event_choices":[{"cards_removed":["downfall:Malfunctioning"],"damage_healed":0.0,"max_hp_gain":0.0,"max_hp_loss":0.0,"gold_gain":0.0,"event_name":"The Cleric","player_choice":"Card Removal","floor":11.0,"gold_loss":0.0,"damage_taken":0.0}],"is_beta":false,"boss_relics":[{"not_picked":["Snecko Eye","SacredBark"],"picked":"Calling Bell"},{"not_picked":["bronze:MakeshiftBattery","Runic Dome"],"picked":"Black Star"}],"items_purged_floors":[],"is_endless":false,"potions_floor_spawned":[2,5,6,15,16,19,25,28,29,36,38,43,47],"ascension_level":3}}