{"host":"8u7tvcybuv0u72fd","time":1611121476,"event":{"mods":["BaseMod","BetterRewards","Colored Map","Colored Powertips","Minty Spire (QoL Compilation)","Quick Restart","Shop Mod"],"gold_per_floor":[109,74,89,101,101,135,135,165,165,165,179,194,206,239,239,336,336,347,327,341,355,27,27,38,38,61,77,77,90,90,90,90,187,187,203,214,231,284,284,284,301,327,352,362,362,389,19,32,32,32,32,32,7,42,42],"floor_reached":56,"language":"ENG","playtime":3440,"items_purged":["Strike_R","Pain"],"score":1501,"play_id":"2afc99c0-0788-410a-b113-efee422253a5","local_time":"20210120004436","is_ascension_mode":false,"campfire_choices":[{"data":"Bash","floor":7.0,"key":"SMITH"},{"data":"Searing Blow+1","floor":10.0,"key":"SMITH"},{"floor":15.0,"key":"DIG"},{"data":"Barricade","floor":23.0,"key":"SMITH"},{"floor":25.0,"key":"DIG"},{"data":"Rage","floor":30.0,"key":"SMITH"},{"data":"Disarm","floor":32.0,"key":"SMITH"},{"data":"Double Tap","floor":40.0,"key":"SMITH"},{"floor":45.0,"key":"RECALL"},{"data":"Searing Blow+2","floor":49.0,"key":"SMITH"},{"data":"Searing Blow+3","floor":52,"key":"SMITH"}],"circlet_count":0,"master_deck":["Defend_R","Defend_R+1","Defend_R","Defend_R","Bash+1","Uppercut+1","Rampage+1","Sword Boomerang+1","Battle Trance","Searing Blow+4","Shrug It Off+1","Barricade+1","Feed+1","Iron Wave+1","Dropkick+1","Disarm+1","Body Slam+1","Headbutt+1","Rage+1","Bite","Bite","Bite","Bite","Bite","Double Tap+1","Madness","Madness","Pommel Strike+1","Impervious","Entrench+1"],"relics":["Black Blood","MerchantsRug","Art of War","Prayer Wheel","WarpedTongs","Tiny Chest","Bottled Lightning","Thread and Needle","Coffee Dripper","FossilizedHelix","Ginger","Self Forming Clay","Pen Nib","Incense Burner","ClockworkSouvenir","Bronze Scales","Eternal Feather"],"acts_visited":["Exordium","TheCity","TheBeyond","TheEnding"],"potions_floor_usage":[55],"damage_taken":[{"damage":0.0,"enemies":"Small Slimes","floor":1.0,"turns":2.0},{"damage":6.0,"enemies":"Jaw Worm","floor":3.0,"turns":3.0},{"damage":0.0,"enemies":"Cultist","floor":4.0,"turns":3.0},{"damage":10.0,"enemies":"Lagavulin","floor":6.0,"turns":6.0},{"damage":12.0,"enemies":"Gremlin Nob","floor":8.0,"turns":3.0},{"damage":11.0,"enemies":"Blue Slaver","floor":11.0,"turns":2.0},{"damage":11.0,"enemies":"Exordium Thugs","floor":12.0,"turns":3.0},{"damage":0.0,"enemies":"3 Louse","floor":13.0,"turns":4.0},{"damage":17.0,"enemies":"Lagavulin","floor":14.0,"turns":4.0},{"damage":19.0,"enemies":"Hexaghost","floor":16.0,"turns":12.0},{"damage":4.0,"enemies":"Spheric Guardian","floor":18.0,"turns":4.0},{"damage":5.0,"enemies":"Shell Parasite","floor":20.0,"turns":5.0},{"damage":3.0,"enemies":"Snake Plant","floor":21.0,"turns":4.0},{"damage":0.0,"enemies":"3 Cultists","floor":24.0,"turns":6.0},{"damage":0.0,"enemies":"Snecko","floor":27.0,"turns":4.0},{"damage":0.0,"enemies":"Chosen and Byrds","floor":29.0,"turns":5.0},{"damage":18.0,"enemies":"Collector","floor":33.0,"turns":12.0},{"damage":0.0,"enemies":"Orb Walker","floor":35.0,"turns":4.0},{"damage":0.0,"enemies":"3 Shapes","floor":36.0,"turns":7.0},{"damage":0.0,"enemies":"Transient","floor":37.0,"turns":5.0},{"damage":27.0,"enemies":"2 Orb Walkers","floor":38.0,"turns":6.0},{"damage":17.0,"enemies":"Spire Growth","floor":41.0,"turns":5.0},{"damage":31.0,"enemies":"Reptomancer","floor":42.0,"turns":9.0},{"damage":0.0,"enemies":"4 Shapes","floor":44.0,"turns":6.0},{"damage":23.0,"enemies":"3 Darklings","floor":48.0,"turns":5.0},{"damage":20.0,"enemies":"Awakened One","floor":50.0,"turns":9.0},{"damage":15,"enemies":"Shield and Spear","floor":54,"turns":8},{"damage":59,"enemies":"The Heart","floor":55,"turns":11}],"seed_played":"-8434335033378818663","potions_obtained":[{"floor":1.0,"key":"Fruit Juice"},{"floor":3.0,"key":"ElixirPotion"},{"floor":6.0,"key":"Explosive Potion"},{"floor":8.0,"key":"FearPotion"},{"floor":16.0,"key":"LiquidBronze"},{"floor":18.0,"key":"GamblersBrew"},{"floor":19.0,"key":"LiquidBronze"},{"floor":24.0,"key":"FearPotion"},{"floor":27.0,"key":"Swift Potion"},{"floor":38.0,"key":"Block Potion"},{"floor":42.0,"key":"ElixirPotion"},{"floor":54,"key":"FairyPotion"}],"is_trial":false,"path_per_floor":["M","?","M","M","?","E","R","E","T","R","M","M","M","E","R","B",null,"M","?","M","M","$","R","M","R","T","M","T","M","R","?","R","B",null,"M","M","M","?","?","R","M","E","T","M","R","T","$","M","R","B",null,"R","$","E","B",null],"character_chosen":"IRONCLAD","items_purchased":["Molten Egg 2","Uppercut+1","MerchantsRug","Art of War","Rampage+1","Energy Potion","FossilizedHelix","Incense Burner","ClockworkSouvenir","Bronze Scales","BloodPotion"],"campfire_rested":0,"item_purchase_floors":[0,0,0,0,0,0,22,47,47,53,53],"current_hp_per_floor":[43,64,64,70,70,66,66,60,60,60,55,50,56,45,45,32,85,85,85,85,85,85,85,89,89,89,89,89,89,89,62,62,66,66,70,74,74,88,77,77,88,91,91,96,96,96,96,94,94,96,96,96,96,96,66],"gold":42,"neow_bonus":"","is_daily":false,"chose_seed":false,"campfire_upgraded":8,"win_rate":0.0,"timestamp":1611121476,"path_taken":["M","?","M","M","?","E","R","E","T","R","M","M","?","E","R","BOSS","M","?","M","?","$","R","M","R","T","M","?","M","R","?","R","BOSS","M","M","M","?","?","R","M","E","T","M","R","?","$","M","R","BOSS","R","$","E","BOSS"],"items_purchased_type":["Relic","Card","Relic","Relic","Card","Potion","Relic","Relic","Relic","Relic","Potion"],"build_version":"2020-12-22","purchased_purges":2,"victory":true,"max_hp_per_floor":[85,85,85,85,85,85,85,85,85,85,85,85,85,85,85,85,85,85,85,85,85,85,85,89,89,89,89,89,89,89,62,62,66,66,70,74,74,88,88,88,88,92,92,96,96,96,96,96,96,96,96,96,96,96,96],"card_choices":[{"not_picked":["Flex","Second Wind"],"picked":"Sword Boomerang+1","floor":1.0},{"not_picked":["Havoc","Disarm","Spot Weakness"],"picked":"SKIP","floor":1.0},{"not_picked":["Fire Breathing","True Grit","Havoc"],"picked":"SKIP","floor":3.0},{"not_picked":["Bloodletting","Combust","Sword Boomerang+1"],"picked":"SKIP","floor":3.0},{"not_picked":["Fire Breathing","True Grit","Havoc"],"picked":"SKIP","floor":3.0},{"not_picked":["Bloodletting","Combust","Sword Boomerang+1"],"picked":"SKIP","floor":3.0},{"not_picked":["Cleave+1","Uppercut+1"],"picked":"Battle Trance","floor":4.0},{"not_picked":["True Grit","Evolve","Armaments"],"picked":"SKIP","floor":4.0},{"not_picked":["Combust","Heavy Blade+1"],"picked":"Searing Blow+1","floor":6.0},{"not_picked":["Warcry","Battle Trance","Ghostly Armor"],"picked":"SKIP","floor":8.0},{"not_picked":["Disarm","Spot Weakness","Warcry"],"picked":"SKIP","floor":11.0},{"not_picked":["Impervious","Cleave+1","Thunderclap+1"],"picked":"SKIP","floor":11.0},{"not_picked":["Bloodletting","Searing Blow+1","Warcry"],"picked":"SKIP","floor":12.0},{"not_picked":["Sword Boomerang+1","Havoc","Burning Pact"],"picked":"SKIP","floor":12.0},{"not_picked":["Warcry","Power Through"],"picked":"Shrug It Off","floor":13.0},{"not_picked":["Cleave+1","Thunderclap+1","Flex"],"picked":"SKIP","floor":13.0},{"not_picked":["Wild Strike+1","True Grit"],"picked":"Barricade","floor":14.0},{"not_picked":["Brutality","Limit Break"],"picked":"Feed+1","floor":16.0},{"not_picked":["Headbutt+1","Perfected Strike+1"],"picked":"Iron Wave+1","floor":18.0},{"not_picked":["Fire Breathing+1","Wild Strike+1","Armaments"],"picked":"SKIP","floor":18.0},{"not_picked":["Flex","Sword Boomerang+1","Perfected Strike+1"],"picked":"SKIP","floor":20.0},{"not_picked":["Iron Wave+1","Twin Strike+1","Havoc+1"],"picked":"SKIP","floor":20.0},{"not_picked":["Metallicize","Bludgeon+1"],"picked":"Dropkick+1","floor":21.0},{"not_picked":["Havoc+1","Warcry+1","Heavy Blade+1"],"picked":"SKIP","floor":21.0},{"not_picked":["Iron Wave","Rampage"],"picked":"Disarm","floor":24.0},{"not_picked":["Thunderclap+1","Anger","Cleave"],"picked":"SKIP","floor":24.0},{"not_picked":["Thunderclap+1","Anger","Cleave"],"picked":"SKIP","floor":24.0},{"not_picked":["Havoc+1","Blood for Blood"],"picked":"Body Slam+1","floor":27.0},{"not_picked":["Armaments","Demon Form","Blood for Blood"],"picked":"SKIP","floor":27.0},{"not_picked":["Armaments","Flex"],"picked":"Headbutt+1","floor":29.0},{"not_picked":["Brutality","Reckless Charge"],"picked":"Rage","floor":29.0},{"not_picked":["Barricade","Immolate"],"picked":"Double Tap","floor":33.0},{"not_picked":["Heavy Blade+1","Flex","Perfected Strike"],"picked":"SKIP","floor":35.0},{"not_picked":["Bloodletting+1","Seeing Red","Dual Wield"],"picked":"SKIP","floor":35.0},{"not_picked":["Clash+1","Blood for Blood+1","True Grit"],"picked":"SKIP","floor":36.0},{"not_picked":["Fire Breathing+1","Dropkick+1","Cleave+1"],"picked":"SKIP","floor":36.0},{"not_picked":["Fiend Fire","Warcry+1","Shrug It Off+1"],"picked":"SKIP","floor":37.0},{"not_picked":["Clash+1","Headbutt","Thunderclap"],"picked":"SKIP","floor":37.0},{"not_picked":["Hemokinesis","Iron Wave+1","Disarm+1"],"picked":"SKIP","floor":41.0},{"not_picked":["Body Slam","Anger+1","Wild Strike+1"],"picked":"SKIP","floor":41.0},{"not_picked":["Infernal Blade+1","Evolve+1","Heavy Blade"],"picked":"SKIP","floor":42.0},{"not_picked":["Shrug It Off+1","Uppercut"],"picked":"Pommel Strike+1","floor":44.0},{"not_picked":["Thunderclap+1","Cleave+1","Dual Wield"],"picked":"SKIP","floor":44.0},{"not_picked":["Flex","Headbutt"],"picked":"Impervious","floor":48.0},{"not_picked":["Shockwave+1","Entrench+1","Headbutt"],"picked":"SKIP","floor":48.0},{"not_picked":["Shockwave+1","Headbutt"],"picked":"Entrench+1","floor":48.0},{"not_picked":["Twin Strike","Anger","Sword Boomerang+1"],"picked":"SKIP","floor":54}],"player_experience":1374582,"relics_obtained":[{"floor":6.0,"key":"Tiny Chest"},{"floor":8.0,"key":"Shovel"},{"floor":9.0,"key":"Bottled Lightning"},{"floor":14.0,"key":"War Paint"},{"floor":15.0,"key":"Thread and Needle"},{"floor":25.0,"key":"Ginger"},{"floor":28.0,"key":"Self Forming Clay"},{"floor":38.0,"key":"Mango"},{"floor":42.0,"key":"Sundial"},{"floor":43.0,"key":"Nunchaku"},{"floor":46.0,"key":"Pen Nib"},{"floor":54,"key":"Eternal Feather"}],"event_choices":[{"damage_healed":21.0,"max_hp_gain":0.0,"max_hp_loss":0.0,"gold_gain":0.0,"event_name":"The Cleric","player_choice":"Healed","floor":2.0,"gold_loss":35.0,"damage_taken":0.0},{"damage_healed":0.0,"max_hp_gain":0.0,"max_hp_loss":0.0,"gold_gain":0.0,"event_name":"Accursed Blacksmith","player_choice":"Rummage","floor":5.0,"gold_loss":0.0,"damage_taken":0.0,"relics_obtained":["WarpedTongs"],"cards_obtained":["Pain"]},{"damage_healed":0.0,"max_hp_gain":0.0,"max_hp_loss":0.0,"gold_gain":0.0,"event_name":"The Woman in Blue","player_choice":"Bought 1 Potion","floor":19.0,"gold_loss":0.0,"damage_taken":0.0},{"damage_healed":0.0,"max_hp_gain":0.0,"max_hp_loss":27.0,"gold_gain":0.0,"event_name":"Vampires","player_choice":"Became a vampire","floor":31.0,"gold_loss":0.0,"damage_taken":0.0,"cards_obtained":["Bite","Bite","Bite","Bite","Bite"]},{"damage_healed":0.0,"max_hp_gain":0.0,"max_hp_loss":0.0,"gold_gain":0.0,"event_name":"Mysterious Sphere","player_choice":"Fight","floor":38.0,"gold_loss":0.0,"damage_taken":0.0},{"damage_healed":0.0,"max_hp_gain":0.0,"max_hp_loss":0.0,"gold_gain":0.0,"event_name":"Winding Halls","player_choice":"Embrace Madness","floor":39.0,"gold_loss":0.0,"damage_taken":11.0,"cards_obtained":["Madness","Madness"]}],"is_beta":false,"boss_relics":[{"not_picked":["Runic Dome","SlaversCollar"],"picked":"Coffee Dripper"},{"not_picked":["Busted Crown","Empty Cage"],"picked":"Black Blood"}],"items_purged_floors":[0,22],"is_endless":false,"potions_floor_spawned":[1,3,6,8,16,18,24,27,29,36,38,42,54],"ascension_level":0}}