{"host":"6a92uynocv4elkyp","time":1611162396,"event":{"mods":["AchievementEnabler","BaseMod","Infinite Spire","Minty Spire (QoL Compilation)","Quick Restart","Replay The Spire","StSLib"],"gold_per_floor":[99,141,186,186,21,111,192,288,288,384,49,151,151,253,253,478,578,635,635,685,730,730,873,978,1087,1087,1177,1177,1232,1333,1431,1431,1667,1667,1723,644,715,717,717,830,970,1093,1093,1203,1318,1420,342,440,440,688,945,945,976,976],"floor_reached":53,"language":"ENG","playtime":4068,"items_purged":["Force Field","Pain","Spreading Infection"],"score":3267,"play_id":"f39fa4a8-a608-4865-b261-2c219dbfcce3","local_time":"20210120180636","daily_mods":["SealedDeck","Heirloom","Flight","DeadlyEvents","Elite Swarm","Midas"],"is_ascension_mode":true,"campfire_choices":[{"floor":13.0,"key":"REST"},{"floor":15.0,"key":"REST"},{"floor":28.0,"key":"REST"},{"floor":49.0,"key":"DIG"}],"circlet_count":0,"master_deck":["AscendersBane","Sunder+1","Conserve Battery+1","Chill","Ball Lightning","FIFO Queue","BasicCrystalCard+1","Crystallizer","Ball Lightning","White Noise","FTL+1","Ball Lightning","ReplaySort","Reaper","Electrodynamics","Echo Form+1","Reaper+1","Echo Form+1","Seek","ReplayTheSpireMod:Calculation Training","infinitespire:Collect","infinitespire:TheBestDefense","Thunder Strike+1","Hallucinations","Echo Form+1","infinitespire:Pacifist","Meteor Strike+1","Thunder Strike+1","Loop","Languid","Amnesia","Echo Form+1","Writhe","Spreading Infection","infinitespire:Pacifist","Capacitor","Echo Form+1","Self Repair+1","ReplayTheSpireMod:Haul","Pain","Pot Of Greed","Pot Of Greed","Pot Of Greed","Pot Of Greed","Voices","ReplayTheSpireMod:Faulty Equipment","Buffer","Decay","infinitespire:Starlight","Pot Of Greed","ReplayTheSpireMod:Splinters","Creative AI","Self Repair","Defragment","Injury","ReplayTheSpireMod:Splinters","Hallucinations","Sickly","ReplayTheSpireMod:Fabricate Wheel","Pain","Regret","Clumsy","Decay","Sickly","Regret","Pot Of Greed","Shame","Time Bomb"],"relics":["replay:Trail_Library","Ice Cream","Iron Core","PreservedInsect","Torii","ReplayTheSpireMod:Shallot","Replay:Arrowhead","Molten Egg 2","Singing Bowl","Membership Card","infinitespire:Satchel","Blood Vial","Prayer Wheel","Whetstone","Replay:Wanted Poster","Ring of Greed","Replay:Bandana","infinitespire:Midas Blood","Ring of Shattering","infinitespire:PuzzleCube","Nuclear Battery","Orichalcum","The Courier","infinitespire:PuzzleCube","Snack Pack","infinitespire:Golems Mask","Gambling Chip","infinitespire:Beetle Shell","infinitespire:Lychee Nut","Prayer Wheel","Astrolabe","Replay:Ringing Soul","Shuriken","Dream Catcher","Solar Panel","Magic Flower","infinitespire:Lucky Rock","ReplayTheSpireMod:TigerMarble","Nunchaku","DataDisk","Chameleon Ring","infinitespire:CheckeredPen","Bottled Lightning","Mummified Hand","Grinning Jar","Toy Ornithopter","Replay:Rubber Ducky","Replay:Accelerometer","infinitespire:Bottled Soul","Replay:Bottled Snecko","Replay:Wax Seal","Medical Kit","MealTicket","Oddly Smooth Stone","Vajra","Bag of Preparation","Bronze Scales","StoneCalendar","Matryoshka","Eternal Feather","Tiny Chest","Replay:WaspNest","ReplayTheSpireMod:Lightbulb","Anchor","Replay:Bottled Eggs","Empty Cage"],"acts_visited":["Exordium","TheCity","TheBeyond","Exordium"],"potions_floor_usage":[],"damage_taken":[{"damage":3.0,"enemies":"2 Louse","floor":2.0,"turns":2.0},{"damage":5.0,"enemies":"Jaw Worm","floor":3.0,"turns":2.0},{"damage":0.0,"enemies":"Lagavulin","floor":6.0,"turns":3.0},{"damage":20.0,"enemies":"3 Sentries","floor":7.0,"turns":3.0},{"damage":1.0,"enemies":"Lagavulin","floor":8.0,"turns":5.0},{"damage":10.0,"enemies":"Gremlin Nob","floor":10.0,"turns":3.0},{"damage":18.0,"enemies":"3 Sentries","floor":12.0,"turns":4.0},{"damage":11.0,"enemies":"Gremlin Nob","floor":14.0,"turns":4.0},{"damage":40.0,"enemies":"Hexaghost","floor":16.0,"turns":6.0},{"damage":19.0,"enemies":"2 Thieves","floor":18.0,"turns":2.0},{"damage":17.0,"enemies":"Chosen","floor":21.0,"turns":4.0},{"damage":31.0,"enemies":"Slavers","floor":23.0,"turns":5.0},{"damage":14.0,"enemies":"Book of Stabbing","floor":24.0,"turns":3.0},{"damage":1.0,"enemies":"Nightmare","floor":25.0,"turns":4.0},{"damage":37.0,"enemies":"Replay:Snechameleon","floor":27.0,"turns":4.0},{"damage":1.0,"enemies":"Snecko","floor":29.0,"turns":3.0},{"damage":18.0,"enemies":"Book of Stabbing","floor":30.0,"turns":4.0},{"damage":0.0,"enemies":"Gremlin Leader","floor":31.0,"turns":4.0},{"damage":21.0,"enemies":"Collector","floor":33.0,"turns":6.0},{"damage":58.0,"enemies":"3 Darklings","floor":35.0,"turns":4.0},{"damage":21.0,"enemies":"3 Shapes","floor":37.0,"turns":3.0},{"damage":6.0,"enemies":"Giant Head","floor":40.0,"turns":4.0},{"damage":14.0,"enemies":"R_Hoarder","floor":41.0,"turns":5.0},{"damage":10.0,"enemies":"Reptomancer","floor":42.0,"turns":3.0},{"damage":5.0,"enemies":"R_Hoarder","floor":44.0,"turns":4.0},{"damage":43.0,"enemies":"Nightmare","floor":45.0,"turns":6.0},{"damage":0.0,"enemies":"Giant Head","floor":46.0,"turns":4.0},{"damage":5.0,"enemies":"Nemesis","floor":48.0,"turns":3.0},{"damage":8.0,"enemies":"infinitespire:MassOfShapes","floor":50.0,"turns":4.0},{"damage":0.0,"enemies":"Time Eater","floor":51.0,"turns":4.0},{"damage":0,"enemies":"Small Slimes","floor":53,"turns":2}],"seed_played":"3496109101468734855","potions_obtained":[{"floor":2.0,"key":"FearPotion"},{"floor":7.0,"key":"SmokeBomb"},{"floor":10.0,"key":"AttackPotion"},{"floor":14.0,"key":"Fire Potion"},{"floor":23.0,"key":"Swift Potion"},{"floor":33.0,"key":"Energy Potion"},{"floor":46.0,"key":"DistilledChaos"},{"floor":51.0,"key":"Adrenaline Potion"}],"is_trial":true,"path_per_floor":["?","M","M","?","$","E","E","E","T","E","$","E","R","E","R","B",null,"M","?","?","M","AVR","E","E","NM","T","E","R","M","E","E","R","B",null,"M","$","M","?","T","E","E","E","T","E","NM","E","$","E","R","B","B",null,"M"],"character_chosen":"DEFECT","items_purchased":["PreservedInsect","Membership Card","infinitespire:Satchel","Replay:Ringing Soul","Shuriken","Dream Catcher","Solar Panel","Magic Flower","infinitespire:Lucky Rock","ReplayTheSpireMod:TigerMarble","Nunchaku","DataDisk","Chameleon Ring","infinitespire:CheckeredPen","Bottled Lightning","Medical Kit","Self Repair","Defragment","MealTicket","Oddly Smooth Stone","Vajra","Bag of Preparation","Bronze Scales","StoneCalendar","Matryoshka","Eternal Feather","Tiny Chest","Replay:WaspNest","ReplayTheSpireMod:Lightbulb"],"campfire_rested":3,"item_purchase_floors":[5,11,11,36,36,36,36,36,36,36,36,36,36,36,36,47,47,47,47,47,47,47,47,47,47,47,47,47,47],"current_hp_per_floor":[64,61,56,35,35,35,33,38,38,28,28,31,52,43,64,71,71,64,64,64,53,53,60,48,49,49,30,53,58,42,79,59,55,60,23,23,70,56,56,78,83,88,88,91,96,99,102,107,107,112,115,115,122,122],"gold":976,"neow_bonus":"","is_daily":false,"chose_seed":false,"campfire_upgraded":0,"win_rate":0.0,"timestamp":1611162396,"path_taken":["?","M","M","?","?","E","E","?","T","E","$","E","R","E","R","BOSS","M","?","?","M","AVR","E","E","NM","T","E","R","?","E","E","R","BOSS","M","$","?","?","?","E","E","E","T","E","NM","E","$","?","R","BOSS","BOSS","M"],"items_purchased_type":["Relic","Relic","Relic","Relic","Relic","Relic","Relic","Relic","Relic","Relic","Relic","Relic","Relic","Relic","Relic","Relic","Card","Card","Relic","Relic","Relic","Relic","Relic","Relic","Relic","Relic","Relic","Relic","Relic"],"build_version":"2020-12-22","purchased_purges":3,"victory":false,"max_hp_per_floor":[71,71,71,71,71,71,71,71,71,71,71,71,71,71,71,71,71,73,73,73,77,77,77,77,77,77,77,77,79,79,79,59,61,61,63,63,70,73,73,78,83,88,88,91,96,99,102,107,107,112,115,115,122,122],"card_choices":[{"not_picked":["Barrage","Go for the Eyes"],"picked":"Ball Lightning","floor":2.0},{"not_picked":["Genetic Algorithm","Ball Lightning"],"picked":"ReplaySort","floor":3.0},{"not_picked":["Limit Break","All For One"],"picked":"Reaper","floor":6.0},{"not_picked":["Hyperbeam","All For One"],"picked":"Electrodynamics","floor":7.0},{"not_picked":["Core Surge","ReplayRNGCard"],"picked":"Echo Form","floor":8.0},{"not_picked":["All For One+1","Electrodynamics"],"picked":"ReplayTheSpireMod:Fabricate Wheel","floor":10.0},{"not_picked":["Limit Break","All For One+1"],"picked":"Reaper+1","floor":12.0},{"not_picked":["Machine Learning","All For One+1"],"picked":"Echo Form","floor":14.0},{"not_picked":["Multi-Cast","ReplayRNGCard"],"picked":"Seek","floor":16.0},{"not_picked":["Turbo","BasicCrystalCard","Panic Button"],"picked":"Singing Bowl","floor":18.0},{"not_picked":["Panic Button","Compile Driver+1"],"picked":"ReplayTheSpireMod:Calculation Training","floor":18.0},{"not_picked":["Genetic Algorithm","Barrage+1","Undo"],"picked":"Singing Bowl","floor":21.0},{"not_picked":["Doom and Gloom+1","Fusion","FTL+1"],"picked":"Singing Bowl","floor":21.0},{"not_picked":["ReplayTheSpireMod:Omega Cannon+1","Core Surge+1"],"picked":"Thunder Strike+1","floor":23.0},{"not_picked":["Core Surge+1","Thunder Strike+1"],"picked":"Echo Form","floor":24.0},{"not_picked":["ReplayTheSpireMod:Omega Cannon+1","Rainbow"],"picked":"Meteor Strike+1","floor":25.0},{"not_picked":["Reboot","Rainbow"],"picked":"Thunder Strike+1","floor":27.0},{"not_picked":["Stack+1","Sweeping Beam+1","Steam"],"picked":"Singing Bowl","floor":29.0},{"not_picked":["Hologram","White Noise"],"picked":"Loop","floor":29.0},{"not_picked":["All For One+1","Fission"],"picked":"ReplayTheSpireMod:Fabricate Wheel","floor":30.0},{"not_picked":["Amplify","Rainbow"],"picked":"Echo Form","floor":31.0},{"not_picked":["Fission","Meteor Strike+1","Biased Cognition"],"picked":"Singing Bowl","floor":33.0},{"not_picked":["Sweeping Beam+1","Stack"],"picked":"Capacitor","floor":35.0},{"not_picked":["Undo+1","Conserve Battery","Blizzard+1"],"picked":"Singing Bowl","floor":35.0},{"not_picked":["ReplayTheSpireMod:System Scan","Beam Cell+1"],"picked":"Echo Form","floor":35.0},{"not_picked":["Conserve Battery","Static Discharge"],"picked":"Self Repair+1","floor":37.0},{"not_picked":["Reinforced Body","Conserve Battery","Turbo"],"picked":"Singing Bowl","floor":37.0},{"not_picked":["Reprogram+1","Conserve Battery","Redo"],"picked":"Singing Bowl","floor":37.0},{"not_picked":["infinitespire:Menacing","infinitespire:Fortify"],"picked":"ReplayTheSpireMod:Haul","floor":38.0},{"not_picked":["All For One+1","ReplayTheSpireMod:Omega Cannon+1","Thunder Strike+1"],"picked":"Singing Bowl","floor":40.0},{"not_picked":["Reboot","Rainbow","Amplify"],"picked":"Singing Bowl","floor":41.0},{"not_picked":["Biased Cognition","Electrodynamics","All For One+1"],"picked":"Singing Bowl","floor":42.0},{"not_picked":["Hyperbeam+1","ReplayRNGCard"],"picked":"Buffer","floor":44.0},{"not_picked":["infinitespire:Menacing","infinitespire:SevenWalls"],"picked":"infinitespire:Starlight","floor":45.0},{"not_picked":["Electrodynamics","Biased Cognition","Hyperbeam+1"],"picked":"Singing Bowl","floor":45.0},{"not_picked":["Hyperbeam+1","ReplayTheSpireMod:Omega Cannon+1"],"picked":"Creative AI","floor":46.0},{"not_picked":["Hyperbeam+1","Seek","All For One+1"],"picked":"Singing Bowl","floor":48.0},{"not_picked":["All For One+1","Thunder Strike+1","Multi-Cast"],"picked":"Singing Bowl","floor":50.0},{"not_picked":["Machine Learning","Reboot"],"picked":"ReplayTheSpireMod:Fabricate Wheel","floor":51.0},{"not_picked":["Iron Wave+1","Lockon+1","Steam"],"picked":"Singing Bowl","floor":53},{"not_picked":["Chaos","Gash+1","Hologram"],"picked":"Singing Bowl","floor":53},{"not_picked":["Steam","Compile Driver+1"],"picked":"Time Bomb","floor":53}],"player_experience":122029,"relics_obtained":[{"floor":6.0,"key":"Torii"},{"floor":7.0,"key":"ReplayTheSpireMod:Shallot"},{"floor":8.0,"key":"Replay:Arrowhead"},{"floor":9.0,"key":"Molten Egg 2"},{"floor":10.0,"key":"Singing Bowl"},{"floor":12.0,"key":"Blood Vial"},{"floor":14.0,"key":"Whetstone"},{"floor":20.0,"key":"Ring of Greed"},{"floor":20.0,"key":"Replay:Bandana"},{"floor":20.0,"key":"infinitespire:Midas Blood"},{"floor":20.0,"key":"Ring of Shattering"},{"floor":23.0,"key":"Orichalcum"},{"floor":24.0,"key":"The Courier"},{"floor":25.0,"key":"infinitespire:PuzzleCube"},{"floor":26.0,"key":"Snack Pack"},{"floor":27.0,"key":"infinitespire:Golems Mask"},{"floor":30.0,"key":"Gambling Chip"},{"floor":31.0,"key":"infinitespire:Beetle Shell"},{"floor":39.0,"key":"Mummified Hand"},{"floor":40.0,"key":"Grinning Jar"},{"floor":41.0,"key":"Toy Ornithopter"},{"floor":42.0,"key":"Replay:Rubber Ducky"},{"floor":43.0,"key":"Replay:Accelerometer"},{"floor":44.0,"key":"infinitespire:Bottled Soul"},{"floor":45.0,"key":"Replay:Bottled Snecko"},{"floor":46.0,"key":"Replay:Wax Seal"},{"floor":48.0,"key":"Anchor"},{"floor":49.0,"key":"Replay:Bottled Eggs"}],"event_choices":[{"damage_healed":0.0,"max_hp_gain":0.0,"max_hp_loss":0.0,"gold_gain":0.0,"event_name":"Shining Light","player_choice":"Entered Light","floor":4.0,"gold_loss":0.0,"damage_taken":21.0,"cards_upgraded":["BasicCrystalCard","Conserve Battery"]},{"damage_healed":0.0,"max_hp_gain":0.0,"max_hp_loss":0.0,"gold_gain":0.0,"event_name":"Ghosts","player_choice":"Ignored","floor":19.0,"gold_loss":0.0,"damage_taken":0.0},{"damage_healed":0.0,"max_hp_gain":0.0,"max_hp_loss":0.0,"gold_gain":0.0,"event_name":"The Mausoleum","player_choice":"Opened","floor":32.0,"gold_loss":0.0,"damage_taken":0.0,"relics_obtained":["infinitespire:Lychee Nut"],"cards_obtained":["Writhe"]}],"is_beta":false,"boss_relics":[{"not_picked":["Ectoplasm","Snecko Eye"],"picked":"Replay:Wanted Poster"},{"not_picked":["Velvet Choker","Calling Bell"],"picked":"Astrolabe"},{"not_picked":["Honey Jar","ReplayTheSpireMod:SealedPack"],"picked":"Empty Cage"}],"items_purged_floors":[11,36,47],"is_endless":true,"potions_floor_spawned":[2,7,10,14,21,23,24,25,33,41,42,46,48,50,51],"killed_by":"Small Slimes","ascension_level":20}}