{"host":"l5xpox9cbdko122s","time":1611147091,"event":{"mods":["AchievementEnabler","BaseMod","Better Skull","Displayed Cursed Tome","Hermit","Minty Spire (QoL Compilation)","StSLib"],"gold_per_floor":[116,194,194,115,135,135,135,152,223,223,323,335,362,381,381,476,476,486,486,506,518,289,289,289],"floor_reached":23,"language":"ENG","playtime":1379,"items_purged":["hermit:Covet"],"score":191,"play_id":"fd18a0be-6ff3-48dd-8f63-d073e121b193","local_time":"20210120075131","is_ascension_mode":false,"campfire_choices":[{"floor":6,"key":"RECALL"},{"data":"hermit:Maintenance","floor":15,"key":"SMITH"}],"circlet_count":0,"master_deck":["hermit:Strike_Hermit","hermit:Strike_Hermit","hermit:Strike_Hermit","hermit:Strike_Hermit","hermit:Defend_Hermit","hermit:Defend_Hermit","hermit:Defend_Hermit","hermit:Defend_Hermit","hermit:Snapshot","hermit:Maintenance+1","hermit:HighCaliber","hermit:Gambit","hermit:HighCaliber"],"relics":["Philosopher\u0027s Stone","Potion Belt","Boot","Black Star","Tiny Chest"],"acts_visited":["Exordium","TheCity"],"potions_floor_usage":[12,16,20,21],"damage_taken":[{"damage":4,"enemies":"Small Slimes","floor":1,"turns":3},{"damage":7,"enemies":"Jaw Worm","floor":5,"turns":3},{"damage":0,"enemies":"Cultist","floor":8,"turns":3},{"damage":0,"enemies":"Looter","floor":12,"turns":3},{"damage":29,"enemies":"3 Sentries","floor":13,"turns":12},{"damage":0,"enemies":"Exordium Wildlife","floor":14,"turns":3},{"damage":33,"enemies":"Hexaghost","floor":16,"turns":8},{"damage":7,"enemies":"Shell Parasite","floor":18,"turns":8},{"damage":0,"enemies":"Chosen","floor":20,"turns":5},{"damage":11,"enemies":"Centurion and Healer","floor":21,"turns":6},{"damage":58,"enemies":"Book of Stabbing","floor":23,"turns":5}],"seed_played":"-817291591104205673","potions_obtained":[{"floor":8,"key":"LiquidMemories"},{"floor":14,"key":"FearPotion"},{"floor":18,"key":"SkillPotion"},{"floor":20,"key":"LiquidMemories"}],"is_trial":false,"path_per_floor":["M","?","?","$","M","R","$","M","T","?","?","M","E","M","R","B",null,"M","?","M","M","$","E"],"character_chosen":"HERMIT","items_purchased":["hermit:Maintenance","Tiny Chest"],"campfire_rested":0,"item_purchase_floors":[4,22],"current_hp_per_floor":[71,71,64,64,57,57,57,57,57,75,75,75,46,46,46,13,75,68,68,68,57,57,0,0],"gold":289,"neow_bonus":"BOSS_RELIC","is_daily":false,"chose_seed":false,"campfire_upgraded":1,"win_rate":0.0,"timestamp":1611147091,"path_taken":["M","?","?","?","M","R","$","M","T","?","?","M","E","M","R","BOSS","M","?","M","M","$","E"],"items_purchased_type":["Card","Relic"],"build_version":"2020-12-22","purchased_purges":1,"victory":false,"max_hp_per_floor":[75,75,75,75,75,75,75,75,75,75,75,75,75,75,75,75,75,75,75,75,75,75,75,75],"card_choices":[{"not_picked":["hermit:WideOpen","hermit:Roulette","hermit:Grudge"],"picked":"SKIP","floor":1},{"not_picked":["hermit:LowProfile","hermit:HoleUp","hermit:Dive"],"picked":"SKIP","floor":5},{"not_picked":["hermit:CalledShot","hermit:LuckOfTheDraw","hermit:BodyArmor"],"picked":"SKIP","floor":8},{"not_picked":["hermit:Desperado","hermit:WideOpen","hermit:TrackingShot"],"picked":"SKIP","floor":12},{"not_picked":["hermit:LuckOfTheDraw","hermit:Desperado"],"picked":"hermit:HighCaliber","floor":13},{"not_picked":["hermit:Snipe","hermit:HoleUp","hermit:Scavenge"],"picked":"SKIP","floor":14},{"not_picked":["hermit:OverwhelmingPower","hermit:Adapt"],"picked":"hermit:Gambit","floor":16},{"not_picked":["hermit:Snipe","hermit:HoleUp","hermit:TakeAim+1"],"picked":"SKIP","floor":18},{"not_picked":["hermit:LowProfile","hermit:ItchyTrigger","hermit:Snipe"],"picked":"SKIP","floor":20},{"not_picked":["hermit:Shortfuse","hermit:Snipe","hermit:CalledShot"],"picked":"SKIP","floor":21}],"player_experience":148319,"relics_obtained":[{"floor":13,"key":"Boot"}],"event_choices":[{"damage_healed":0,"gold_gain":78,"player_choice":"Gained Gold","damage_taken":0,"max_hp_gain":0,"max_hp_loss":0,"event_name":"Golden Wing","floor":2,"gold_loss":0},{"damage_healed":0,"gold_gain":0,"player_choice":"Success","damage_taken":7,"relics_obtained":["Potion Belt"],"max_hp_gain":0,"max_hp_loss":0,"event_name":"Scrap Ooze","floor":3,"gold_loss":0},{"damage_healed":25,"gold_gain":0,"player_choice":"Banana","damage_taken":0,"max_hp_gain":0,"max_hp_loss":0,"event_name":"Big Fish","floor":10,"gold_loss":0},{"damage_healed":0,"gold_gain":100,"player_choice":"Pray","damage_taken":0,"max_hp_gain":0,"max_hp_loss":0,"event_name":"Golden Shrine","floor":11,"gold_loss":0},{"damage_healed":0,"gold_gain":0,"player_choice":"Read","damage_taken":0,"max_hp_gain":0,"max_hp_loss":0,"event_name":"The Library","floor":19,"gold_loss":0,"cards_obtained":["hermit:HighCaliber"]}],"is_beta":false,"boss_relics":[{"not_picked":["SacredBark","Astrolabe"],"picked":"Black Star"}],"items_purged_floors":[22],"is_endless":false,"potions_floor_spawned":[8,14,18,20],"killed_by":"Book of Stabbing","ascension_level":0}}