{"host":"8ztb9kwpjc2zof9s","time":1611119563,"event":{"mods":["BaseMod","Block Reminder","Curses Come First","Minty Spire (QoL Compilation)","Relic Stats","StSLib"],"gold_per_floor":[115,115,129,145,145,170,185,185,185,110,110,110],"floor_reached":11,"language":"ENG","playtime":250,"items_purged":["Strike_P"],"score":84,"play_id":"92a67077-1a96-4a97-8100-4e43e7fac3a0","local_time":"20210119211243","is_ascension_mode":true,"campfire_choices":[{"data":"Consecrate","floor":8,"key":"SMITH"}],"circlet_count":0,"master_deck":["Strike_P+1","Strike_P","Strike_P+1","Defend_P","Defend_P","Defend_P","Eruption+1","Vigilance","Crescendo","Consecrate+1"],"relics":["PureWater","Whetstone","CeramicFish"],"acts_visited":[],"potions_floor_usage":[6],"damage_taken":[{"damage":0.0,"enemies":"Small Slimes","floor":1.0,"turns":3.0},{"damage":0,"enemies":"Cultist","floor":3,"turns":3},{"damage":0,"enemies":"2 Louse","floor":4,"turns":2},{"damage":42,"enemies":"Gremlin Nob","floor":6,"turns":5},{"damage":0,"enemies":"Exordium Thugs","floor":7,"turns":1},{"damage":37,"enemies":"3 Sentries","floor":11,"turns":3}],"seed_played":"480445659381332427","potions_obtained":[{"floor":4,"key":"Fire Potion"}],"is_trial":false,"path_per_floor":["M","?","M","M","?","E","M","R","T","$","E"],"character_chosen":"WATCHER","items_purchased":[],"campfire_rested":0,"item_purchase_floors":[],"current_hp_per_floor":[72,72,72,72,72,30,30,30,30,30,0,0],"gold":110,"neow_bonus":"REMOVE_CARD","is_daily":false,"chose_seed":false,"campfire_upgraded":1,"win_rate":0.0,"timestamp":1611119563,"path_taken":["M","?","M","?","?","E","M","R","T","$","E"],"items_purchased_type":[],"build_version":"2020-12-22","purchased_purges":1,"victory":false,"max_hp_per_floor":[72,72,72,72,72,72,72,72,72,72,72,72],"relic_stats":{"counters":[5,14],"CeramicFish":0,"Whetstone":["Strike_P","Strike_P"],"obtain_stats":[{"CeramicFish":9,"Whetstone":6,"PureWater":0},{"CeramicFish":4,"Whetstone":3,"PureWater":0},{"CeramicFish":11,"Whetstone":10,"PureWater":0}]},"card_choices":[{"not_picked":["Halt","PathToVictory","ThirdEye"],"picked":"SKIP","floor":1.0},{"not_picked":["Consecrate","CrushJoints","Ragnarok"],"picked":"SKIP","floor":3},{"not_picked":["Evaluate","CutThroughFate","InnerPeace"],"picked":"SKIP","floor":4},{"not_picked":["ThirdEye","Consecrate"],"picked":"Crescendo","floor":6},{"not_picked":["CrushJoints","WheelKick"],"picked":"Consecrate","floor":7}],"player_experience":265446,"relics_obtained":[{"floor":6,"key":"Whetstone"},{"floor":9,"key":"CeramicFish"}],"event_choices":[{"damage_healed":0,"gold_gain":0,"player_choice":"Ignored","damage_taken":0,"max_hp_gain":0,"max_hp_loss":0,"event_name":"Transmorgrifier","floor":2,"gold_loss":0},{"damage_healed":0,"gold_gain":0,"player_choice":"Forge","damage_taken":0,"max_hp_gain":0,"max_hp_loss":0,"event_name":"Accursed Blacksmith","floor":5,"gold_loss":0,"cards_upgraded":["Eruption"]}],"is_beta":false,"boss_relics":[],"items_purged_floors":[10],"is_endless":false,"potions_floor_spawned":[4],"killed_by":"3 Sentries","ascension_level":3}}