{"host":"s3s7xsmblwiz356v","time":1611126783,"event":{"mods":["AchievementEnabler","BaseMod","Block Reminder","Colored Map","Colored Powertips","Minty Spire (QoL Compilation)"],"gold_per_floor":[212,212,228,30,41,67,67,108,134,148,148,168,193,214,214,296,368,384,429,429,463,472,472,24,60,85,123,123,144,84,128,128,211,211,237,237,254,1271,807,847,284,284,284,284,311,348,373,407,407,407,407,407,33,67,67],"floor_reached":56,"language":"ENG","playtime":6411,"items_purged":["Normality","Normality"],"score":2287,"play_id":"200f9a18-3b95-49a2-80fe-c44020a823fa","local_time":"20210120021303","is_ascension_mode":true,"campfire_choices":[{"data":"Bash","floor":7.0,"key":"SMITH"},{"data":"Anger","floor":11.0,"key":"SMITH"},{"data":"Clothesline","floor":15.0,"key":"SMITH"},{"data":"J.A.X.","floor":23.0,"key":"SMITH"},{"data":"Rupture","floor":32.0,"key":"SMITH"},{"data":"Heavy Blade","floor":42.0,"key":"SMITH"},{"floor":49.0,"key":"RECALL"},{"data":"Offering","floor":52.0,"key":"SMITH"}],"circlet_count":0,"master_deck":["AscendersBane","Bash+1","Anger+1","Pommel Strike","Shrug It Off","Inflame","Shrug It Off","Clothesline+1","Offering+1","Twin Strike","Heavy Blade+1","Flame Barrier","Hemokinesis","Sword Boomerang","Feel No Pain","Warcry","Ghostly","Ghostly","Ghostly","Ghostly","Ghostly","Battle Trance+1","J.A.X.+1","Power Through","Rupture+1","Warcry+1","Warcry+1","Rupture","Rupture","Double Tap+1","Dual Wield+1","Secret Weapon+1","Flame Barrier+1","Power Through+1","Spot Weakness+1","Intimidate+1","Exhume+1","Whirlwind+1","Shrug It Off+1","Sword Boomerang+1","Hemokinesis","Havoc+1","Warcry+1","Bloodletting+1","Dark Shackles+1","Brutality"],"relics":["Burning Blood","Frozen Eye","Strawberry","CeramicFish","Potion Belt","Art of War","Pandora\u0027s Box","Red Mask","White Beast Statue","ClockworkSouvenir","MealTicket","Oddly Smooth Stone","Toxic Egg 2","Ancient Tea Set","Gremlin Horn","SlaversCollar","Toolbox","CaptainsWheel","Akabeko","Shuriken","Meat on the Bone","Bronze Scales","Orrery","Toy Ornithopter"],"acts_visited":["Exordium","TheCity","TheBeyond","TheEnding"],"potions_floor_usage":[55,55,55],"damage_taken":[{"damage":0.0,"enemies":"Small Slimes","floor":1.0,"turns":4.0},{"damage":0.0,"enemies":"Cultist","floor":3.0,"turns":2.0},{"damage":0.0,"enemies":"2 Louse","floor":5.0,"turns":3.0},{"damage":29.0,"enemies":"3 Sentries","floor":6.0,"turns":7.0},{"damage":5.0,"enemies":"Gremlin Nob","floor":8.0,"turns":3.0},{"damage":20.0,"enemies":"Large Slime","floor":10.0,"turns":5.0},{"damage":1.0,"enemies":"3 Louse","floor":12.0,"turns":4.0},{"damage":25.0,"enemies":"3 Sentries","floor":13.0,"turns":9.0},{"damage":4.0,"enemies":"Exordium Thugs","floor":14.0,"turns":5.0},{"damage":9.0,"enemies":"The Guardian","floor":16.0,"turns":12.0},{"damage":10.0,"enemies":"Spheric Guardian","floor":18.0,"turns":4.0},{"damage":7.0,"enemies":"Masked Bandits","floor":21.0,"turns":5.0},{"damage":4.0,"enemies":"Book of Stabbing","floor":25.0,"turns":5.0},{"damage":8.0,"enemies":"Slavers","floor":27.0,"turns":7.0},{"damage":4.0,"enemies":"Chosen","floor":29.0,"turns":6.0},{"damage":8.0,"enemies":"Gremlin Leader","floor":31.0,"turns":6.0},{"damage":5.0,"enemies":"Automaton","floor":33.0,"turns":6.0},{"damage":5.0,"enemies":"3 Darklings","floor":35.0,"turns":6.0},{"damage":5.0,"enemies":"3 Shapes","floor":37.0,"turns":6.0},{"damage":12.0,"enemies":"Giant Head","floor":40.0,"turns":6.0},{"damage":3.0,"enemies":"Spire Growth","floor":45.0,"turns":4.0},{"damage":4.0,"enemies":"Reptomancer","floor":46.0,"turns":6.0},{"damage":0.0,"enemies":"4 Shapes","floor":47.0,"turns":3.0},{"damage":9.0,"enemies":"Nemesis","floor":48.0,"turns":3.0},{"damage":23.0,"enemies":"Awakened One","floor":50.0,"turns":8.0},{"damage":5,"enemies":"Shield and Spear","floor":54,"turns":3},{"damage":54,"enemies":"The Heart","floor":55,"turns":8}],"seed_played":"9102369585435093080","potions_obtained":[{"floor":6.0,"key":"DuplicationPotion"},{"floor":10.0,"key":"Fire Potion"},{"floor":13.0,"key":"Strength Potion"},{"floor":14.0,"key":"GamblersBrew"},{"floor":25.0,"key":"Strength Potion"},{"floor":27.0,"key":"AttackPotion"},{"floor":29.0,"key":"Swift Potion"},{"floor":33.0,"key":"Fire Potion"},{"floor":37.0,"key":"DuplicationPotion"},{"floor":40.0,"key":"FearPotion"},{"floor":45.0,"key":"Energy Potion"},{"floor":47.0,"key":"SkillPotion"},{"floor":48.0,"key":"Dexterity Potion"},{"floor":54,"key":"Explosive Potion"}],"is_trial":false,"path_per_floor":["M","?","M","$","M","E","R","E","T","M","R","M","E","M","R","B",null,"M","?","?","?","?","R","$","E","T","E","T","M","$","E","R","B",null,"M","?","M","?","$","E","$","R","T","?","M","E","M","E","R","B",null,"R","$","E","B",null],"character_chosen":"IRONCLAD","items_purchased":["Frozen Eye","BlessingOfTheForge","White Beast Statue","Power Through","ClockworkSouvenir","Rupture","Secret Weapon+1","Toolbox","Flame Barrier+1","Spot Weakness+1","Akabeko","Shuriken","Orrery","FairyPotion","Bloodletting+1","Dark Shackles+1"],"campfire_rested":0,"item_purchase_floors":[4,4,24,24,24,30,39,39,39,41,41,41,53,53,53,53],"current_hp_per_floor":[78,78,80,80,80,64,64,65,65,51,51,56,37,39,39,36,74,70,43,43,42,42,42,42,43,43,41,41,43,43,41,41,42,43,43,43,43,43,43,37,43,43,43,43,43,43,43,40,40,35,41,41,43,43,34],"gold":67,"neow_bonus":"HUNDRED_GOLD","is_daily":false,"chose_seed":false,"campfire_upgraded":7,"win_rate":0.0,"timestamp":1611126783,"path_taken":["M","?","M","$","M","E","R","E","T","?","R","M","E","M","R","BOSS","M","?","?","?","?","R","$","E","T","E","?","M","?","E","R","BOSS","M","?","?","?","$","E","$","R","T","?","?","E","M","E","R","BOSS","R","$","E","BOSS"],"items_purchased_type":["Relic","Potion","Relic","Card","Relic","Card","Card","Relic","Card","Card","Relic","Relic","Relic","Potion","Card","Card"],"build_version":"2020-12-22","purchased_purges":2,"victory":true,"max_hp_per_floor":[80,80,80,80,80,87,87,87,87,87,87,87,87,87,87,87,87,87,43,43,43,43,43,43,43,43,43,43,43,43,43,43,43,43,43,43,43,43,43,43,43,43,43,43,43,43,43,43,43,43,43,43,43,43,43],"card_choices":[{"not_picked":["Thunderclap","Sentinel"],"picked":"Anger","floor":1.0},{"not_picked":["Iron Wave","Feel No Pain"],"picked":"Shrug It Off","floor":3.0},{"not_picked":["Heavy Blade","Intimidate"],"picked":"Inflame","floor":5.0},{"not_picked":["Sentinel","Body Slam","Thunderclap"],"picked":"SKIP","floor":6.0},{"not_picked":["Carnage","Bludgeon"],"picked":"Shrug It Off","floor":8.0},{"not_picked":["Headbutt","Heavy Blade","Iron Wave"],"picked":"SKIP","floor":10.0},{"not_picked":["Entrench","Blood for Blood"],"picked":"Metallicize","floor":12.0},{"not_picked":["Dark Embrace","Feel No Pain","Metallicize"],"picked":"SKIP","floor":13.0},{"not_picked":["Bloodletting","Headbutt"],"picked":"Clothesline","floor":14.0},{"not_picked":["Demon Form","Reaper"],"picked":"Offering","floor":16.0},{"not_picked":["Iron Wave","Infernal Blade","Anger"],"picked":"SKIP","floor":18.0},{"not_picked":["Uppercut","Infernal Blade"],"picked":"Battle Trance+1","floor":21.0},{"not_picked":["Heavy Blade","Berserk"],"picked":"Rupture","floor":25.0},{"not_picked":["Thunderclap","Wild Strike+1"],"picked":"Warcry+1","floor":27.0},{"not_picked":["Shrug It Off+1","Sentinel+1"],"picked":"Warcry+1","floor":29.0},{"not_picked":["Warcry+1","Havoc+1"],"picked":"Rupture","floor":31.0},{"not_picked":["Feed","Fiend Fire"],"picked":"Double Tap+1","floor":33.0},{"not_picked":["Sentinel+1","Perfected Strike"],"picked":"Dual Wield+1","floor":35.0},{"not_picked":["Carnage","Cleave","Iron Wave"],"picked":"SKIP","floor":37.0},{"not_picked":["Bludgeon","Flex+1"],"picked":"Power Through+1","floor":40.0},{"not_picked":["Burning Pact+1","Clothesline"],"picked":"Intimidate+1","floor":45.0},{"not_picked":["Thunderclap+1","Clothesline"],"picked":"Exhume+1","floor":46.0},{"not_picked":["Flame Barrier+1","Evolve"],"picked":"Whirlwind+1","floor":47.0},{"not_picked":["Fire Breathing","Body Slam"],"picked":"Shrug It Off+1","floor":48.0},{"not_picked":["Sever Soul","Rage+1"],"picked":"Sword Boomerang+1","floor":53},{"not_picked":["Body Slam+1","Intimidate+1"],"picked":"Hemokinesis","floor":53},{"not_picked":["Body Slam","Burning Pact+1"],"picked":"Havoc+1","floor":53},{"not_picked":["Rage+1","Spot Weakness+1"],"picked":"Warcry+1","floor":53},{"not_picked":["Twin Strike+1","Clothesline+1"],"picked":"Brutality","floor":54}],"player_experience":454157,"relics_obtained":[{"floor":6.0,"key":"Strawberry"},{"floor":8.0,"key":"CeramicFish"},{"floor":9.0,"key":"Potion Belt"},{"floor":13.0,"key":"Art of War"},{"floor":21.0,"key":"Red Mask"},{"floor":25.0,"key":"MealTicket"},{"floor":26.0,"key":"Oddly Smooth Stone"},{"floor":27.0,"key":"Toxic Egg 2"},{"floor":28.0,"key":"Ancient Tea Set"},{"floor":31.0,"key":"Gremlin Horn"},{"floor":40.0,"key":"CaptainsWheel"},{"floor":46.0,"key":"Meat on the Bone"},{"floor":48.0,"key":"Bronze Scales"},{"floor":54,"key":"Toy Ornithopter"}],"event_choices":[{"damage_healed":0.0,"max_hp_gain":0.0,"max_hp_loss":0.0,"gold_gain":0.0,"cards_transformed":["Defend_R"],"event_name":"Transmorgrifier","player_choice":"Transformed","floor":2.0,"gold_loss":0.0,"damage_taken":0.0,"cards_obtained":["Pommel Strike"]},{"damage_healed":0.0,"max_hp_gain":0.0,"max_hp_loss":44.0,"gold_gain":0.0,"event_name":"Ghosts","player_choice":"Became a Ghost","floor":19.0,"gold_loss":0.0,"damage_taken":0.0,"cards_obtained":["Ghostly","Ghostly","Ghostly","Ghostly","Ghostly"]},{"cards_removed":["Double Tap"],"damage_healed":0.0,"max_hp_gain":0.0,"max_hp_loss":0.0,"gold_gain":0.0,"event_name":"Back to Basics","player_choice":"Elegance","floor":20.0,"gold_loss":0.0,"damage_taken":0.0},{"damage_healed":0.0,"max_hp_gain":0.0,"max_hp_loss":0.0,"gold_gain":0.0,"event_name":"Masked Bandits","player_choice":"Fought Bandits","floor":21.0,"gold_loss":0.0,"damage_taken":0.0},{"damage_healed":0.0,"max_hp_gain":0.0,"max_hp_loss":0.0,"gold_gain":0.0,"event_name":"Drug Dealer","player_choice":"Obtain J.A.X.","floor":22.0,"gold_loss":0.0,"damage_taken":0.0,"cards_obtained":["J.A.X."]},{"cards_removed":["Metallicize"],"damage_healed":0.0,"max_hp_gain":0.0,"max_hp_loss":0.0,"gold_gain":0.0,"event_name":"Purifier","player_choice":"Purged","floor":36.0,"gold_loss":0.0,"damage_taken":0.0},{"damage_healed":0.0,"max_hp_gain":0.0,"max_hp_loss":0.0,"gold_gain":999.0,"event_name":"MindBloom","player_choice":"Gold","floor":38.0,"gold_loss":0.0,"damage_taken":0.0,"cards_obtained":["Normality","Normality"]},{"damage_healed":0.0,"max_hp_gain":0.0,"max_hp_loss":0.0,"gold_gain":0.0,"event_name":"Wheel of Change","player_choice":"Full Heal","floor":44.0,"gold_loss":0.0,"damage_taken":0.0}],"is_beta":false,"boss_relics":[{"not_picked":["Black Star","Mark of Pain"],"picked":"Pandora\u0027s Box"},{"not_picked":["Busted Crown","SacredBark"],"picked":"SlaversCollar"}],"items_purged_floors":[39,41],"is_endless":false,"potions_floor_spawned":[6,10,13,14,25,27,29,31,33,35,37,40,45,46,47,48,54],"ascension_level":13}}