{"host":"3zmssa4s99zhxek5","time":1611110880,"event":{"mods":["AchievementEnabler","BaseMod","Minty Spire (QoL Compilation)","Permanent Neow","Relic Stats"],"gold_per_floor":[110,122,133,133,145,145,156,156,156,156,175,209,226,226,226],"floor_reached":14,"language":"KOR","playtime":580,"items_purged":[],"score":188,"play_id":"e482ad33-862d-46ea-adb3-03850755415a","local_time":"20210120114800","is_ascension_mode":true,"campfire_choices":[{"data":"Perfected Strike","floor":6.0,"key":"SMITH"},{"data":"Perfected Strike","floor":8.0,"key":"SMITH"}],"circlet_count":0,"master_deck":["AscendersBane","Strike_R","Strike_R","Strike_R","Strike_R","Strike_R","Defend_R","Defend_R","Defend_R","Defend_R","Bash","Heavy Blade","Limit Break","Perfected Strike+1","Perfected Strike+1","Metallicize","Dual Wield","Disarm","Inflame"],"relics":["Snecko Eye","White Beast Statue","InkBottle","Art of War"],"acts_visited":["Exordium"],"potions_floor_usage":[14],"damage_taken":[{"damage":1.0,"enemies":"Cultist","floor":1.0,"turns":3.0},{"damage":0.0,"enemies":"Small Slimes","floor":2.0,"turns":2.0},{"damage":10.0,"enemies":"2 Louse","floor":3.0,"turns":4.0},{"damage":3.0,"enemies":"Blue Slaver","floor":5.0,"turns":2.0},{"damage":1.0,"enemies":"3 Louse","floor":7.0,"turns":2.0},{"damage":16.0,"enemies":"Lots of Slimes","floor":11.0,"turns":4.0},{"damage":10.0,"enemies":"Lagavulin","floor":12.0,"turns":3.0},{"damage":11.0,"enemies":"Blue Slaver","floor":13.0,"turns":3.0},{"damage":25,"enemies":"3 Sentries","floor":14,"turns":4}],"seed_played":"-2453898018741663759","potions_obtained":[{"floor":1.0,"key":"SkillPotion"},{"floor":7.0,"key":"Strength Potion"},{"floor":11.0,"key":"FearPotion"},{"floor":12.0,"key":"CultistPotion"}],"is_trial":false,"path_per_floor":["M","M","M","$","M","R","M","R","T","T","M","E","M","E"],"character_chosen":"IRONCLAD","items_purchased":[],"campfire_rested":0,"item_purchase_floors":[],"current_hp_per_floor":[67,67,57,57,54,54,53,53,53,53,37,27,16,0,0],"gold":226,"neow_bonus":"BOSS_RELIC","is_daily":false,"chose_seed":false,"campfire_upgraded":2,"win_rate":0.0,"timestamp":1611110880,"path_taken":["M","M","M","$","M","R","M","R","T","?","M","E","?","E"],"items_purchased_type":[],"build_version":"2020-12-22","purchased_purges":0,"victory":false,"max_hp_per_floor":[75,75,75,75,75,75,75,75,75,75,75,75,75,75,75],"relic_stats":{"counters":[9,27],"Snecko Eye":[44,37,49,50],"Art of War":[1],"obtain_stats":[{"Snecko Eye":0,"Art of War":12,"Burning Blood":0,"White Beast Statue":9,"InkBottle":10},{"Snecko Eye":0,"Art of War":7,"Burning Blood":0,"White Beast Statue":5,"InkBottle":5},{"Snecko Eye":0,"Art of War":20,"Burning Blood":0,"White Beast Statue":13,"InkBottle":13}],"InkBottle":[3]},"card_choices":[{"not_picked":["Rampage","Shrug It Off"],"picked":"Heavy Blade","floor":1.0},{"not_picked":["Twin Strike","Armaments"],"picked":"Limit Break","floor":2.0},{"not_picked":["Cleave","Headbutt"],"picked":"Perfected Strike","floor":3.0},{"not_picked":["Dual Wield","Iron Wave"],"picked":"Perfected Strike","floor":5.0},{"not_picked":["Shrug It Off","Entrench"],"picked":"Metallicize","floor":7.0},{"not_picked":["Wild Strike","Dropkick"],"picked":"Dual Wield","floor":11.0},{"not_picked":["Warcry","Anger"],"picked":"Disarm","floor":12.0},{"not_picked":["Twin Strike","True Grit"],"picked":"Inflame","floor":13.0}],"player_experience":1540812,"relics_obtained":[{"floor":9.0,"key":"White Beast Statue"},{"floor":10.0,"key":"InkBottle"},{"floor":12.0,"key":"Art of War"}],"event_choices":[],"is_beta":false,"boss_relics":[],"items_purged_floors":[],"is_endless":false,"potions_floor_spawned":[1,7,11,12,13],"killed_by":"3 Sentries","ascension_level":20}}