{"host":"j4g6ia6asvpyu2b0","time":1611153816,"event":{"mods":["BaseMod","Colored Map","Minty Spire (QoL Compilation)","Permanent Neow","Quick Restart","Relic Stats","StSLib","Unceasing Turn Reminder"],"gold_per_floor":[118,135,153,163,176,176,23,51,106,122,165,193,193,228,228,303,303,313,673,692,712,712,712,743,762,830,532,561,579,579,593,593,668,668,684,513,526,85,85,116,116,147,147,178,178,210,223,236,236,236,236,236,36,65,65,65],"floor_reached":55,"language":"ENG","playtime":2018,"items_purged":["Strike_R","Strike_R","Strike_R"],"score":1530,"play_id":"e7215bca-7faf-4aaa-9abe-96e36cf576cb","local_time":"20210120074336","is_ascension_mode":true,"campfire_choices":[{"data":"Uppercut","floor":6.0,"key":"SMITH"},{"data":"Bash","floor":13.0,"key":"SMITH"},{"data":"Body Slam","floor":15.0,"key":"SMITH"},{"data":"Corruption","floor":23.0,"key":"SMITH"},{"data":"Juggernaut","floor":30.0,"key":"SMITH"},{"data":"Dark Embrace","floor":32.0,"key":"SMITH"},{"data":"Demon Form","floor":41.0,"key":"SMITH"},{"floor":49.0,"key":"RECALL"},{"data":"Feel No Pain","floor":52.0,"key":"SMITH"}],"circlet_count":0,"master_deck":["AscendersBane","Strike_R","Strike_R","Defend_R","Defend_R","Defend_R","Defend_R","Bash+1","Uppercut+1","Flame Barrier","Spot Weakness","Shrug It Off","Sword Boomerang+1","Clothesline","Spot Weakness","Twin Strike","Body Slam+1","Corruption+1","Pommel Strike+1","Juggernaut+1","Disarm","Pommel Strike","Anger+1","Evolve","Dark Embrace+1","Double Tap","Body Slam","Shrug It Off","Ghostly Armor+1","Demon Form+1","Havoc","Feel No Pain+1","Shockwave","Metallicize","Havoc","Madness","Madness","Whirlwind","Shockwave"],"relics":["Burning Blood","Vajra","Toolbox","Pocketwatch","Anchor","Odd Mushroom","Meat on the Bone","Boot","Runic Pyramid","MutagenicStrength","Prayer Wheel","Lantern","StrikeDummy","Busted Crown","Calipers","InkBottle","Whetstone","Charon\u0027s Ashes","Orichalcum","HornCleat","Art of War"],"acts_visited":["Exordium","TheCity","TheBeyond","TheEnding"],"potions_floor_usage":[55,55],"damage_taken":[{"damage":7.0,"enemies":"Jaw Worm","floor":1.0,"turns":3.0},{"damage":4.0,"enemies":"Cultist","floor":2.0,"turns":4.0},{"damage":1.0,"enemies":"2 Louse","floor":3.0,"turns":3.0},{"damage":18.0,"enemies":"Large Slime","floor":4.0,"turns":6.0},{"damage":1.0,"enemies":"2 Fungi Beasts","floor":5.0,"turns":4.0},{"damage":13.0,"enemies":"Gremlin Nob","floor":8.0,"turns":4.0},{"damage":0.0,"enemies":"Looter","floor":10.0,"turns":2.0},{"damage":18.0,"enemies":"The Mushroom Lair","floor":11.0,"turns":4.0},{"damage":12.0,"enemies":"Lagavulin","floor":12.0,"turns":6.0},{"damage":0.0,"enemies":"3 Sentries","floor":14.0,"turns":5.0},{"damage":40.0,"enemies":"Hexaghost","floor":16.0,"turns":6.0},{"damage":0.0,"enemies":"Chosen","floor":18.0,"turns":4.0},{"damage":1.0,"enemies":"3 Byrds","floor":20.0,"turns":3.0},{"damage":0.0,"enemies":"Snecko","floor":21.0,"turns":3.0},{"damage":33.0,"enemies":"Book of Stabbing","floor":24.0,"turns":6.0},{"damage":1.0,"enemies":"Cultist and Chosen","floor":25.0,"turns":4.0},{"damage":24.0,"enemies":"Slavers","floor":28.0,"turns":4.0},{"damage":0.0,"enemies":"3 Cultists","floor":29.0,"turns":5.0},{"damage":0.0,"enemies":"Centurion and Healer","floor":31.0,"turns":3.0},{"damage":58.0,"enemies":"Collector","floor":33.0,"turns":8.0},{"damage":49.0,"enemies":"3 Darklings","floor":35.0,"turns":5.0},{"damage":0.0,"enemies":"Orb Walker","floor":37.0,"turns":2.0},{"damage":0.0,"enemies":"Nemesis","floor":40.0,"turns":6.0},{"damage":0.0,"enemies":"Giant Head","floor":42.0,"turns":5.0},{"damage":20.0,"enemies":"Nemesis","floor":44.0,"turns":5.0},{"damage":3.0,"enemies":"Giant Head","floor":46.0,"turns":4.0},{"damage":0.0,"enemies":"Sphere and 2 Shapes","floor":47.0,"turns":3.0},{"damage":0.0,"enemies":"3 Darklings","floor":48.0,"turns":6.0},{"damage":16.0,"enemies":"Donu and Deca","floor":50.0,"turns":6.0},{"damage":44,"enemies":"Shield and Spear","floor":54,"turns":5},{"damage":61,"enemies":"The Heart","floor":55,"turns":5}],"seed_played":"5970715920298531289","potions_obtained":[{"floor":1.0,"key":"DistilledChaos"},{"floor":3.0,"key":"EntropicBrew"},{"floor":10.0,"key":"ColorlessPotion"},{"floor":14.0,"key":"BlessingOfTheForge"},{"floor":16.0,"key":"BlessingOfTheForge"},{"floor":21.0,"key":"Explosive Potion"},{"floor":24.0,"key":"BloodPotion"},{"floor":28.0,"key":"BlessingOfTheForge"},{"floor":40.0,"key":"SkillPotion"},{"floor":44.0,"key":"CultistPotion"}],"is_trial":false,"path_per_floor":["M","M","M","M","M","R","$","E","T","M","?","E","R","E","R","B",null,"M","?","M","M","?","R","E","M","T","$","E","M","R","M","R","B",null,"M","$","M","$","?","E","R","E","T","E","?","E","M","M","R","B",null,"R","$","E","B"],"character_chosen":"IRONCLAD","items_purchased":["Toolbox","Lantern","Dark Embrace","Feel No Pain","Calipers","Metallicize","PowerPotion","Shockwave"],"campfire_rested":0,"item_purchase_floors":[7,27,27,36,38,38,38,53],"current_hp_per_floor":[71,73,78,66,71,71,71,64,64,70,58,52,52,58,58,36,69,75,39,56,62,62,62,47,52,52,52,46,52,52,58,58,34,69,38,38,56,56,56,62,62,68,68,54,44,47,53,59,59,49,72,72,72,46,0,0],"gold":65,"neow_bonus":"RANDOM_COMMON_RELIC","is_daily":false,"chose_seed":false,"campfire_upgraded":8,"win_rate":0.0,"timestamp":1611153816,"path_taken":["M","M","M","M","M","R","$","E","T","M","?","E","R","E","R","BOSS","M","?","M","?","?","R","E","M","T","$","E","M","R","M","R","BOSS","M","$","M","$","?","E","R","E","T","E","?","E","M","M","R","BOSS","R","$","E","BOSS"],"items_purchased_type":["Relic","Relic","Card","Card","Relic","Card","Potion","Card"],"build_version":"2020-12-22","purchased_purges":3,"victory":false,"max_hp_per_floor":[80,80,80,80,80,80,80,80,80,80,80,80,80,80,80,80,80,80,80,80,80,80,80,80,80,80,80,80,80,80,80,80,80,80,80,80,80,80,80,80,80,80,80,80,80,80,80,80,80,80,80,80,80,80,80,80],"relic_stats":{"counters":[31,139],"Charon\u0027s Ashes":[329],"Whetstone":["Sword Boomerang","Pommel Strike"],"Orichalcum":[24],"Boot":[28],"Burning Blood":180,"Busted Crown":26,"Prayer Wheel":7,"Art of War":[1],"obtain_stats":[{"Lantern":27,"Calipers":38,"Vajra":0,"Charon\u0027s Ashes":43,"Whetstone":42,"Odd Mushroom":11,"Orichalcum":44,"Boot":14,"Burning Blood":0,"Anchor":9,"Busted Crown":34,"HornCleat":46,"MutagenicStrength":22,"Toolbox":7,"Prayer Wheel":24,"Art of War":54,"StrikeDummy":28,"InkBottle":40,"Pocketwatch":8,"Meat on the Bone":12,"Runic Pyramid":17},{"Lantern":16,"Calipers":22,"Vajra":0,"Charon\u0027s Ashes":24,"Whetstone":24,"Odd Mushroom":8,"Orichalcum":25,"Boot":10,"Burning Blood":0,"Anchor":6,"Busted Crown":20,"HornCleat":26,"MutagenicStrength":14,"Toolbox":5,"Prayer Wheel":15,"Art of War":30,"StrikeDummy":17,"InkBottle":23,"Pocketwatch":6,"Meat on the Bone":9,"Runic Pyramid":11},{"Lantern":67,"Calipers":94,"Vajra":0,"Charon\u0027s Ashes":105,"Whetstone":105,"Odd Mushroom":30,"Orichalcum":110,"Boot":41,"Burning Blood":0,"Anchor":24,"Busted Crown":87,"HornCleat":114,"MutagenicStrength":57,"Toolbox":20,"Prayer Wheel":63,"Art of War":134,"StrikeDummy":71,"InkBottle":100,"Pocketwatch":24,"Meat on the Bone":36,"Runic Pyramid":47}],"InkBottle":[21],"Pocketwatch":[68],"Meat on the Bone":96},"card_choices":[{"not_picked":["Burning Pact","Wild Strike"],"picked":"Uppercut","floor":1.0},{"not_picked":["Pommel Strike","Wild Strike"],"picked":"Flame Barrier","floor":2.0},{"not_picked":["Anger","Rampage"],"picked":"Spot Weakness","floor":3.0},{"not_picked":["Perfected Strike","Body Slam"],"picked":"Shrug It Off","floor":4.0},{"not_picked":["Perfected Strike","Sentinel"],"picked":"Sword Boomerang","floor":5.0},{"not_picked":["Ghostly Armor","Clash"],"picked":"Clothesline","floor":8.0},{"not_picked":["Sword Boomerang","Anger"],"picked":"Spot Weakness","floor":10.0},{"not_picked":["Rage","Ghostly Armor"],"picked":"Carnage","floor":11.0},{"not_picked":["Wild Strike","True Grit"],"picked":"Twin Strike","floor":12.0},{"not_picked":["Twin Strike","Wild Strike"],"picked":"Body Slam","floor":14.0},{"not_picked":["Brutality","Exhume"],"picked":"Corruption","floor":16.0},{"not_picked":["Perfected Strike+1","Wild Strike"],"picked":"Pommel Strike","floor":18.0},{"not_picked":["Uppercut","Twin Strike"],"picked":"Juggernaut","floor":20.0},{"not_picked":["Iron Wave","Perfected Strike"],"picked":"Disarm","floor":21.0},{"not_picked":["True Grit","Clash"],"picked":"Pommel Strike","floor":24.0},{"not_picked":["Wild Strike","Clash+1"],"picked":"Anger+1","floor":25.0},{"not_picked":["Dropkick","Pommel Strike"],"picked":"Evolve","floor":25.0},{"not_picked":["Sentinel","Iron Wave"],"picked":"Double Tap","floor":28.0},{"not_picked":["Heavy Blade","Sword Boomerang"],"picked":"Body Slam","floor":29.0},{"not_picked":["Dropkick","Rampage","Warcry"],"picked":"SKIP","floor":29.0},{"not_picked":["Armaments","Burning Pact"],"picked":"Shrug It Off","floor":31.0},{"not_picked":["Rupture","Anger"],"picked":"Ghostly Armor+1","floor":31.0},{"not_picked":["Fiend Fire","Double Tap"],"picked":"Demon Form","floor":33.0},{"not_picked":[],"picked":"Havoc","floor":35.0},{"not_picked":["Wild Strike"],"picked":"SKIP","floor":35.0},{"not_picked":[],"picked":"Shockwave","floor":37.0},{"not_picked":["Warcry"],"picked":"SKIP","floor":37.0},{"not_picked":["Iron Wave"],"picked":"SKIP","floor":40.0},{"not_picked":[],"picked":"Havoc","floor":42.0},{"not_picked":["Power Through"],"picked":"SKIP","floor":44.0},{"not_picked":["Rampage"],"picked":"SKIP","floor":46.0},{"not_picked":[],"picked":"Whirlwind","floor":47.0},{"not_picked":["Infernal Blade"],"picked":"SKIP","floor":47.0},{"not_picked":["Reckless Charge"],"picked":"SKIP","floor":48.0},{"not_picked":["Warcry"],"picked":"SKIP","floor":48.0},{"not_picked":["Bloodletting"],"picked":"SKIP","floor":54}],"player_experience":884230,"relics_obtained":[{"floor":8.0,"key":"Pocketwatch"},{"floor":9.0,"key":"Anchor"},{"floor":11.0,"key":"Odd Mushroom"},{"floor":12.0,"key":"Meat on the Bone"},{"floor":14.0,"key":"Boot"},{"floor":24.0,"key":"Prayer Wheel"},{"floor":28.0,"key":"StrikeDummy"},{"floor":40.0,"key":"InkBottle"},{"floor":42.0,"key":"Whetstone"},{"floor":43.0,"key":"Charon\u0027s Ashes"},{"floor":44.0,"key":"Orichalcum"},{"floor":46.0,"key":"HornCleat"},{"floor":54,"key":"Art of War"}],"event_choices":[{"damage_healed":0.0,"max_hp_gain":0.0,"max_hp_loss":0.0,"gold_gain":0.0,"event_name":"Mushrooms","player_choice":"Fought Mushrooms","floor":11.0,"gold_loss":0.0,"damage_taken":0.0},{"damage_healed":0.0,"max_hp_gain":0.0,"max_hp_loss":0.0,"gold_gain":360.0,"event_name":"Knowing Skull","player_choice":"GOLD GOLD GOLD GOLD ","floor":19.0,"potions_obtained":[],"gold_loss":0.0,"damage_taken":36.0,"cards_obtained":[]},{"damage_healed":0.0,"max_hp_gain":0.0,"max_hp_loss":0.0,"gold_gain":0.0,"event_name":"Drug Dealer","player_choice":"Inject Mutagens","floor":22.0,"gold_loss":0.0,"damage_taken":0.0,"relics_obtained":["MutagenicStrength"]},{"cards_removed":["Carnage"],"damage_healed":0.0,"max_hp_gain":0.0,"max_hp_loss":0.0,"gold_gain":0.0,"event_name":"Falling","player_choice":"Removed Attack","floor":39.0,"gold_loss":0.0,"damage_taken":0.0},{"damage_healed":0.0,"max_hp_gain":0.0,"max_hp_loss":0.0,"gold_gain":0.0,"event_name":"Winding Halls","player_choice":"Embrace Madness","floor":45.0,"gold_loss":0.0,"damage_taken":10.0,"cards_obtained":["Madness","Madness"]}],"is_beta":false,"boss_relics":[{"not_picked":["Empty Cage","SacredBark"],"picked":"Runic Pyramid"},{"not_picked":["Tiny House","Black Star"],"picked":"Busted Crown"}],"items_purged_floors":[27,36,53],"is_endless":false,"potions_floor_spawned":[1,3,5,10,14,16,21,24,28,40,42,44,48],"killed_by":"The Heart","ascension_level":13}}