{"host":"mcmecz6ns48biz64","time":1611172358,"event":{"mods":["2.2 Compatiblity","A Penny For Your Troubles","AchievementEnabler","Act Like it!","AlwaysNeverKeys","Ascension Unlocker","Aspiration","BaseMod","Better Note","Better Third Choice","BetterRewards","Colored Powertips","Conspire","Displayed Cursed Tome","Downfall","Energized Spire","Friendly Minions","GifTheSpireLib","Halation","Hermit","Hubris","Infinite Spire","Mimic Mod","Minty Spire (QoL Compilation)","Permanent Neow","Poor People Problems","Quick Restart","Reorder Act Four","Retaliation","Shop Mod","Spikes Relics","StSLib","Stuff the Spire","SuperFastMode","The Construct","The Marked","The Necromancer","Trackpad","Transform Curses","Uncapped","vexMod"],"gold_per_floor":[211,211,211,226,0,0,0,0,0,20,53,16,46,46,46,120,120,131,149,149,149,162,187,187,202,202,219,239,270,288,288,288,367,367,380,393,393,393,1392,1392,1417,1417,1417,337,350,350,428,456,456,456,457,457,757,757,782,782],"floor_reached":57,"language":"ENG","playtime":1653,"items_purged":["bronze:Strike","bronze:Strike","Normality"],"score":3041,"play_id":"105b3a87-7c19-4de7-a9cb-f89f68f4998b","local_time":"20210120145238","is_ascension_mode":true,"campfire_choices":[{"data":"bronze:BronzeOrb","floor":6,"key":"SMITH"},{"data":"bronze:Iterate","floor":8,"key":"SMITH"},{"floor":15,"key":"REST"},{"data":"bronze:Verify","floor":24,"key":"SMITH"},{"floor":32,"key":"REST"},{"data":"bronze:Library","floor":40,"key":"SMITH"},{"data":"bronze:ThunderWave","floor":42,"key":"SMITH"},{"data":"bronze:FineTuning","floor":46,"key":"SMITH"},{"data":"bronze:Optimize","floor":49,"key":"SMITH"},{"data":"Apotheosis","floor":54,"key":"SMITH"}],"circlet_count":1,"master_deck":["AscendersBane","bronze:Strike","bronze:Defend","bronze:Defend","bronze:Defend","bronze:Defend","bronze:Replicate","bronze:Goto","bronze:Iterate+1","bronze:BronzeOrb+1","bronze:Iterate","bronze:Repulsor","bronze:Branch+1","bronze:Shell","bronze:Repair","bronze:DelayedSlice","bronze:Verify+1","bronze:DelayedSlice","bronze:FineTuning+1","infinitespire:Collect","hubris:InfiniteBlow+1166","bronze:Fortify+1","bronze:DelayedGuard","bronze:Refactor+1","bronze:FunctionCard","bronze:MaxOutput","bronze:Shield","bronze:Library+1","bronze:Deprecate+1","bronze:Shield","Normality","bronze:ThunderWave+1","bronze:Repair","bronze:Optimize+1","Deep Breath","bronze:Refactor","bronze:Repulsor+1","bronze:Fortify","BlessedFruit","BlessedFruit","Apotheosis+1","bronze:Optimize","bronze:Allocate","bronze:BuggyMess","bronze:Overheat","bronze:FollowUp","bronze:ForceShield"],"relics":["bronze:BronzeCore","Ice Cream","Guardian:PocketSentry","Bag of Preparation","Sozu","aspiration:SeaSaltIceCream","Circlet","hubris:SphereOfDissonance","Rawhide","aspiration:StickyExplosives","aspiration:RitualStick","hubris:VirtuousBlindfold","hubris:Towel","hexamod:BolsterEngine","GiantMaggot","StuffTheSpire:OldFever","trackpad:BiPhaseBiplane","CherryCoatedStake","infinitespire:BottledMercury","TungstenRod","hubris:NiceRug","HeavenlyBonsai","StuffTheSpire:CocoNut","halation:Jellyphish","conspire:BottledYoYo"],"acts_visited":["Exordium","TheCity","TheBeyond","TheEnding"],"potions_floor_usage":[13,13,16],"damage_taken":[{"damage":7,"enemies":"Small Slimes","floor":1,"turns":4},{"damage":7,"enemies":"Jaw Worm","floor":4,"turns":3},{"damage":0,"enemies":"Cultist","floor":10,"turns":3},{"damage":28,"enemies":"Gremlin Nob","floor":11,"turns":4},{"damage":16,"enemies":"Exordium Thugs","floor":12,"turns":6},{"damage":16,"enemies":"Lagavulin","floor":13,"turns":8},{"damage":12,"enemies":"Hexaghost","floor":16,"turns":8},{"damage":8,"enemies":"2 Thieves","floor":18,"turns":4},{"damage":3,"enemies":"Spheric Guardian","floor":19,"turns":4},{"damage":20,"enemies":"Snake Plant","floor":22,"turns":4},{"damage":0,"enemies":"conspire:Head Lice","floor":23,"turns":2},{"damage":3,"enemies":"3 Cultists","floor":25,"turns":4},{"damage":18,"enemies":"Centurion and Healer","floor":27,"turns":5},{"damage":8,"enemies":"conspire:HollyBat","floor":28,"turns":7},{"damage":1,"enemies":"Gremlin Leader","floor":29,"turns":4},{"damage":5,"enemies":"Snake Plant","floor":30,"turns":3},{"damage":22,"enemies":"hubris:MusketHawk","floor":33,"turns":4},{"damage":16,"enemies":"3 Shapes","floor":35,"turns":4},{"damage":0,"enemies":"Orb Walker","floor":36,"turns":2},{"damage":0,"enemies":"Nightmare","floor":41,"turns":2},{"damage":18,"enemies":"3 Darklings","floor":45,"turns":5},{"damage":10,"enemies":"Nemesis","floor":48,"turns":5},{"damage":0,"enemies":"conspire:OrnateMirror","floor":50,"turns":2},{"damage":33,"enemies":"infinitespire:MassOfShapes","floor":51,"turns":5},{"damage":0,"enemies":"hubris:Merchant","floor":53,"turns":2},{"damage":22,"enemies":"Shield and Spear","floor":55,"turns":6},{"damage":36,"enemies":"The Heart","floor":56,"turns":9}],"seed_played":"-2212743566754107530","potions_obtained":[{"floor":1,"key":"SkillPotion"},{"floor":11,"key":"EssenceOfSteel"},{"floor":13,"key":"CultistPotion"}],"is_trial":false,"path_per_floor":["M","?","?","M","$","R","$","R","T","M","E","M","E","?","R","B",null,"M","M","AVR","?","M","E","R","M","T","M","M","E","M","?","R","B",null,"M","M","?","?","?","R","NM","R","T","$","M","R","T","E","R","B","B",null,"$","R","E","B",null],"character_chosen":"THE_AUTOMATON","items_purchased":["bronze:Iterate","bronze:Repulsor","bronze:Branch","StuffTheSpire:OldFever","trackpad:BiPhaseBiplane","CherryCoatedStake","bronze:Repair","bronze:Optimize","Deep Breath","bronze:Refactor"],"campfire_rested":2,"item_purchase_floors":[5,5,5,44,44,44,44,44,44,44],"current_hp_per_floor":[50,63,63,56,56,56,56,56,56,56,28,19,10,10,28,23,53,52,49,49,49,36,36,36,41,41,30,29,35,30,14,32,10,50,45,45,45,45,45,45,45,45,45,45,48,48,48,52,52,59,33,56,65,65,32,17],"gold":782,"neow_bonus":"HUNDRED_GOLD","is_daily":false,"chose_seed":false,"campfire_upgraded":8,"win_rate":0.0,"timestamp":1611172358,"path_taken":["M","?","?","M","?","R","$","R","T","M","E","?","E","?","R","BOSS","M","M","AVR","?","M","E","R","M","T","?","M","E","M","?","R","BOSS","M","M","?","?","?","R","NM","R","T","$","M","R","?","E","R","BOSS","BOSS","$","R","E","BOSS"],"items_purchased_type":["Card","Card","Card","Relic","Relic","Relic","Card","Card","Card","Card"],"build_version":"2020-12-22","purchased_purges":3,"victory":true,"max_hp_per_floor":[63,63,63,63,63,63,63,63,63,63,63,63,63,63,63,63,63,63,63,63,63,63,63,63,63,63,63,63,63,63,63,63,63,63,63,63,63,63,63,63,63,63,63,63,63,63,63,63,63,63,63,63,70,70,41,44],"card_choices":[{"not_picked":["bronze:BitShift","bronze:Shield"],"picked":"bronze:Iterate","floor":1},{"not_picked":["bronze:Overheat","bronze:Branch"],"picked":"bronze:BronzeOrb","floor":4},{"not_picked":["bronze:BronzeArmor","bronze:DelayedGuard"],"picked":"bronze:Shell","floor":10},{"not_picked":["bronze:Overload","bronze:Invalidate"],"picked":"bronze:Repair","floor":11},{"not_picked":["bronze:Frontload","bronze:Shield"],"picked":"bronze:DelayedSlice","floor":12},{"not_picked":["bronze:InfiniteLoop","bronze:Philosophize","bronze:Frontload"],"picked":"SKIP","floor":13},{"not_picked":["bronze:Mutator","bronze:Hardcode"],"picked":"bronze:Verify","floor":16},{"not_picked":["bronze:GetLatest","bronze:BugBarrage+1"],"picked":"bronze:DelayedSlice","floor":18},{"not_picked":["bronze:Branch","bronze:Boost"],"picked":"bronze:FineTuning","floor":19},{"not_picked":["bronze:CutThrough","bronze:Branch"],"picked":"bronze:Fortify+1","floor":22},{"not_picked":["bronze:ForLoop","bronze:Return"],"picked":"bronze:DelayedGuard","floor":23},{"not_picked":["bronze:Boost","bronze:Allocate"],"picked":"bronze:Refactor+1","floor":25},{"not_picked":["bronze:ChosenStrike+1","bronze:Overheat"],"picked":"bronze:Hardcode","floor":27},{"not_picked":["bronze:Deprecate","bronze:DelayedSlice"],"picked":"bronze:MaxOutput","floor":28},{"not_picked":["bronze:TinkerersToolbox","bronze:Return"],"picked":"bronze:Shield","floor":29},{"not_picked":["bronze:Constructor","bronze:ItsAFeature","bronze:Iterate"],"picked":"SKIP","floor":30},{"not_picked":["bronze:AlphaBuild","bronze:InfiniteLoop"],"picked":"bronze:Library","floor":33},{"not_picked":["bronze:Iterate","bronze:Boost+1"],"picked":"bronze:Deprecate+1","floor":35},{"not_picked":["bronze:Iterate+1","bronze:BitShift"],"picked":"bronze:Shield","floor":36},{"not_picked":["bronze:CutThrough","bronze:Iterate"],"picked":"bronze:ThunderWave","floor":41},{"not_picked":["bronze:DelayedSlice","bronze:CleanCode"],"picked":"bronze:Repulsor+1","floor":45},{"not_picked":["bronze:Constructor","bronze:Branch","bronze:Fortify"],"picked":"SKIP","floor":48},{"not_picked":["bronze:Constructor","bronze:Branch"],"picked":"bronze:Fortify","floor":48},{"not_picked":[],"picked":"Apotheosis","floor":53},{"not_picked":[],"picked":"bronze:Optimize","floor":53},{"not_picked":[],"picked":"bronze:Allocate","floor":53},{"not_picked":[],"picked":"bronze:BuggyMess","floor":53},{"not_picked":[],"picked":"bronze:Overheat","floor":53},{"not_picked":[],"picked":"bronze:FollowUp","floor":53},{"not_picked":["Impatience"],"picked":"SKIP","floor":53},{"not_picked":["bronze:ClassDefault+1","bronze:InfiniteBeams+1"],"picked":"bronze:ForceShield","floor":55}],"player_experience":914524,"relics_obtained":[{"floor":9,"key":"Ice Cream"},{"floor":11,"key":"Guardian:PocketSentry"},{"floor":13,"key":"Bag of Preparation"},{"floor":23,"key":"hubris:SphereOfDissonance"},{"floor":26,"key":"Rawhide"},{"floor":29,"key":"aspiration:StickyExplosives"},{"floor":41,"key":"hexamod:BolsterEngine"},{"floor":43,"key":"GiantMaggot"},{"floor":47,"key":"infinitespire:BottledMercury"},{"floor":48,"key":"TungstenRod"},{"floor":53,"key":"HeavenlyBonsai"},{"floor":53,"key":"StuffTheSpire:CocoNut"},{"floor":53,"key":"halation:Jellyphish"},{"floor":55,"key":"conspire:BottledYoYo"}],"event_choices":[{"damage_healed":21,"gold_gain":0,"player_choice":"Banana","damage_taken":0,"max_hp_gain":0,"max_hp_loss":0,"event_name":"Big Fish","floor":2,"gold_loss":0},{"damage_healed":0,"gold_gain":0,"player_choice":"Upgraded","damage_taken":0,"max_hp_gain":0,"max_hp_loss":0,"event_name":"Upgrade Shrine","floor":14,"gold_loss":0,"cards_upgraded":["bronze:Branch"]},{"cards_removed":["bronze:Strike"],"damage_healed":0,"gold_gain":0,"player_choice":"Purged","damage_taken":0,"max_hp_gain":0,"max_hp_loss":0,"event_name":"Purifier","floor":21,"gold_loss":0},{"damage_healed":0,"gold_gain":999,"player_choice":"Gold","damage_taken":0,"max_hp_gain":0,"max_hp_loss":0,"event_name":"MindBloom","floor":39,"gold_loss":0,"cards_obtained":["Normality","Normality"]}],"is_beta":false,"boss_relics":[{"not_picked":["conspire:SlowCooker","halation:Risk"],"picked":"Sozu"},{"not_picked":["energizedSpire:EnergizedDie","SacredBark"],"picked":"hubris:VirtuousBlindfold"}],"items_purged_floors":[5,20,44],"is_endless":false,"potions_floor_spawned":[1,11,13,18,19,25,27,29,45],"ascension_level":20}}