{"host":"vumwfieg2b2mnrfl","time":1611164537,"event":{"mods":["AchievementEnabler","BaseMod","Minty Spire (QoL Compilation)","Rare Cards Sparkle","Relic Stats"],"gold_per_floor":[116,133,133,133,283,283,283],"floor_reached":6,"language":"ENG","playtime":163,"items_purged":[],"score":66,"play_id":"81fbc61e-3b98-4fab-a8ce-be5edae47c19","local_time":"20210120114217","is_ascension_mode":true,"campfire_choices":[],"circlet_count":0,"master_deck":["AscendersBane","Strike_G","Strike_G","Strike_G","Strike_G","Strike_G","Defend_G","Defend_G","Defend_G","Defend_G","Defend_G","Survivor","Neutralize","PiercingWail","Calculated Gamble","Doubt"],"relics":["Sozu","Meat on the Bone"],"acts_visited":["Exordium"],"potions_floor_usage":[],"damage_taken":[{"damage":0.0,"enemies":"2 Louse","floor":1.0,"turns":4.0},{"damage":4.0,"enemies":"Small Slimes","floor":2.0,"turns":6.0},{"damage":42,"enemies":"3 Sentries","floor":6,"turns":4}],"seed_played":"7879821200980016034","potions_obtained":[],"is_trial":false,"path_per_floor":["M","M","?","?","?","E"],"character_chosen":"THE_SILENT","items_purchased":[],"campfire_rested":0,"item_purchase_floors":[],"current_hp_per_floor":[59,55,55,37,37,0,0],"gold":283,"neow_bonus":"BOSS_RELIC","is_daily":false,"chose_seed":false,"campfire_upgraded":0,"win_rate":0.0,"timestamp":1611164537,"path_taken":["M","M","?","?","?","E"],"items_purchased_type":[],"build_version":"2020-12-22","purchased_purges":0,"victory":false,"max_hp_per_floor":[66,66,66,66,66,66,66],"relic_stats":{"Sozu":1,"counters":[3,14],"obtain_stats":[{"Sozu":0,"Ring of the Snake":0,"Meat on the Bone":4},{"Sozu":0,"Ring of the Snake":0,"Meat on the Bone":2},{"Sozu":0,"Ring of the Snake":0,"Meat on the Bone":10}],"Meat on the Bone":0},"card_choices":[{"not_picked":["Dodge and Roll","Slice"],"picked":"PiercingWail","floor":1.0},{"not_picked":["Backflip","Distraction"],"picked":"Calculated Gamble","floor":2.0}],"player_experience":444620,"relics_obtained":[],"event_choices":[{"damage_healed":0,"gold_gain":0,"player_choice":"Ignored","damage_taken":0,"max_hp_gain":0,"max_hp_loss":0,"event_name":"Shining Light","floor":3,"gold_loss":0},{"damage_healed":0,"gold_gain":0,"player_choice":"Success","damage_taken":18,"relics_obtained":["Meat on the Bone"],"max_hp_gain":0,"max_hp_loss":0,"event_name":"Scrap Ooze","floor":4,"gold_loss":0},{"damage_healed":0,"gold_gain":150,"player_choice":"AGREE","damage_taken":0,"max_hp_gain":0,"max_hp_loss":0,"event_name":"Liars Game","floor":5,"gold_loss":0,"cards_obtained":["Doubt"]}],"is_beta":false,"boss_relics":[],"items_purged_floors":[],"is_endless":false,"potions_floor_spawned":[2],"killed_by":"3 Sentries","ascension_level":19}}