{"host":"ishme5wb80o83upk","time":1611184401,"event":{"mods":["BaseMod","Minty Spire (QoL Compilation)","StSLib","The Runesmith"],"gold_per_floor":[112,123,198,348,348,348,366,366,366,366,112,62,62,4,4,81,81,99,99,99,60,60,60],"floor_reached":22,"language":"KOR","playtime":474,"items_purged":["Doubt","Runesmith:Defend_RS"],"score":323,"play_id":"3568fa54-a51c-4404-9893-442cebef88a2","local_time":"20210121081321","is_ascension_mode":true,"campfire_choices":[{"data":"Runesmith:Grindstone","floor":6,"key":"SMITH"},{"data":"Runesmith:Fortify","floor":8,"key":"SMITH"},{"data":"Apotheosis","floor":15,"key":"SMITH"}],"circlet_count":0,"master_deck":["AscendersBane","Runesmith:Strike_RS","Runesmith:Strike_RS","Runesmith:Strike_RS","Runesmith:Strike_RS","Runesmith:Defend_RS+1","Runesmith:Defend_RS","Runesmith:Defend_RS","Runesmith:CraftFirestone+1","Runesmith:Fortify+1","Runesmith:Grindstone+1","Runesmith:CraftSpiculum","Apotheosis+1","Runesmith:CraftMagma","Runesmith:UnlimitedPower","Runesmith:Terraform"],"relics":["Runesmith:BrokenRuby","NeowsBlessing","War Paint","Smiling Mask","Fusion Hammer"],"acts_visited":["Exordium","TheCity"],"potions_floor_usage":[16,22],"damage_taken":[{"damage":0,"enemies":"Jaw Worm","floor":1,"turns":1},{"damage":0,"enemies":"2 Louse","floor":2,"turns":1},{"damage":0,"enemies":"Small Slimes","floor":7,"turns":1},{"damage":43,"enemies":"Slime Boss","floor":16,"turns":11},{"damage":15,"enemies":"Spheric Guardian","floor":18,"turns":4},{"damage":23,"enemies":"2 Thieves","floor":21,"turns":5},{"damage":6,"enemies":"Centurion and Healer","floor":22,"turns":3}],"seed_played":"-6104277746933012311","potions_obtained":[{"floor":1,"key":"Regen Potion"},{"floor":7,"key":"BlessingOfTheForge"},{"floor":18,"key":"Swift Potion"}],"is_trial":false,"path_per_floor":["M","M","?","?","?","R","M","R","T","?","$","$","?","$","R","B",null,"M","?","?","M","M"],"character_chosen":"RUNESMITH_CLASS","items_purchased":["Apotheosis","Runesmith:CraftMagma"],"campfire_rested":0,"item_purchase_floors":[11,14],"current_hp_per_floor":[59,59,48,48,30,30,30,30,30,30,30,30,30,30,30,2,50,35,35,35,12,6,6],"gold":60,"neow_bonus":"THREE_ENEMY_KILL","is_daily":false,"chose_seed":false,"campfire_upgraded":3,"win_rate":0.0,"timestamp":1611184401,"path_taken":["M","M","?","?","?","R","?","R","T","?","?","$","?","?","R","BOSS","M","?","?","?","M"],"items_purchased_type":["Card","Card"],"build_version":"2020-12-22","purchased_purges":2,"victory":false,"max_hp_per_floor":[66,66,66,66,66,66,66,66,66,66,66,66,66,66,66,66,66,66,66,66,66,66,66],"card_choices":[{"not_picked":["Runesmith:NegativeSpace","Runesmith:ChiselStab"],"picked":"Runesmith:Grindstone","floor":1},{"not_picked":["Runesmith:HammerTime","Runesmith:ChargedHammer"],"picked":"Runesmith:CraftSpiculum","floor":2},{"not_picked":["Runesmith:ShiftingStrike","Runesmith:HeatedChisel","Runesmith:BackupBattery"],"picked":"SKIP","floor":7},{"not_picked":["Runesmith:Duplicate","Runesmith:LightningRod"],"picked":"Runesmith:UnlimitedPower","floor":16},{"not_picked":["Runesmith:HeatExchange","Runesmith:BackupBattery","Runesmith:UnstableHammer"],"picked":"SKIP","floor":18},{"not_picked":["Runesmith:HammerAndChisel","Runesmith:DoubleUp","Runesmith:CreatorForm"],"picked":"SKIP","floor":21}],"player_experience":1162580,"relics_obtained":[{"floor":10,"key":"Smiling Mask"}],"event_choices":[{"damage_healed":0,"gold_gain":75,"player_choice":"Gather Gold","damage_taken":11,"max_hp_gain":0,"max_hp_loss":0,"event_name":"World of Goop","floor":3,"gold_loss":0},{"damage_healed":0,"gold_gain":150,"player_choice":"AGREE","damage_taken":0,"max_hp_gain":0,"max_hp_loss":0,"event_name":"Liars Game","floor":4,"gold_loss":0,"cards_obtained":["Doubt"]},{"damage_healed":0,"gold_gain":0,"player_choice":"Success","damage_taken":18,"relics_obtained":["War Paint"],"max_hp_gain":0,"max_hp_loss":0,"event_name":"Scrap Ooze","floor":5,"gold_loss":0},{"damage_healed":0,"gold_gain":0,"player_choice":"Relic","damage_taken":0,"max_hp_gain":0,"max_hp_loss":0,"event_name":"Wheel of Change","floor":10,"gold_loss":0},{"damage_healed":0,"gold_gain":0,"player_choice":"Leave","damage_taken":0,"max_hp_gain":0,"max_hp_loss":0,"event_name":"The Cleric","floor":13,"gold_loss":0},{"damage_healed":0,"gold_gain":0,"player_choice":"Read","damage_taken":0,"max_hp_gain":0,"max_hp_loss":0,"event_name":"The Library","floor":19,"gold_loss":0,"cards_obtained":["Runesmith:Terraform"]},{"damage_healed":0,"gold_gain":0,"player_choice":"Ignored","damage_taken":0,"max_hp_gain":0,"max_hp_loss":0,"event_name":"Vampires","floor":20,"gold_loss":0}],"is_beta":false,"boss_relics":[{"not_picked":["SacredBark","Runic Dome"],"picked":"Fusion Hammer"}],"items_purged_floors":[11,12],"is_endless":false,"potions_floor_spawned":[1,7,18],"killed_by":"Centurion and Healer","ascension_level":18}}