{"host":"nea7n2z8ef69uk76","time":1611103210,"event":{"mods":["BaseMod","Better Altar","Colored Powertips","Curses Come First","Emptier Cage","Lobotomy","LobotomyExtend","Minty Spire (QoL Compilation)","Permanent Neow","Quick Restart","SacredBarkPlus","Spicy Shops","StSLib"],"gold_per_floor":[279,279,43,43,53,53,53,70,70,70,86,86,111,121,121,221,221,221,221],"floor_reached":18,"language":"ENG","playtime":864,"items_purged":[],"score":160,"play_id":"3cc0e574-b01e-48e0-a6a5-aed629163049","local_time":"20210119194010","is_ascension_mode":false,"campfire_choices":[],"circlet_count":0,"master_deck":["SpecialBullet","SpecialBullet","SpecialBullet","SpecialBullet","SpecialBullet","SpecialBullet","SpecialBullet","SpecialBullet","SecurityCode","ExtractionCode","InformationCode","Flash of Steel+1","Soda","MHz","Wingbeat","Penitence","Amita+1","Rupture+1","FieryBird","Rip and Tear+1","Blade Dance+1","Swift Strike+1","BootSequence+1","Scorched","Spot Weakness+1","Sucker Punch+1","HandOfGreed+1","OldLady","Offering+1"],"relics":["CogitoBucket","LetterFromLob","Pantograph","PrismaticShard","Calipers","Toy Ornithopter","SkinProphecy","Fusion Hammer","InspiredRelic"],"acts_visited":["Exordium","TheCity"],"potions_floor_usage":[14,14,16],"damage_taken":[{"damage":11,"enemies":"Jaw Worm","floor":1,"turns":3},{"damage":0,"enemies":"Small Slimes","floor":5,"turns":2},{"damage":0,"enemies":"2 Louse","floor":8,"turns":2},{"damage":24,"enemies":"Looter","floor":11,"turns":3},{"damage":32,"enemies":"Gremlin Nob","floor":13,"turns":4},{"damage":36,"enemies":"3 Louse","floor":14,"turns":11},{"damage":42,"enemies":"The Guardian","floor":16,"turns":10}],"seed_played":"-1890871037459928495","potions_obtained":[{"floor":1,"key":"DuplicationPotion"},{"floor":13,"key":"Weak Potion"},{"floor":14,"key":"PowerPotion"}],"is_trial":false,"path_per_floor":["M","?","$","?","M","R","?","M","T","R","M","R","E","M","R","B",null,"M"],"character_chosen":"Angela","items_purchased":["Penitence","PrismaticShard","Amita"],"campfire_rested":0,"item_purchase_floors":[3,3,3],"current_hp_per_floor":[67,60,60,60,68,68,54,62,62,62,46,46,26,28,28,29,76,0,0],"gold":221,"neow_bonus":"RANDOM_COLORLESS","is_daily":false,"chose_seed":false,"campfire_upgraded":0,"win_rate":0.0,"timestamp":1611103210,"path_taken":["M","?","$","?","M","R","?","M","T","R","?","R","E","M","R","BOSS","M"],"items_purchased_type":["Card","Relic","Card"],"build_version":"2020-12-22","purchased_purges":0,"victory":false,"max_hp_per_floor":[70,70,70,70,70,70,70,70,70,70,70,70,70,70,70,76,76,76,76],"card_choices":[{"not_picked":["Panacea","Trip"],"picked":"Flash of Steel","floor":0},{"not_picked":["Loneliness"],"picked":"Soda","floor":1},{"not_picked":["CrumblingArmor","CherryBlossoms"],"picked":"MHz","floor":1},{"not_picked":["FourthMatchFlame"],"picked":"Wingbeat","floor":1},{"not_picked":["Purity"],"picked":"Rupture","floor":5},{"not_picked":["MeatLantern","Woodsman"],"picked":"FieryBird","floor":5},{"not_picked":["Wild Strike"],"picked":"Rip and Tear","floor":5},{"not_picked":["CherryBlossoms","DreamingCurrent","Rudolta"],"picked":"Singing Bowl","floor":8},{"not_picked":["Underhanded Strike","Deadly Poison","Dark Embrace"],"picked":"SKIP","floor":8},{"not_picked":["Thunderclap+1","Feel No Pain+1"],"picked":"Blade Dance+1","floor":11},{"not_picked":["SpiderBud","Bloodbath","Murderer"],"picked":"Singing Bowl","floor":11},{"not_picked":["MagicBullet+1","Rebound+1"],"picked":"Swift Strike+1","floor":11},{"not_picked":["InnerPeace+1","True Grit+1"],"picked":"BootSequence+1","floor":13},{"not_picked":["HappyTeddy","RedShoes"],"picked":"Scorched","floor":13},{"not_picked":["MagicBullet+1","Doom and Gloom+1"],"picked":"Spot Weakness+1","floor":13},{"not_picked":["BigBird","Bloodbath","RedShoes"],"picked":"Singing Bowl","floor":14},{"not_picked":["Streamline+1","BlackSwan_ego+1"],"picked":"Sucker Punch+1","floor":14},{"not_picked":["Sweeping Beam+1","CutThroughFate+1","Cleave+1"],"picked":"SKIP","floor":14},{"not_picked":["Envenom+1","Wish+1"],"picked":"HandOfGreed+1","floor":16},{"not_picked":["Bloodbath","SpiderBud"],"picked":"OldLady","floor":16},{"not_picked":["Brilliance+1","Mayhem+1"],"picked":"Offering+1","floor":16}],"player_experience":418054,"relics_obtained":[{"floor":1,"key":"LetterFromLob"},{"floor":9,"key":"Calipers"},{"floor":13,"key":"Toy Ornithopter"}],"event_choices":[{"damage_healed":0,"gold_gain":0,"player_choice":"Success","damage_taken":7,"relics_obtained":["Pantograph"],"max_hp_gain":0,"max_hp_loss":0,"event_name":"Scrap Ooze","floor":2,"gold_loss":0},{"damage_healed":0,"gold_gain":0,"player_choice":"Grow","damage_taken":0,"max_hp_gain":0,"max_hp_loss":0,"event_name":"Living Wall","floor":4,"gold_loss":0,"cards_upgraded":["Amita"]},{"damage_healed":0,"gold_gain":0,"player_choice":"Entered Light","damage_taken":14,"max_hp_gain":0,"max_hp_loss":0,"event_name":"Shining Light","floor":7,"gold_loss":0,"cards_upgraded":["Flash of Steel","Rip and Tear"]}],"is_beta":false,"boss_relics":[{"not_picked":["Runic Dome","Calling Bell"],"picked":"Fusion Hammer"}],"items_purged_floors":[],"is_endless":false,"potions_floor_spawned":[1,13,14],"ascension_level":0}}