{"host":"y3h3n3f7seyagppx","time":1611180215,"event":{"mods":["AlwaysNeverKeys","BaseMod","Better Vampires","Colored Powertips","DeckTracker","Emptier Cage","Minty Spire (QoL Compilation)","Permanent Neow","Quick Restart","Rare Cards Sparkle","Relic Sorter","Relic Stats","StSLib","Transform Curses"],"gold_per_floor":[12,32,42,60,71,105,105,134,134,134,49,78,91,16,16,89,89,104,104,75,87,107,139,139,168,193,193,225,225,235,270,270,347,347,365,1364,1375,1389,1389,1422,1422,1153,1200,1200,1235,1252,1265,651,651,651,651,651,651,26,56,56],"floor_reached":57,"language":"ENG","playtime":10448,"items_purged":["Strike_G","Normality","Normality"],"score":3049,"play_id":"4480de28-16b5-4abf-a309-ff0bfe165711","local_time":"20210120170335","is_ascension_mode":true,"campfire_choices":[{"floor":7.0,"key":"REST"},{"data":"Neutralize","floor":15.0,"key":"SMITH"},{"data":"Dash","floor":24.0,"key":"SMITH"},{"data":"Survivor","floor":27.0,"key":"SMITH"},{"floor":29.0,"key":"REST"},{"data":"Defend_G","floor":32.0,"key":"SMITH"},{"data":"Defend_G","floor":44.0,"key":"SMITH"},{"data":"Dagger Throw","floor":49,"key":"SMITH"},{"floor":53,"key":"REST"}],"circlet_count":0,"master_deck":["AscendersBane","Strike_G","Strike_G","Strike_G","Strike_G+1","Defend_G+1","Defend_G+1","Defend_G+1","Defend_G+1","Survivor+1","Neutralize+1","Dagger Throw+1","Dagger Throw+1","Slice","Dash+1","Doppelganger+1","Noxious Fumes+1","Blur+1","Malaise+1","Deflect+1","Dagger Spray+1","Catalyst+1","Outmaneuver+1","Footwork+1","Bullet Time+1","Prepared+1","Concentrate+1","Dodge and Roll+1","Backflip+1","Malaise+1","Calculated Gamble+1","Leg Sweep+1","Footwork+1","Deadly Poison+1","PiercingWail+1","Burst+1","Finesse+1","Burst+1"],"relics":["Ring of the Snake","War Paint","Frozen Egg 2","Prayer Wheel","Toxic Egg 2","Runic Pyramid","Calipers","Toy Ornithopter","Strawberry","PreservedInsect","Ginger","Philosopher\u0027s Stone","Kunai","Sundial","Whetstone","Boot","Mercury Hourglass","Bottled Lightning","Paper Crane","Bronze Scales","Vajra"],"acts_visited":["Exordium","TheCity","TheBeyond","TheEnding"],"potions_floor_usage":[45,55,56],"damage_taken":[{"damage":1.0,"enemies":"Small Slimes","floor":1.0,"turns":6.0},{"damage":0.0,"enemies":"2 Louse","floor":2.0,"turns":3.0},{"damage":0.0,"enemies":"Cultist","floor":3.0,"turns":3.0},{"damage":10.0,"enemies":"Exordium Wildlife","floor":4.0,"turns":6.0},{"damage":0.0,"enemies":"Large Slime","floor":5.0,"turns":4.0},{"damage":32.0,"enemies":"Lagavulin","floor":6.0,"turns":7.0},{"damage":26.0,"enemies":"3 Sentries","floor":8.0,"turns":11.0},{"damage":8.0,"enemies":"Gremlin Nob","floor":12.0,"turns":4.0},{"damage":7.0,"enemies":"3 Louse","floor":13.0,"turns":5.0},{"damage":23.0,"enemies":"Hexaghost","floor":16.0,"turns":10.0},{"damage":0.0,"enemies":"Chosen","floor":18.0,"turns":5.0},{"damage":1.0,"enemies":"2 Thieves","floor":20.0,"turns":4.0},{"damage":9.0,"enemies":"Shelled Parasite and Fungi","floor":21.0,"turns":8.0},{"damage":0.0,"enemies":"Cultist and Chosen","floor":22.0,"turns":6.0},{"damage":6.0,"enemies":"Gremlin Leader","floor":23.0,"turns":8.0},{"damage":0.0,"enemies":"Book of Stabbing","floor":25.0,"turns":7.0},{"damage":34.0,"enemies":"Slavers","floor":28.0,"turns":7.0},{"damage":0.0,"enemies":"Snake Plant","floor":30.0,"turns":4.0},{"damage":1.0,"enemies":"Book of Stabbing","floor":31.0,"turns":7.0},{"damage":0.0,"enemies":"Champ","floor":33.0,"turns":19.0},{"damage":0.0,"enemies":"Orb Walker","floor":35.0,"turns":6.0},{"damage":0.0,"enemies":"3 Shapes","floor":37.0,"turns":8.0},{"damage":0.0,"enemies":"Writhing Mass","floor":38.0,"turns":12.0},{"damage":0.0,"enemies":"Nemesis","floor":40.0,"turns":11.0},{"damage":15,"enemies":"Reptomancer","floor":45,"turns":11},{"damage":0,"enemies":"Spire Growth","floor":46,"turns":9},{"damage":0,"enemies":"3 Darklings","floor":47,"turns":7},{"damage":6,"enemies":"Awakened One","floor":50,"turns":23},{"damage":35,"enemies":"Donu and Deca","floor":51,"turns":16},{"damage":32,"enemies":"Shield and Spear","floor":55,"turns":7},{"damage":35,"enemies":"The Heart","floor":56,"turns":13}],"seed_played":"737002278437099208","potions_obtained":[{"floor":2.0,"key":"LiquidMemories"},{"floor":3.0,"key":"SteroidPotion"},{"floor":8.0,"key":"Fruit Juice"},{"floor":12.0,"key":"DuplicationPotion"},{"floor":13.0,"key":"PowerPotion"},{"floor":16.0,"key":"Fruit Juice"},{"floor":21.0,"key":"FearPotion"},{"floor":23.0,"key":"CultistPotion"},{"floor":25.0,"key":"SneckoOil"},{"floor":28.0,"key":"LiquidBronze"},{"floor":30.0,"key":"SteroidPotion"},{"floor":38.0,"key":"CultistPotion"},{"floor":46,"key":"Strength Potion"},{"floor":55,"key":"Swift Potion"}],"is_trial":false,"path_per_floor":["M","M","M","M","M","E","R","E","T","?","$","E","M","$","R","B",null,"M","?","M","M","M","E","R","E","T","R","E","R","M","E","R","B",null,"M","?","M","M","?","E","?","$","T","R","E","M","M","$","R","B","B",null,"R","$","E","B",null],"character_chosen":"THE_SILENT","items_purchased":["Noxious Fumes+1","Whetstone","Burst+1","Energy Potion","Ancient Potion","Bottled Lightning","Paper Crane","GamblersBrew","Bronze Scales","Finesse+1"],"campfire_rested":3,"item_purchase_floors":[11,42,48,48,48,48,54,54,54,54],"current_hp_per_floor":[70,70,70,60,60,28,51,25,25,51,51,43,41,41,41,18,67,67,67,66,62,62,56,56,56,63,63,34,62,67,71,71,71,89,89,89,89,89,89,89,89,89,89,89,79,79,79,79,79,73,38,81,95,95,63,33],"gold":56,"neow_bonus":"TWENTY_PERCENT_HP_BONUS","is_daily":false,"chose_seed":false,"campfire_upgraded":6,"win_rate":0.0,"timestamp":1611180215,"path_taken":["M","M","M","M","M","E","R","E","T","?","$","E","M","$","R","BOSS","M","?","M","?","M","E","R","E","T","R","E","R","M","E","R","BOSS","M","?","M","M","?","E","?","$","T","R","E","?","M","$","R","BOSS","BOSS","R","$","E","BOSS"],"items_purchased_type":["Card","Relic","Card","Potion","Potion","Relic","Relic","Potion","Relic","Card"],"build_version":"2020-12-22","purchased_purges":3,"victory":true,"max_hp_per_floor":[78,78,78,78,78,78,78,78,78,78,78,78,83,83,83,83,83,83,83,83,88,88,88,88,88,95,95,95,95,95,95,95,95,95,95,95,95,95,95,95,95,95,95,95,95,95,95,95,95,95,95,95,95,95,95,95],"relic_stats":{"counters":[31,257],"PreservedInsect":230,"Ginger":[15],"Whetstone":["Strike_G","Dagger Throw"],"War Paint":["Defend_G","Defend_G"],"Boot":[11],"Mercury Hourglass":[232],"Sundial":[10],"Bronze Scales":[222],"Prayer Wheel":11,"Kunai":[11],"obtain_stats":[{"Calipers":23,"Vajra":55,"PreservedInsect":28,"Ginger":31,"Whetstone":42,"War Paint":6,"Frozen Egg 2":8,"Paper Crane":54,"Boot":43,"Mercury Hourglass":45,"Sundial":41,"Strawberry":26,"Bronze Scales":54,"Prayer Wheel":9,"Philosopher\u0027s Stone":34,"Kunai":40,"Bottled Lightning":48,"Toxic Egg 2":12,"Toy Ornithopter":25,"Ring of the Snake":0,"Runic Pyramid":17},{"Calipers":15,"Vajra":30,"PreservedInsect":17,"Ginger":19,"Whetstone":24,"War Paint":6,"Frozen Egg 2":7,"Paper Crane":29,"Boot":24,"Mercury Hourglass":25,"Sundial":24,"Strawberry":16,"Bronze Scales":29,"Prayer Wheel":7,"Philosopher\u0027s Stone":20,"Kunai":24,"Bottled Lightning":27,"Toxic Egg 2":8,"Toy Ornithopter":16,"Ring of the Snake":0,"Runic Pyramid":10},{"Calipers":90,"Vajra":244,"PreservedInsect":104,"Ginger":115,"Whetstone":171,"War Paint":29,"Frozen Egg 2":40,"Paper Crane":237,"Boot":171,"Mercury Hourglass":182,"Sundial":171,"Strawberry":97,"Bronze Scales":237,"Prayer Wheel":40,"Philosopher\u0027s Stone":134,"Kunai":171,"Bottled Lightning":198,"Toxic Egg 2":44,"Toy Ornithopter":97,"Ring of the Snake":0,"Runic Pyramid":59}],"Toy Ornithopter":25,"Ring of the Snake":[62]},"card_choices":[{"not_picked":["Cloak And Dagger","All Out Attack"],"picked":"Dagger Throw","floor":1.0},{"not_picked":["Tactician","Outmaneuver"],"picked":"Dagger Throw","floor":2.0},{"not_picked":["Accuracy","Crippling Poison","Dodge and Roll"],"picked":"SKIP","floor":3.0},{"not_picked":["Bane","PiercingWail"],"picked":"Slice","floor":4.0},{"not_picked":["Deflect","Flechettes"],"picked":"Dash","floor":5.0},{"not_picked":["Well Laid Plans","Tools of the Trade"],"picked":"Doppelganger","floor":6.0},{"not_picked":["Choke","Flying Knee","Deflect"],"picked":"SKIP","floor":8.0},{"not_picked":["Expertise+1","Skewer","Underhanded Strike"],"picked":"SKIP","floor":12.0},{"not_picked":["Flying Knee","Bane"],"picked":"Blur+1","floor":13.0},{"not_picked":["Blade Dance+1","Finisher","Deflect+1"],"picked":"SKIP","floor":13.0},{"not_picked":["Doppelganger+1","Night Terror+1"],"picked":"Malaise+1","floor":16.0},{"not_picked":["Eviscerate","Backflip+1"],"picked":"Deflect+1","floor":18.0},{"not_picked":["Cloak And Dagger+1","Distraction+1"],"picked":"Dagger Spray+1","floor":18.0},{"not_picked":["Dagger Throw","Cloak And Dagger+1","Expertise+1"],"picked":"SKIP","floor":20.0},{"not_picked":["Terror+1","Blade Dance+1","Skewer"],"picked":"SKIP","floor":20.0},{"not_picked":["Flechettes","Noxious Fumes+1"],"picked":"Catalyst+1","floor":21.0},{"not_picked":["Leg Sweep+1","Flying Knee"],"picked":"Outmaneuver+1","floor":21.0},{"not_picked":["Slice+1","Predator"],"picked":"Footwork+1","floor":22.0},{"not_picked":["Dagger Throw","Reflex+1","Deflect+1"],"picked":"SKIP","floor":22.0},{"not_picked":["Heel Hook","Quick Slash","Acrobatics+1"],"picked":"SKIP","floor":23.0},{"not_picked":["Distraction+1","Infinite Blades+1"],"picked":"Bullet Time+1","floor":25.0},{"not_picked":["Quick Slash","Dash"],"picked":"Prepared+1","floor":28.0},{"not_picked":["Dodge and Roll+1","Outmaneuver+1"],"picked":"Concentrate+1","floor":30.0},{"not_picked":["Outmaneuver+1","Flying Knee"],"picked":"Dodge and Roll+1","floor":30.0},{"not_picked":["Storm of Steel+1","Blade Dance+1"],"picked":"Backflip+1","floor":31.0},{"not_picked":["Grand Finale","Envenom+1"],"picked":"Malaise+1","floor":33.0},{"not_picked":["Dagger Throw","Crippling Poison+1"],"picked":"Calculated Gamble+1","floor":35.0},{"not_picked":["Infinite Blades+1","Flechettes","Concentrate+1"],"picked":"SKIP","floor":35.0},{"not_picked":["Blade Dance+1","Distraction+1","Sucker Punch"],"picked":"SKIP","floor":37.0},{"not_picked":["Expertise+1","All Out Attack+1","Endless Agony"],"picked":"SKIP","floor":37.0},{"not_picked":["Flying Knee","Dagger Throw+1"],"picked":"Leg Sweep+1","floor":38.0},{"not_picked":["Acrobatics+1","Prepared+1","Poisoned Stab"],"picked":"SKIP","floor":38.0},{"not_picked":["Phantasmal Killer+1","Skewer"],"picked":"Footwork+1","floor":40.0},{"not_picked":["Malaise+1","Dodge and Roll+1","Riddle With Holes"],"picked":"SKIP","floor":45},{"not_picked":["Malaise+1","Dodge and Roll+1","Riddle With Holes"],"picked":"SKIP","floor":45},{"not_picked":["Outmaneuver+1","Dagger Throw"],"picked":"Deadly Poison+1","floor":46},{"not_picked":["Sucker Punch+1","Footwork+1"],"picked":"PiercingWail+1","floor":46},{"not_picked":["Masterful Stab","Skewer","Well Laid Plans+1"],"picked":"SKIP","floor":47},{"not_picked":["Prepared+1","Dagger Throw","Expertise+1"],"picked":"SKIP","floor":47},{"not_picked":["Calculated Gamble+1","Sucker Punch"],"picked":"Burst+1","floor":55}],"player_experience":21385551,"relics_obtained":[{"floor":6.0,"key":"War Paint"},{"floor":8.0,"key":"Frozen Egg 2"},{"floor":9.0,"key":"Prayer Wheel"},{"floor":12.0,"key":"Toxic Egg 2"},{"floor":23.0,"key":"Calipers"},{"floor":25.0,"key":"Toy Ornithopter"},{"floor":26.0,"key":"Strawberry"},{"floor":28.0,"key":"PreservedInsect"},{"floor":31.0,"key":"Ginger"},{"floor":40.0,"key":"Kunai"},{"floor":43.0,"key":"Boot"},{"floor":45,"key":"Mercury Hourglass"},{"floor":55,"key":"Vajra"}],"event_choices":[{"damage_healed":26.0,"max_hp_gain":0.0,"max_hp_loss":0.0,"gold_gain":0.0,"event_name":"Big Fish","player_choice":"Banana","floor":10.0,"gold_loss":0.0,"damage_taken":0.0},{"damage_healed":0.0,"max_hp_gain":0.0,"max_hp_loss":0.0,"gold_gain":0.0,"event_name":"Upgrade Shrine","player_choice":"Upgraded","floor":19.0,"gold_loss":0.0,"damage_taken":0.0,"cards_upgraded":["Doppelganger"]},{"damage_healed":0.0,"max_hp_gain":0.0,"max_hp_loss":0.0,"gold_gain":999.0,"event_name":"MindBloom","player_choice":"Gold","floor":36.0,"gold_loss":0.0,"damage_taken":0.0,"cards_obtained":["Normality","Normality"]},{"cards_removed":["Defend_G"],"damage_healed":0.0,"max_hp_gain":0.0,"max_hp_loss":0.0,"gold_gain":0.0,"event_name":"Falling","player_choice":"Removed Skill","floor":39.0,"gold_loss":0.0,"damage_taken":0.0},{"damage_healed":0.0,"max_hp_gain":0.0,"max_hp_loss":0.0,"gold_gain":0.0,"event_name":"WeMeetAgain","player_choice":"Gave Potion","floor":41.0,"gold_loss":0.0,"damage_taken":0.0,"relics_obtained":["Sundial"]}],"is_beta":false,"boss_relics":[{"not_picked":["Astrolabe","SacredBark"],"picked":"Runic Pyramid"},{"not_picked":["Tiny House","Black Star"],"picked":"Philosopher\u0027s Stone"}],"items_purged_floors":[14,42,48],"is_endless":false,"potions_floor_spawned":[2,3,8,12,13,16,21,22,23,25,28,30,38,46,55],"ascension_level":20}}