{"host":"n91w9dq5l8qws978","time":1611151045,"event":{"mods":["BaseMod","Bestiary","Challenge The Spire","Custom Start","Defuse TimeMaze Blight","Keyboard Shortcuts","Minty Spire (QoL Compilation)","MonsterHotkey","Relic Stats","StSLib","Uncapped"],"gold_per_floor":[116,139,139,159,169,169,189,202,202,233,9,9,38,38,38,109,109,120,120,138,63,79,79,79,79],"floor_reached":24,"language":"ENG","playtime":1153,"items_purged":[],"score":350,"play_id":"e5259251-0024-44ce-a66b-852306321774","local_time":"20210120135725","is_ascension_mode":true,"campfire_choices":[{"data":"Infinite Blades","floor":6.0,"key":"SMITH"},{"data":"Cloak And Dagger","floor":15.0,"key":"SMITH"},{"data":"Envenom","floor":23.0,"key":"SMITH"}],"circlet_count":0,"master_deck":["AscendersBane","Strike_G+1","Strike_G","Strike_G","Defend_G","Defend_G","Defend_G","Defend_G","Defend_G","Survivor","Neutralize","Infinite Blades+1","Leg Sweep","Cloak And Dagger","Accuracy","Cloak And Dagger+1","Infinite Blades+1","Deflect","Envenom+1","Blade Dance","Catalyst+1"],"relics":["Ring of the Snake","Oddly Smooth Stone","Art of War","Snake Skull","Toolbox","Bottled Lightning","Ginger","Runic Pyramid"],"acts_visited":["Exordium","TheCity"],"potions_floor_usage":[24,24],"damage_taken":[{"damage":10.0,"enemies":"Cultist","floor":1.0,"turns":6.0},{"damage":0.0,"enemies":"Jaw Worm","floor":4.0,"turns":5.0},{"damage":3.0,"enemies":"Small Slimes","floor":5.0,"turns":5.0},{"damage":0.0,"enemies":"Blue Slaver","floor":7.0,"turns":5.0},{"damage":2.0,"enemies":"2 Fungi Beasts","floor":8.0,"turns":6.0},{"damage":5.0,"enemies":"Lagavulin","floor":10.0,"turns":8.0},{"damage":5.0,"enemies":"3 Sentries","floor":13.0,"turns":6.0},{"damage":5.0,"enemies":"The Guardian","floor":16.0,"turns":11.0},{"damage":9.0,"enemies":"3 Byrds","floor":18.0,"turns":6.0},{"damage":5.0,"enemies":"Chosen","floor":20.0,"turns":5.0},{"damage":19.0,"enemies":"Centurion and Healer","floor":22.0,"turns":5.0},{"damage":29,"enemies":"Slavers","floor":24,"turns":3}],"seed_played":"-1145636597854344599","potions_obtained":[{"floor":1.0,"key":"Weak Potion"},{"floor":7.0,"key":"GhostInAJar"},{"floor":13.0,"key":"EssenceOfSteel"},{"floor":18.0,"key":"PowerPotion"},{"floor":22.0,"key":"BlessingOfTheForge"}],"is_trial":false,"path_per_floor":["M","T","?","M","M","R","M","M","T","E","$","T","E","?","R","B",null,"M","?","M","?","M","R","E"],"character_chosen":"THE_SILENT","items_purchased":["Infinite Blades","Toolbox"],"campfire_rested":0,"item_purchase_floors":[11,11],"current_hp_per_floor":[55,55,55,55,52,52,52,50,50,45,45,45,40,26,26,21,59,50,50,45,45,26,26,0,0],"gold":79,"neow_bonus":"TEN_PERCENT_HP_BONUS","is_daily":false,"chose_seed":false,"campfire_upgraded":3,"win_rate":0.0,"timestamp":1611151045,"path_taken":["M","?","?","M","M","R","M","?","T","E","$","?","E","?","R","BOSS","M","?","M","?","M","R","E"],"items_purchased_type":["Card","Relic"],"build_version":"2020-12-22","purchased_purges":0,"victory":false,"max_hp_per_floor":[72,72,72,72,72,72,72,72,72,72,72,72,72,72,72,72,72,72,72,72,72,72,72,72,72],"relic_stats":{"counters":[12,71],"Snake Skull":[31],"Art of War":[1],"Ginger":[1],"obtain_stats":[{"Oddly Smooth Stone":2,"Toolbox":11,"Snake Skull":10,"Art of War":9,"Bottled Lightning":12,"Ginger":13,"Ring of the Snake":0,"Runic Pyramid":17},{"Oddly Smooth Stone":1,"Toolbox":6,"Snake Skull":6,"Art of War":5,"Bottled Lightning":6,"Ginger":7,"Ring of the Snake":0,"Runic Pyramid":8},{"Oddly Smooth Stone":6,"Toolbox":35,"Snake Skull":35,"Art of War":27,"Bottled Lightning":35,"Ginger":41,"Ring of the Snake":0,"Runic Pyramid":52}],"Ring of the Snake":[24]},"card_choices":[{"not_picked":["Deadly Poison","Sucker Punch"],"picked":"Infinite Blades","floor":1.0},{"not_picked":["Deflect","Poisoned Stab"],"picked":"Leg Sweep","floor":4.0},{"not_picked":["Calculated Gamble","Reflex"],"picked":"Cloak And Dagger","floor":5.0},{"not_picked":["Dagger Throw","Slice","Outmaneuver"],"picked":"SKIP","floor":7.0},{"not_picked":["Dagger Spray","Caltrops"],"picked":"Accuracy","floor":8.0},{"not_picked":["Dash","Grand Finale"],"picked":"Cloak And Dagger","floor":10.0},{"not_picked":["Slice","Backflip"],"picked":"Deflect","floor":13.0},{"not_picked":["Burst","Tools of the Trade"],"picked":"Envenom","floor":16.0},{"not_picked":["Flechettes","Leg Sweep+1"],"picked":"Blade Dance","floor":18.0},{"not_picked":["Masterful Stab","Deflect"],"picked":"Catalyst+1","floor":20.0},{"not_picked":["Quick Slash","All Out Attack","Bane"],"picked":"SKIP","floor":22.0}],"player_experience":400644,"relics_obtained":[{"floor":2.0,"key":"Oddly Smooth Stone"},{"floor":9.0,"key":"Art of War"},{"floor":10.0,"key":"Snake Skull"},{"floor":12.0,"key":"Bottled Lightning"},{"floor":13.0,"key":"Ginger"}],"event_choices":[{"cards_removed":["Strike_G"],"damage_healed":0.0,"max_hp_gain":0.0,"max_hp_loss":0.0,"gold_gain":0.0,"event_name":"Bonfire Elementals","player_choice":"Offered Basic","floor":3.0,"gold_loss":0.0,"damage_taken":0.0},{"damage_healed":0.0,"max_hp_gain":0.0,"max_hp_loss":0.0,"gold_gain":0.0,"event_name":"Shining Light","player_choice":"Entered Light","floor":14.0,"gold_loss":0.0,"damage_taken":14.0,"cards_upgraded":["Strike_G","Infinite Blades"]},{"damage_healed":0.0,"max_hp_gain":0.0,"max_hp_loss":0.0,"gold_gain":0.0,"event_name":"Ghosts","player_choice":"Ignored","floor":19.0,"gold_loss":0.0,"damage_taken":0.0},{"cards_removed":["Strike_G"],"damage_healed":0.0,"max_hp_gain":0.0,"max_hp_loss":0.0,"gold_gain":0.0,"event_name":"Beggar","player_choice":"Gave Gold","floor":21.0,"gold_loss":75.0,"damage_taken":0.0}],"is_beta":false,"boss_relics":[{"not_picked":["Pandora\u0027s Box","Coffee Dripper"],"picked":"Runic Pyramid"}],"items_purged_floors":[],"is_endless":false,"potions_floor_spawned":[1,7,10,13,18,20,22],"killed_by":"Slavers","ascension_level":14}}