{"host":"f5y45f7z7ziu0smp","time":1611126978,"event":{"mods":["100% Spire Juice","AchievementEnabler","BaseMod","CapriCore","Custom Start","Marisa£¨Ùöéë¡¡Øª×âÞÞ£©","Minty Spire (QoL Compilation)","Permanent Neow","StSLib","SuperFastMode","¡¼?Úª?ø«¡½REMEMod"],"gold_per_floor":[117,142,142,162,162,162,162,162,162,162,162,193,62,62,62,138,138,158,72,72,104,104,104,104,104,151,151,151,151,151,169,169,244,244,259,314,314,314,328,328,328,328,383,383,383,397,397,425,425,425,425],"floor_reached":52,"language":"KOR","playtime":732,"items_purged":[],"score":2303,"play_id":"d9f2f1a6-bfb3-4111-8bee-ced2978c7084","local_time":"20210120161618","daily_mods":["Time Dilation","Flight","Lethality"],"is_ascension_mode":true,"campfire_choices":[{"data":"Seek","floor":6,"key":"SMITH"},{"data":"Genetic Algorithm","floor":7,"key":"SMITH"},{"data":"Double Energy","floor":8,"key":"SMITH"},{"data":"Aggregate","floor":10,"key":"SMITH"},{"data":"Turbo","floor":11,"key":"SMITH"},{"data":"Coolheaded","floor":15,"key":"SMITH"},{"data":"REME_Compress","floor":23,"key":"SMITH"},{"data":"REME_PuzzleBox","floor":24,"key":"SMITH"},{"data":"Scrape","floor":25,"key":"SMITH"},{"data":"Scrape","floor":27,"key":"SMITH"},{"data":"Skim","floor":28,"key":"SMITH"},{"data":"Skim","floor":29,"key":"SMITH"},{"data":"REME_Shoggoth","floor":30,"key":"SMITH"},{"data":"REME_ForAll","floor":32,"key":"SMITH"}],"circlet_count":0,"master_deck":["REME_PuzzleBox+1","Adrenaline+1","Adrenaline+1","Adrenaline+1","Adrenaline+1","REME_LeechingPoison+1","Coolheaded+1","Genetic Algorithm+1","Skim+1","Skim+1","REME_Compress+1","Seek+1","Aggregate+1","Double Energy+1","Turbo+1","All For One+1","REME_ForAll+1","REME_Shoggoth+1","Gash+1","Gash+1","Gash+1","Scrape+1","Scrape+1","Beam Cell+1","Gash+1","Gash+1","Gash+1","Gash+1","Gash+1","Gash+1","Pain"],"relics":["Cracked Core","REME_ComplimentaryCards","Membership Card","Bag of Marbles","PreservedInsect","Centennial Puzzle","Pantograph","Bronze Scales","Gremlin Horn","Coffee Dripper","Lantern","Red Mask","Art of War","SlaversCollar","TungstenRod","Mark of the Bloom","Ornamental Fan","Smiling Mask","WarpedTongs"],"acts_visited":["Exordium","TheCity","TheBeyond"],"potions_floor_usage":[],"damage_taken":[{"damage":0,"enemies":"Cultist","floor":1,"turns":1},{"damage":0,"enemies":"2 Louse","floor":4,"turns":1},{"damage":0,"enemies":"3 Sentries","floor":12,"turns":1},{"damage":0,"enemies":"Hexaghost","floor":16,"turns":1},{"damage":0,"enemies":"Shell Parasite","floor":18,"turns":1},{"damage":0,"enemies":"Masked Bandits","floor":21,"turns":1},{"damage":2,"enemies":"3 Byrds","floor":31,"turns":1},{"damage":0,"enemies":"Automaton","floor":33,"turns":1},{"damage":0,"enemies":"3 Darklings","floor":35,"turns":1},{"damage":0,"enemies":"2 Orb Walkers","floor":36,"turns":1},{"damage":0,"enemies":"Orb Walker","floor":39,"turns":1},{"damage":0,"enemies":"Jaw Worm Horde","floor":46,"turns":1},{"damage":0,"enemies":"Reptomancer","floor":48,"turns":1},{"damage":0,"enemies":"Donu and Deca","floor":50,"turns":1},{"damage":16,"enemies":"Time Eater","floor":51,"turns":2}],"seed_played":"4093647366304459484","potions_obtained":[{"floor":4,"key":"PowerPotion"},{"floor":33,"key":"LiquidBronze"}],"is_trial":true,"path_per_floor":["M","T","?","M","$","R","R","R","T","R","R","E","$","?","R","B",null,"M","$","$","?","?","R","R","R","T","R","R","R","R","M","R","B",null,"M","?","?","$","M","R","T","R","T","$","?","M","R","E","R","B","B",null],"character_chosen":"DEFECT","items_purchased":["Gremlin Horn","Lantern"],"campfire_rested":0,"item_purchase_floors":[13,19],"current_hp_per_floor":[64,64,69,69,69,69,69,69,69,69,69,69,69,74,74,76,76,76,76,76,76,76,76,76,76,76,76,76,76,76,76,76,78,78,78,78,78,78,78,78,78,78,78,78,78,78,78,78,78,78,62],"gold":425,"neow_bonus":"","is_daily":false,"chose_seed":false,"campfire_upgraded":14,"win_rate":0.0,"timestamp":1611126978,"path_taken":["M","?","?","M","?","R","R","R","T","R","R","E","$","?","R","BOSS","M","?","$","?","?","R","R","R","T","R","R","R","R","M","R","BOSS","M","?","?","?","?","R","?","R","T","?","?","?","R","E","R","BOSS","BOSS"],"items_purchased_type":["Relic","Relic"],"build_version":"2020-12-22","purchased_purges":0,"victory":true,"max_hp_per_floor":[71,71,76,76,76,76,76,76,76,76,76,76,76,76,76,76,76,76,76,76,76,76,76,76,76,76,76,76,76,76,78,78,78,78,78,78,78,78,78,78,78,78,78,78,78,78,78,78,78,78,78],"card_choices":[{"not_picked":["Leap","BootSequence","Rebound"],"picked":"SKIP","floor":1},{"not_picked":["Rebound","Turbo","Beam Cell"],"picked":"SKIP","floor":4},{"not_picked":["Consume","Static Discharge","Self Repair"],"picked":"SKIP","floor":12},{"not_picked":["Aggregate","Recycle+1","Sweeping Beam"],"picked":"SKIP","floor":18},{"not_picked":["Capacitor","Ball Lightning"],"picked":"Gash","floor":21},{"not_picked":["Compile Driver+1","Reinforced Body"],"picked":"Gash","floor":31},{"not_picked":["Force Field","Conserve Battery","Coolheaded"],"picked":"SKIP","floor":35},{"not_picked":["Hologram","Heatsinks","Rebound"],"picked":"SKIP","floor":39},{"not_picked":["Rebound","Streamline","Hologram+1"],"picked":"SKIP","floor":46},{"not_picked":["Cold Snap","Barrage+1","Biased Cognition"],"picked":"SKIP","floor":48}],"player_experience":143414,"relics_obtained":[{"floor":2,"key":"Centennial Puzzle"},{"floor":9,"key":"Pantograph"},{"floor":12,"key":"Bronze Scales"},{"floor":21,"key":"Red Mask"},{"floor":26,"key":"Art of War"},{"floor":36,"key":"TungstenRod"},{"floor":41,"key":"Ornamental Fan"},{"floor":43,"key":"Smiling Mask"}],"event_choices":[{"damage_healed":0,"gold_gain":0,"player_choice":"Donut","damage_taken":0,"max_hp_gain":5,"max_hp_loss":0,"event_name":"Big Fish","floor":3,"gold_loss":0},{"cards_removed":["Coolheaded"],"damage_healed":5,"gold_gain":0,"player_choice":"Offered Common","damage_taken":0,"max_hp_gain":0,"max_hp_loss":0,"event_name":"Bonfire Elementals","floor":14,"gold_loss":0},{"cards_removed":["Coolheaded"],"damage_healed":5,"gold_gain":0,"player_choice":"Offered Special","damage_taken":0,"max_hp_gain":0,"max_hp_loss":0,"event_name":"Bonfire Elementals","floor":14,"gold_loss":0},{"damage_healed":0,"gold_gain":0,"player_choice":"Fought Bandits","damage_taken":0,"max_hp_gain":0,"max_hp_loss":0,"event_name":"Masked Bandits","floor":21,"gold_loss":0},{"damage_healed":0,"gold_gain":0,"player_choice":"Ignored","damage_taken":0,"max_hp_gain":0,"max_hp_loss":0,"event_name":"Vampires","floor":22,"gold_loss":0},{"damage_healed":0,"gold_gain":0,"player_choice":"Fight","damage_taken":0,"max_hp_gain":0,"max_hp_loss":0,"event_name":"Mysterious Sphere","floor":36,"gold_loss":0},{"damage_healed":0,"gold_gain":0,"player_choice":"Upgrade","damage_taken":0,"relics_obtained":["Mark of the Bloom"],"max_hp_gain":0,"max_hp_loss":0,"event_name":"MindBloom","floor":37,"gold_loss":0,"cards_upgraded":["Adrenaline","Adrenaline","Adrenaline","Adrenaline","REME_LeechingPoison","All For One","Gash","Gash","Gash","Beam Cell","Gash","Gash","Gash","Gash","Gash","Gash"]},{"damage_healed":0,"gold_gain":0,"player_choice":"Rummage","damage_taken":0,"relics_obtained":["WarpedTongs"],"max_hp_gain":0,"max_hp_loss":0,"event_name":"Accursed Blacksmith","floor":45,"gold_loss":0,"cards_obtained":["Pain"]}],"is_beta":false,"boss_relics":[{"not_picked":["REME_LowDesire","SacredBark"],"picked":"Coffee Dripper"},{"not_picked":["Astrolabe","Sozu"],"picked":"SlaversCollar"}],"items_purged_floors":[],"is_endless":false,"potions_floor_spawned":[4,33,35,36,46],"ascension_level":20}}