{"host":"yo9wwslrag05lh37","time":1611169761,"event":{"mods":["AchievementEnabler","BaseMod","Block Reminder","Colored Map","Colored Powertips","Downfall","GifTheSpireLib","HexUI Lib","Highlight Path","Minty Spire (QoL Compilation)","Rare Cards Sparkle","Relic Stats","StSLib","everything is the same but u backflip on backflip"],"gold_per_floor":[99,109,126,126,139,131,155,182,196,196,215,251,264,264,285,388,388,388,252,252,274,374,374,454,475,512,535,535,535,535,535],"floor_reached":29,"language":"ENG","playtime":3324,"items_purged":["downfall:Malfunctioning"],"score":297,"play_id":"f9c9619a-578b-49c8-8083-cb6758b6706d","local_time":"20210120200921","is_ascension_mode":false,"campfire_choices":[{"data":"hexamod:Float","floor":1,"key":"SMITH"},{"data":"hexamod:HeatShield","floor":18,"key":"SMITH"},{"data":"hexamod:FastForward","floor":23,"key":"SMITH"}],"circlet_count":0,"master_deck":["hexamod:Strike","hexamod:Strike","hexamod:Strike","hexamod:Strike","hexamod:Defend","hexamod:Defend","hexamod:Defend+1","hexamod:Sear+1","hexamod:Float+1","hexamod:HauntingEcho","hexamod:RainOfEmbers+1","hexamod:FirstSeal","hexamod:SecondSeal","hexamod:ThirdSeal","hexamod:FourthSeal","hexamod:Hexaguard+1","hexamod:HeatMetal","hexamod:FastForward+1","hexamod:BurningTouch","hexamod:HeatShield+1","hexamod:HexaLevel","hexamod:RetreatToShadows+1","hexamod:WildfireWeapon","hexamod:TimeOfNeed","hexamod:RadiantFlame","hexamod:HauntingEcho","hexamod:GhostflameBarrier","hexamod:InspiringFlames"],"relics":["hexamod:SpiritBrand","Art of War","Gremlin Horn","Shuriken","bronze:MakeshiftBattery","Incense Burner","Ornamental Fan","Question Card","Anchor"],"acts_visited":["Exordium","TheCity"],"potions_floor_usage":[12,21,25,26,26,27],"damage_taken":[{"damage":0,"enemies":"2 Louse","floor":2,"turns":2},{"damage":0,"enemies":"Cultist","floor":3,"turns":4},{"damage":0,"enemies":"Small Slimes","floor":5,"turns":3},{"damage":6,"enemies":"Blue Slaver","floor":8,"turns":5},{"damage":1,"enemies":"Large Slime","floor":9,"turns":3},{"damage":9,"enemies":"Exordium Thugs","floor":11,"turns":4},{"damage":15,"enemies":"3 Sentries","floor":12,"turns":4},{"damage":2,"enemies":"Blue Slaver","floor":13,"turns":3},{"damage":4,"enemies":"3 Louse","floor":15,"turns":3},{"damage":45,"enemies":"DF_ARCHETYPE_STREAMLINE","floor":16,"turns":10},{"damage":0,"enemies":"downfall:FleeingMerchant","floor":19,"turns":4},{"damage":11,"enemies":"Shell Parasite","floor":21,"turns":7},{"damage":13,"enemies":"IC_STATUS_ARCHETYPE","floor":22,"turns":7},{"damage":0,"enemies":"3 Byrds","floor":25,"turns":3},{"damage":6,"enemies":"Book of Stabbing","floor":26,"turns":6},{"damage":17,"enemies":"Sentry and Sphere","floor":27,"turns":6},{"damage":42,"enemies":"Slavers","floor":29,"turns":5}],"seed_played":"-7802928904572485235","potions_obtained":[{"floor":5,"key":"SkillPotion"},{"floor":9,"key":"DuplicationPotion"},{"floor":13,"key":"AttackPotion"},{"floor":13,"key":"SmokeBomb"},{"floor":15,"key":"SmokeBomb"},{"floor":19,"key":"Fruit Juice"},{"floor":21,"key":"Fire Potion"},{"floor":25,"key":"EntropicBrew"},{"floor":25,"key":"hexamod:InfernoChargePotion"},{"floor":26,"key":"LiquidBronze"},{"floor":26,"key":"hexamod:EctoCoolerPotion"}],"is_trial":false,"path_per_floor":["R","M","M","?","M","?","T","M","M","?","M","E","M","?","M","B",null,"R","$","?","M","?","R","T","M","E","M","?","E"],"character_chosen":"THE_SPIRIT","items_purchased":["hexamod:HauntingEcho"],"campfire_rested":0,"item_purchase_floors":[19],"current_hp_per_floor":[77,77,77,77,77,70,70,71,70,70,61,53,58,58,61,23,77,77,77,63,64,58,58,58,58,59,49,41,0,0,0],"gold":535,"neow_bonus":"TEN_PERCENT_HP_BONUS","is_daily":false,"chose_seed":false,"campfire_upgraded":3,"win_rate":0.0,"timestamp":1611169761,"path_taken":["R","M","M","?","?","?","T","M","M","?","M","E","M","?","M","BOSS","R","$","?","M","?","R","T","M","E","M","?","E"],"items_purchased_type":["Card"],"build_version":"2020-12-22","purchased_purges":1,"victory":false,"max_hp_per_floor":[77,77,77,77,77,77,77,77,77,77,77,77,77,77,77,77,77,77,77,82,87,87,87,87,87,87,87,87,87,87,87],"relic_stats":{"Gremlin Horn":[7,7],"counters":[17,79],"Shuriken":[7],"Ornamental Fan":[16],"Art of War":[17],"Question Card":5,"obtain_stats":[{"Anchor":26,"Gremlin Horn":10,"Shuriken":12,"Ornamental Fan":22,"Art of War":7,"Incense Burner":22,"Question Card":24,"hexamod:SpiritBrand":0,"bronze:MakeshiftBattery":17},{"Anchor":15,"Gremlin Horn":5,"Shuriken":7,"Ornamental Fan":13,"Art of War":3,"Incense Burner":13,"Question Card":13,"hexamod:SpiritBrand":0,"bronze:MakeshiftBattery":10},{"Anchor":68,"Gremlin Horn":17,"Shuriken":25,"Ornamental Fan":59,"Art of War":9,"Incense Burner":59,"Question Card":59,"hexamod:SpiritBrand":0,"bronze:MakeshiftBattery":41}]},"card_choices":[{"not_picked":["hexamod:Firestarter","hexamod:Hexaguard"],"picked":"hexamod:AdvancingGuard","floor":2},{"not_picked":["hexamod:FifthSeal","hexamod:InspiringFlames"],"picked":"hexamod:HauntingEcho","floor":3},{"not_picked":["hexamod:Firestarter","hexamod:Hexaguard"],"picked":"hexamod:RainOfEmbers","floor":5},{"not_picked":["hexamod:RadiantFlame","hexamod:BacktrackSmack"],"picked":"hexamod:Hexaguard","floor":8},{"not_picked":["hexamod:Firestarter","hexamod:Hexaguard"],"picked":"hexamod:HeatMetal","floor":8},{"not_picked":["hexamod:Haunt","hexamod:GhostShield"],"picked":"hexamod:FastForward","floor":9},{"not_picked":["hexamod:NightmareStrike","hexamod:SkipABeat"],"picked":"hexamod:BurningTouch","floor":11},{"not_picked":["hexamod:NightmareStrike","hexamod:GhostOfSpireFuture"],"picked":"hexamod:HeatShield","floor":12},{"not_picked":["hexamod:PhantomFireball","hexamod:ThermalTransfer"],"picked":"hexamod:HexaLevel","floor":13},{"not_picked":["hexamod:GhostShield","hexamod:ThermalTransfer"],"picked":"hexamod:RetreatToShadows","floor":15},{"not_picked":["hexamod:ParanormalForm","hexamod:GhostOfSpirePresent"],"picked":"hexamod:WildfireWeapon","floor":16},{"not_picked":["hexamod:ParanormalForm","hexamod:FlameSwitch"],"picked":"hexamod:TimeOfNeed","floor":16},{"not_picked":["hexamod:EtherealExpedition","hexamod:ShieldOfDarkness+1"],"picked":"hexamod:RadiantFlame","floor":19},{"not_picked":["hexamod:GhostShield+1","hexamod:RadiantFlame","hexamod:ExtraCrispy+1"],"picked":"SKIP","floor":19},{"not_picked":["hexamod:RadiantFlame","hexamod:ThirdSeal"],"picked":"hexamod:GhostflameBarrier","floor":21},{"not_picked":["hexamod:ShieldOfDarkness","hexamod:RadiantFlame","hexamod:PhantomFireball"],"picked":"SKIP","floor":21},{"not_picked":["hexamod:EmpoweredFlame","hexamod:InspiringFlames","hexamod:BacktrackSmack+1","hexamod:GhostShield"],"picked":"SKIP","floor":25},{"not_picked":["hexamod:GhostLash","hexamod:GhostOfSpirePast","hexamod:Hexaguard","hexamod:GhostOfSpireFuture"],"picked":"SKIP","floor":25},{"not_picked":["hexamod:ParanormalForm","hexamod:RadiantFlame","hexamod:HeatMetal","hexamod:AdvancingGuard+1"],"picked":"SKIP","floor":26},{"not_picked":["hexamod:SpectersWail","hexamod:TurnItUp","hexamod:HeatCrush"],"picked":"hexamod:InspiringFlames","floor":27},{"not_picked":["hexamod:NecessarySacrifice+1","hexamod:SwordOfDarkness","hexamod:RadiantFlame","hexamod:BacktrackSmack+1"],"picked":"SKIP","floor":27}],"player_experience":1551408,"relics_obtained":[{"floor":7,"key":"Art of War"},{"floor":12,"key":"Shuriken"},{"floor":22,"key":"Incense Burner"},{"floor":22,"key":"Ornamental Fan"},{"floor":24,"key":"Question Card"},{"floor":26,"key":"Anchor"}],"event_choices":[],"is_beta":false,"boss_relics":[{"not_picked":["Tiny House","Runic Dome"],"picked":"bronze:MakeshiftBattery"}],"items_purged_floors":[19],"is_endless":false,"potions_floor_spawned":[5,9,13,15,25,26],"killed_by":"Slavers","ascension_level":0}}