{"host":"nug5xkek4sujf8as","time":1611167763,"event":{"mods":["Act Like it!","Arknights The Spire","Aspiration","BaseMod","Booster Modes","CapriCore","Colored Powertips","Conspire","Energized Spire","Gensokyo","Minty Spire (QoL Compilation)","Permanent Neow","Quick Restart","Replay The Spire","Shop Mod","Spicy Shops","StSLib","vexMod","【功能Mod】混沌之环修复补丁","【遗物卡牌】REMEMod","篝火指南"],"gold_per_floor":[118,118,132,147,147,1,26,41,41,74,74,108,108,134,134,134,134],"floor_reached":16,"language":"ZHS","playtime":608,"items_purged":["Dualcast"],"score":176,"play_id":"5d9881c9-f90d-45b9-a3b4-e6519765b73a","local_time":"20210121023603","is_ascension_mode":true,"campfire_choices":[],"circlet_count":0,"master_deck":["AscendersBane","Strike_B","Strike_B","Defend_B","Defend_B","Defend_B","Zap","Reprogram","Compile Driver","Poisoned Stab","Grand Finale","Deflect","Melter","Gash","Clumsy","Self Repair","Fission","Streamline","Meteor Strike","Reprogram"],"relics":["Cracked Core","REME_ComplimentaryCards","aspiration:Nostalgia","PureWater","Gensokyo:NagashiBinaDoll","Pear","conspire:Dentures","aspiration:ArtOfWarUpgrade","Oddly Smooth Stone","Gensokyo:Justice","Tiny Chest"],"acts_visited":["Gensokyo:Gensokyo"],"potions_floor_usage":[7,12],"damage_taken":[{"damage":3.0,"enemies":"Gensokyo:2_Kodama","floor":1.0,"turns":4.0},{"damage":1.0,"enemies":"Gensokyo:Python","floor":3.0,"turns":3.0},{"damage":0.0,"enemies":"Gensokyo:3_Fairies","floor":4.0,"turns":3.0},{"damage":14,"enemies":"Gensokyo:Aya","floor":7,"turns":3},{"damage":13,"enemies":"Gensokyo:3_Kodama","floor":8,"turns":6},{"damage":9,"enemies":"Gensokyo:Mamizou","floor":10,"turns":9},{"damage":47,"enemies":"Gensokyo:Aya","floor":12,"turns":8},{"damage":40,"enemies":"Gensokyo:Mamizou","floor":14,"turns":8},{"damage":16,"enemies":"Gensokyo:Yukari","floor":16,"turns":3}],"seed_played":"-9058665334190756811","potions_obtained":[{"floor":1.0,"key":"FearPotion"},{"floor":7,"key":"Explosive Potion"},{"floor":10,"key":"conspire:TimeTravelPotion"}],"is_trial":false,"path_per_floor":["M","?","M","M","?","R","E","M","T","E","R","E","?","E","R","B"],"character_chosen":"DEFECT","items_purchased":["Self Repair"],"campfire_rested":0,"item_purchase_floors":[6],"current_hp_per_floor":[65,65,64,64,64,64,60,54,54,66,66,42,42,16,16,0,0],"gold":134,"neow_bonus":"NOSTALGIA","is_daily":false,"chose_seed":false,"campfire_upgraded":0,"win_rate":0.0,"timestamp":1611167763,"path_taken":["M","?","?","M","?","R","E","M","T","E","R","E","?","E","R","BOSS"],"items_purchased_type":["Card"],"build_version":"2020-12-22","purchased_purges":1,"victory":false,"max_hp_per_floor":[75,75,75,75,75,75,85,85,85,85,85,85,85,85,85,85,85],"card_choices":[{"not_picked":["Leap","ReplayTheSpireMod:GoodbyeWorld"],"picked":"Compile Driver","floor":1.0},{"not_picked":["Ball Lightning","Conserve Battery"],"picked":"Melter","floor":3.0},{"not_picked":["Hologram","Undo"],"picked":"Gash","floor":4.0},{"not_picked":["Sweeping Beam","Redo"],"picked":"Fission","floor":7},{"not_picked":["Steam","Go for the Eyes"],"picked":"Streamline","floor":8},{"not_picked":["Reboot","Rebound"],"picked":"Meteor Strike","floor":10},{"not_picked":["Beam Cell","FIFO Queue"],"picked":"Skim","floor":12},{"not_picked":["aspiration:Polymerization","Undo"],"picked":"Reprogram","floor":14}],"player_experience":703859,"relics_obtained":[{"floor":7,"key":"Pear"},{"floor":9,"key":"conspire:Dentures"},{"floor":10,"key":"Art of War"},{"floor":12,"key":"Oddly Smooth Stone"},{"floor":14,"key":"Tiny Chest"}],"event_choices":[],"is_beta":false,"boss_relics":[],"items_purged_floors":[6],"is_endless":false,"potions_floor_spawned":[1,7,10],"killed_by":"Gensokyo:Yukari","ascension_level":11}}