{"host":"i1h39d0gfh5c6uxl","time":1611132540,"event":{"mods":["AchievementEnabler","BaseMod","Colored Map","Colored Powertips","Highlight Path","Minty Spire (QoL Compilation)"],"gold_per_floor":[115,115,127,143,143,143,143,161,161,179,34,34,54,84,84,84,84],"floor_reached":16,"language":"ENG","playtime":254,"items_purged":["Strike_R"],"score":92,"play_id":"6e7ef608-b59b-4503-b4d6-2cb511affc38","local_time":"20210120164900","is_ascension_mode":false,"campfire_choices":[{"data":"Searing Blow","floor":7,"key":"SMITH"},{"data":"Uppercut","floor":15,"key":"SMITH"}],"circlet_count":0,"master_deck":["Strike_R","Strike_R","Strike_R","Strike_R","Defend_R","Defend_R","Defend_R","Defend_R","Bash+1","Headbutt","Searing Blow+1","Armaments","Flame Barrier","Uppercut+1"],"relics":["Burning Blood","NeowsBlessing","Gremlin Horn","Ancient Tea Set","Question Card"],"acts_visited":["Exordium"],"potions_floor_usage":[8],"damage_taken":[{"damage":0,"enemies":"Cultist","floor":1,"turns":1},{"damage":0,"enemies":"Jaw Worm","floor":3,"turns":1},{"damage":0,"enemies":"Small Slimes","floor":4,"turns":1},{"damage":10,"enemies":"Exordium Thugs","floor":8,"turns":3},{"damage":7,"enemies":"3 Louse","floor":10,"turns":3},{"damage":3,"enemies":"Lots of Slimes","floor":13,"turns":3},{"damage":0,"enemies":"Slime Boss","floor":16,"turns":1}],"seed_played":"2457789248299265008","potions_obtained":[{"floor":1,"key":"Explosive Potion"},{"floor":10,"key":"SpeedPotion"},{"floor":12,"key":"HeartOfIron"},{"floor":12,"key":"Regen Potion"}],"is_trial":false,"path_per_floor":["M","?","M","M","?","?","R","M","T","M","$","?","M","?","R","B"],"character_chosen":"IRONCLAD","items_purchased":["Uppercut"],"campfire_rested":0,"item_purchase_floors":[11],"current_hp_per_floor":[80,80,80,80,47,47,47,43,43,42,42,42,45,45,45,45,45],"gold":84,"neow_bonus":"THREE_ENEMY_KILL","is_daily":false,"chose_seed":false,"campfire_upgraded":2,"win_rate":0.0,"timestamp":1611132540,"path_taken":["M","?","M","M","?","?","R","M","T","?","$","?","?","?","R","BOSS"],"items_purchased_type":["Card"],"build_version":"2020-12-22","purchased_purges":1,"victory":false,"max_hp_per_floor":[80,80,80,80,80,80,80,80,80,80,80,80,80,80,80,80,80],"card_choices":[{"not_picked":["Rupture","Dark Embrace"],"picked":"Headbutt","floor":1},{"not_picked":["Heavy Blade","Anger","Combust"],"picked":"SKIP","floor":3},{"not_picked":["Combust","Pummel"],"picked":"Searing Blow","floor":4},{"not_picked":["Sever Soul","True Grit"],"picked":"Armaments","floor":8},{"not_picked":["Sword Boomerang","Iron Wave","Feel No Pain"],"picked":"Flame Barrier","floor":10},{"not_picked":["Clash","Rage","Power Through","Iron Wave"],"picked":"SKIP","floor":13}],"player_experience":1379645,"relics_obtained":[{"floor":6,"key":"Ancient Tea Set"},{"floor":9,"key":"Question Card"}],"event_choices":[{"damage_healed":0,"gold_gain":0,"player_choice":"Grow","damage_taken":0,"max_hp_gain":0,"max_hp_loss":0,"event_name":"Living Wall","floor":2,"gold_loss":0,"cards_upgraded":["Bash"]},{"damage_healed":0,"gold_gain":0,"player_choice":"Success","damage_taken":33,"relics_obtained":["Gremlin Horn"],"max_hp_gain":0,"max_hp_loss":0,"event_name":"Scrap Ooze","floor":5,"gold_loss":0},{"damage_healed":0,"gold_gain":0,"player_choice":"Relic","damage_taken":0,"max_hp_gain":0,"max_hp_loss":0,"event_name":"Wheel of Change","floor":6,"gold_loss":0},{"damage_healed":0,"gold_gain":0,"player_choice":"Got Potions","damage_taken":0,"max_hp_gain":0,"max_hp_loss":0,"event_name":"Lab","floor":12,"gold_loss":0},{"damage_healed":0,"gold_gain":30,"player_choice":"Searched \u00271\u0027 times","damage_taken":0,"max_hp_gain":0,"max_hp_loss":0,"event_name":"Dead Adventurer","floor":14,"gold_loss":0}],"is_beta":false,"boss_relics":[],"items_purged_floors":[11],"is_endless":false,"potions_floor_spawned":[1,10,13],"killed_by":"Slime Boss","ascension_level":0}}