{"host":"cv77zuuuekizn3ic","time":1611108278,"event":{"mods":["AchievementEnabler","BaseMod","Marisa£®ÏF”Í°°ƒß¿Ì…≥£©","Minty Spire (QoL Compilation)","StSLib"],"gold_per_floor":[119,135,135,135,35,35,62,62,62,95,110,126,137,137,137,211,211,224,203,203,23,23,54,54,87,110,121,121,149,149,181,181,256,256,266,266,266,291,342,342,374,388,388,407,116,151,151,41,41,41,41,41,41,76,76],"floor_reached":56,"language":"ZHS","playtime":3393,"items_purged":["Strike_B","Strike_B","Strike_B"],"score":2563,"play_id":"043f3ca4-aa20-40b6-a0e7-d69d2ddc4ea6","local_time":"20210120100438","is_ascension_mode":true,"campfire_choices":[{"data":"Conserve Battery","floor":6.0,"key":"SMITH"},{"data":"Defend_B","floor":8.0,"key":"SMITH"},{"data":"Capacitor","floor":15.0,"key":"SMITH"},{"data":"Consume","floor":24.0,"key":"SMITH"},{"data":"Recycle","floor":28.0,"key":"SMITH"},{"data":"Turbo","floor":30.0,"key":"SMITH"},{"data":"Biased Cognition","floor":32.0,"key":"SMITH"},{"floor":40.0,"key":"RECALL"},{"data":"Skim","floor":49.0,"key":"SMITH"},{"data":"Reboot","floor":52.0,"key":"SMITH"}],"circlet_count":0,"master_deck":["AscendersBane","Defend_B+1","Defend_B+1","Zap+1","Dualcast+1","Conserve Battery+1","Compile Driver","Cold Snap","Chill","Compile Driver","Consume+1","Capacitor+1","Core Surge","Biased Cognition+1","Recycle+1","Undo+1","Turbo+1","Reboot+1","Skim+1","Buffer"],"relics":["Cracked Core","NeowsBlessing","Bag of Preparation","Boot","Oddly Smooth Stone","Inserter","White Beast Statue","Ornamental Fan","Centennial Puzzle","Pocketwatch","Anchor","SacredBark","Emotion Chip","Unceasing Top","DataDisk","OrangePellets","Toy Ornithopter","Lantern"],"acts_visited":["Exordium","TheCity","TheBeyond","TheEnding"],"potions_floor_usage":[55],"damage_taken":[{"damage":0.0,"enemies":"Cultist","floor":1.0,"turns":1.0},{"damage":0.0,"enemies":"2 Louse","floor":2.0,"turns":1.0},{"damage":0.0,"enemies":"Lagavulin","floor":7.0,"turns":1.0},{"damage":16.0,"enemies":"Gremlin Nob","floor":10.0,"turns":4.0},{"damage":1.0,"enemies":"Jaw Worm","floor":11.0,"turns":2.0},{"damage":0.0,"enemies":"Looter","floor":12.0,"turns":2.0},{"damage":0.0,"enemies":"2 Fungi Beasts","floor":13.0,"turns":3.0},{"damage":0.0,"enemies":"The Guardian","floor":16.0,"turns":14.0},{"damage":0.0,"enemies":"Spheric Guardian","floor":18.0,"turns":3.0},{"damage":4.0,"enemies":"2 Thieves","floor":19.0,"turns":4.0},{"damage":10.0,"enemies":"Slavers","floor":23.0,"turns":10.0},{"damage":6.0,"enemies":"Book of Stabbing","floor":25.0,"turns":6.0},{"damage":0.0,"enemies":"3 Cultists","floor":27.0,"turns":6.0},{"damage":21.0,"enemies":"Slavers","floor":29.0,"turns":6.0},{"damage":0.0,"enemies":"Book of Stabbing","floor":31.0,"turns":7.0},{"damage":0.0,"enemies":"Champ","floor":33.0,"turns":12.0},{"damage":5.0,"enemies":"Orb Walker","floor":35.0,"turns":3.0},{"damage":0.0,"enemies":"Mind Bloom Boss Battle","floor":38.0,"turns":7.0},{"damage":12.0,"enemies":"2 Orb Walkers","floor":39.0,"turns":7.0},{"damage":11.0,"enemies":"Giant Head","floor":41.0,"turns":10.0},{"damage":0.0,"enemies":"3 Shapes","floor":42.0,"turns":6.0},{"damage":2.0,"enemies":"Spire Growth","floor":44.0,"turns":4.0},{"damage":0.0,"enemies":"Reptomancer","floor":46.0,"turns":8.0},{"damage":0.0,"enemies":"Time Eater","floor":50.0,"turns":11.0},{"damage":9.0,"enemies":"Shield and Spear","floor":54.0,"turns":11.0},{"damage":47,"enemies":"The Heart","floor":55,"turns":10}],"seed_played":"7299567448638946904","potions_obtained":[{"floor":2.0,"key":"Dexterity Potion"},{"floor":11.0,"key":"SteroidPotion"},{"floor":13.0,"key":"FearPotion"},{"floor":19.0,"key":"ColorlessPotion"},{"floor":23.0,"key":"Energy Potion"},{"floor":25.0,"key":"Strength Potion"},{"floor":27.0,"key":"Energy Potion"},{"floor":29.0,"key":"BlessingOfTheForge"},{"floor":31.0,"key":"Fire Potion"},{"floor":35.0,"key":"Dexterity Potion"},{"floor":39.0,"key":"SmokeBomb"},{"floor":42.0,"key":"EntropicBrew"},{"floor":44.0,"key":"LiquidMemories"},{"floor":46.0,"key":"EssenceOfSteel"},{"floor":54.0,"key":"LiquidMemories"}],"is_trial":false,"path_per_floor":["M","M","?","?","$","R","E","R","T","E","M","M","M","?","R","B",null,"M","M","?","$","?","E","R","E","T","M","R","E","R","E","R","B",null,"M","?","?","?","?","R","E","M","T","M","$","E","?","?","R","B",null,"R","$","E","B",null],"character_chosen":"DEFECT","items_purchased":["Cold Snap","Recycle","OrangePellets"],"campfire_rested":0,"item_purchase_floors":[5,21,45],"current_hp_per_floor":[64,64,43,43,43,43,43,43,43,27,26,26,26,26,26,26,60,60,56,56,56,56,46,46,40,40,40,40,19,19,19,19,19,58,53,53,53,53,41,41,30,30,30,28,28,28,28,28,28,71,71,71,71,62,20],"gold":76,"neow_bonus":"THREE_ENEMY_KILL","is_daily":false,"chose_seed":false,"campfire_upgraded":9,"win_rate":0.0,"timestamp":1611108278,"path_taken":["M","M","?","?","$","R","E","R","T","E","M","M","?","?","R","BOSS","M","M","?","$","?","E","R","E","T","M","R","E","R","E","R","BOSS","M","?","?","?","?","R","E","M","T","?","$","E","?","?","R","BOSS","R","$","E","BOSS"],"items_purchased_type":["Card","Card","Relic"],"build_version":"2020-12-22","purchased_purges":3,"victory":true,"max_hp_per_floor":[71,71,71,71,71,71,71,71,71,71,71,71,71,71,71,71,71,71,71,71,71,71,71,71,71,71,71,71,71,71,71,71,71,71,71,71,71,71,71,71,71,71,71,71,71,71,71,71,71,71,71,71,71,71,71],"card_choices":[{"not_picked":["Genetic Algorithm","Steam"],"picked":"Conserve Battery","floor":1.0},{"not_picked":["Rebound","Conserve Battery"],"picked":"Compile Driver","floor":2.0},{"not_picked":["Sweeping Beam","Gash"],"picked":"Chill","floor":7.0},{"not_picked":["Hyperbeam","Barrage"],"picked":"Compile Driver","floor":10.0},{"not_picked":["Blizzard","Hologram"],"picked":"Consume","floor":11.0},{"not_picked":["Conserve Battery","Beam Cell","Undo"],"picked":"SKIP","floor":12.0},{"not_picked":["Compile Driver","Beam Cell"],"picked":"Capacitor","floor":13.0},{"not_picked":["All For One","Rainbow"],"picked":"Biased Cognition","floor":16.0},{"not_picked":["Chill","Conserve Battery","Rebound"],"picked":"SKIP","floor":18.0},{"not_picked":["Streamline","Barrage","Steam"],"picked":"SKIP","floor":19.0},{"not_picked":["Conserve Battery","Redo","Steam Power"],"picked":"SKIP","floor":23.0},{"not_picked":["Beam Cell","Fusion"],"picked":"Undo","floor":25.0},{"not_picked":["Stack","Force Field","Reprogram"],"picked":"SKIP","floor":27.0},{"not_picked":["Stack","Force Field","Reprogram"],"picked":"SKIP","floor":27.0},{"not_picked":["Stack","Force Field","Reprogram"],"picked":"SKIP","floor":27.0},{"not_picked":["FTL","Self Repair"],"picked":"Turbo","floor":29.0},{"not_picked":["Sunder","Loop","Steam"],"picked":"SKIP","floor":31.0},{"not_picked":["Echo Form","Machine Learning"],"picked":"Reboot","floor":33.0},{"not_picked":["Force Field","Steam","Aggregate"],"picked":"SKIP","floor":35.0},{"not_picked":["Conserve Battery","Sweeping Beam+1","Chill"],"picked":"SKIP","floor":41.0},{"not_picked":["FTL","Leap","Biased Cognition"],"picked":"SKIP","floor":42.0},{"not_picked":["Barrage","Sweeping Beam"],"picked":"Skim","floor":44.0},{"not_picked":["Cold Snap","Ball Lightning"],"picked":"Buffer","floor":46.0},{"not_picked":["Barrage","Genetic Algorithm+1","Hello World"],"picked":"SKIP","floor":54.0}],"player_experience":958305,"relics_obtained":[{"floor":7.0,"key":"Bag of Preparation"},{"floor":9.0,"key":"Boot"},{"floor":10.0,"key":"Oddly Smooth Stone"},{"floor":23.0,"key":"White Beast Statue"},{"floor":25.0,"key":"Ornamental Fan"},{"floor":26.0,"key":"Centennial Puzzle"},{"floor":29.0,"key":"Pocketwatch"},{"floor":31.0,"key":"Anchor"},{"floor":38.0,"key":"Emotion Chip"},{"floor":39.0,"key":"Unceasing Top"},{"floor":41.0,"key":"DataDisk"},{"floor":46.0,"key":"Toy Ornithopter"},{"floor":54.0,"key":"Lantern"}],"event_choices":[{"damage_healed":0.0,"max_hp_gain":0.0,"max_hp_loss":0.0,"gold_gain":0.0,"event_name":"Shining Light","player_choice":"Entered Light","floor":3.0,"gold_loss":0.0,"damage_taken":21.0,"cards_upgraded":["Dualcast","Defend_B"]},{"damage_healed":0.0,"max_hp_gain":0.0,"max_hp_loss":0.0,"gold_gain":0.0,"event_name":"Upgrade Shrine","player_choice":"Upgraded","floor":4.0,"gold_loss":0.0,"damage_taken":0.0,"cards_upgraded":["Zap"]},{"damage_healed":0.0,"max_hp_gain":0.0,"max_hp_loss":0.0,"gold_gain":0.0,"cards_transformed":["Strike_B"],"event_name":"Living Wall","player_choice":"Change","floor":14.0,"gold_loss":0.0,"damage_taken":0.0,"cards_obtained":["Core Surge"]},{"damage_healed":0.0,"max_hp_gain":0.0,"max_hp_loss":0.0,"gold_gain":0.0,"event_name":"Vampires","player_choice":"Ignored","floor":20.0,"gold_loss":0.0,"damage_taken":0.0},{"damage_healed":0.0,"max_hp_gain":0.0,"max_hp_loss":0.0,"gold_gain":0.0,"event_name":"Tomb of Lord Red Mask","player_choice":"Ignored","floor":36.0,"gold_loss":0.0,"damage_taken":0.0},{"damage_healed":0.0,"max_hp_gain":0.0,"max_hp_loss":0.0,"gold_gain":0.0,"event_name":"SensoryStone","player_choice":"Memory 1","floor":37.0,"gold_loss":0.0,"damage_taken":0.0},{"damage_healed":0.0,"max_hp_gain":0.0,"max_hp_loss":0.0,"gold_gain":0.0,"event_name":"MindBloom","player_choice":"Fight","floor":38.0,"gold_loss":0.0,"damage_taken":0.0},{"damage_healed":0.0,"max_hp_gain":0.0,"max_hp_loss":0.0,"gold_gain":0.0,"event_name":"Mysterious Sphere","player_choice":"Fight","floor":39.0,"gold_loss":0.0,"damage_taken":0.0},{"cards_removed":["Defend_B"],"damage_healed":0.0,"max_hp_gain":0.0,"max_hp_loss":0.0,"gold_gain":0.0,"event_name":"Falling","player_choice":"Removed Skill","floor":47.0,"gold_loss":0.0,"damage_taken":0.0},{"cards_removed":["Defend_B"],"damage_healed":0.0,"max_hp_gain":0.0,"max_hp_loss":0.0,"gold_gain":0.0,"event_name":"Designer","player_choice":"Upgrade and Remove","floor":48.0,"gold_loss":110.0,"damage_taken":0.0,"cards_upgraded":["Undo"]}],"is_beta":false,"boss_relics":[{"not_picked":["Snecko Eye","Busted Crown"],"picked":"Inserter"},{"not_picked":["Calling Bell","Sozu"],"picked":"SacredBark"}],"items_purged_floors":[5,21,45],"is_endless":false,"potions_floor_spawned":[2,11,13,19,23,25,27,29,31,33,35,38,39,41,42,44,46,54],"ascension_level":17}}