{"host":"urvvf8749ekcxo1a","time":1611114761,"event":{"mods":["AchievementEnabler","BaseMod","Better Sensory Stone","BetterRewards","Colored Powertips","Evolution","Gold Saver","Marisa????????","Minty Spire (QoL Compilation)","Quick Restart","StSLib","SuperFastMode","The Cursed","The Hierophant","The Saiyan","The Servant 0.9.4","The Wild Card"],"gold_per_floor":[664,664,683,358,373,411,411,425,496,496,446,484,484,458,458,586,586,562,581,680,680,680,680],"floor_reached":22,"language":"ENG","playtime":526,"items_purged":[],"score":194,"play_id":"f4f0b607-62fb-47ec-bd89-edd34e74a88b","local_time":"20210119225241","daily_mods":["Vintage","Heirloom"],"is_ascension_mode":false,"campfire_choices":[{"floor":7,"key":"REST"},{"floor":13,"key":"REST"},{"floor":15,"key":"REST"}],"circlet_count":0,"master_deck":["Bane","Bane","Strike_G","Strike_G","Strike_G","Defend_G","Defend_G","Defend_G","Defend_G","Survivor","Neutralize","Accuracy","Slice","Bullet Time"],"relics":["Ring of the Snake","EVO:Axolotl","Lizard Tail","StoneCalendar","Golden Idol","Oddly Smooth Stone","Pear","Blood Vial","Omamori","Snake Skull","Question Card","Frozen Egg 2","The Courier","Philosopher\u0027s Stone","Regal Pillow","White Beast Statue","Happy Flower"],"acts_visited":["Exordium","TheCity"],"potions_floor_usage":[6,6,16,18,18],"damage_taken":[{"damage":0,"enemies":"Small Slimes","floor":1,"turns":3},{"damage":0,"enemies":"2 Louse","floor":3,"turns":2},{"damage":6,"enemies":"Cultist","floor":5,"turns":3},{"damage":55,"enemies":"Gremlin Nob","floor":6,"turns":6},{"damage":21,"enemies":"3 Louse","floor":8,"turns":3},{"damage":26,"enemies":"Lagavulin","floor":12,"turns":7},{"damage":22,"enemies":"Exordium Thugs","floor":14,"turns":5},{"damage":10,"enemies":"Hexaghost","floor":16,"turns":9},{"damage":31,"enemies":"2 Thieves","floor":18,"turns":5},{"damage":30,"enemies":"Shell Parasite","floor":19,"turns":7},{"damage":80,"enemies":"3 Cultists","floor":22,"turns":6}],"seed_played":"-5358979604079124141","potions_obtained":[{"floor":3,"key":"SteroidPotion"},{"floor":5,"key":"Swift Potion"},{"floor":8,"key":"Swift Potion"},{"floor":12,"key":"Swift Potion"},{"floor":14,"key":"CultistPotion"},{"floor":18,"key":"FearPotion"}],"is_trial":true,"path_per_floor":["M","?","M","$","M","E","R","M","T","?","?","E","R","M","R","B",null,"M","M","?","?","M"],"character_chosen":"THE_SILENT","items_purchased":["Pear","Accuracy"],"campfire_rested":3,"item_purchase_floors":[4,4],"current_hp_per_floor":[70,53,53,63,57,4,28,9,9,29,29,5,29,9,33,25,80,49,21,21,21,0,0],"gold":680,"neow_bonus":"","is_daily":false,"chose_seed":false,"campfire_upgraded":0,"win_rate":0.0,"timestamp":1611114761,"path_taken":["M","?","M","$","M","E","R","M","T","?","?","E","R","M","R","BOSS","M","M","?","?","M"],"items_purchased_type":["Relic","Card"],"build_version":"2020-12-22","purchased_purges":0,"victory":false,"max_hp_per_floor":[70,70,70,80,80,80,80,80,80,80,80,80,80,80,80,80,80,80,80,80,80,80,80],"card_choices":[{"not_picked":["Catalyst","Crippling Poison","Tactician"],"picked":"SKIP","floor":6},{"not_picked":["Skewer","Caltrops+1","Predator"],"picked":"Slice","floor":12},{"not_picked":["Unload","Wraith Form v2+1","Venomology"],"picked":"Bullet Time","floor":16}],"player_experience":123339,"relics_obtained":[{"floor":1,"key":"StoneCalendar"},{"floor":3,"key":"Oddly Smooth Stone"},{"floor":5,"key":"Blood Vial"},{"floor":6,"key":"Omamori"},{"floor":8,"key":"Snake Skull"},{"floor":9,"key":"Question Card"},{"floor":12,"key":"Frozen Egg 2"},{"floor":14,"key":"The Courier"},{"floor":18,"key":"Regal Pillow"},{"floor":19,"key":"White Beast Statue"},{"floor":21,"key":"Happy Flower"}],"event_choices":[{"damage_healed":0,"gold_gain":0,"player_choice":"Take Damage","damage_taken":17,"relics_obtained":["Golden Idol"],"max_hp_gain":0,"max_hp_loss":0,"event_name":"Golden Idol","floor":2,"gold_loss":0},{"damage_healed":20,"gold_gain":0,"player_choice":"Healed and dodged fight","damage_taken":0,"max_hp_gain":0,"max_hp_loss":0,"event_name":"Mushrooms","floor":10,"gold_loss":0,"cards_obtained":["Parasite"]},{"cards_removed":["Defend_G"],"damage_healed":0,"gold_gain":0,"player_choice":"Card Removal","damage_taken":0,"max_hp_gain":0,"max_hp_loss":0,"event_name":"The Cleric","floor":11,"gold_loss":50},{"damage_healed":0,"gold_gain":99,"player_choice":"Stole From Cult","damage_taken":0,"max_hp_gain":0,"max_hp_loss":0,"event_name":"Nest","floor":20,"gold_loss":0},{"damage_healed":0,"gold_gain":0,"player_choice":"Relic","damage_taken":0,"max_hp_gain":0,"max_hp_loss":0,"event_name":"Wheel of Change","floor":21,"gold_loss":0}],"is_beta":false,"boss_relics":[{"not_picked":["Sozu","Astrolabe"],"picked":"Philosopher\u0027s Stone"}],"items_purged_floors":[],"is_endless":false,"potions_floor_spawned":[3,5,8,12,14,18],"killed_by":"3 Cultists","ascension_level":0}}