{"host":"a0d98l75j0h1o085","time":1611168579,"event":{"mods":["AlwaysNeverKeys","BaseMod","Downfall","Highlight Path","Minty Spire (QoL Compilation)","StSLib"],"gold_per_floor":[115,115,65,77,152,182,197,231,231,231,249,324,324,344,344,446,446,485,485,334,348,273,307,307,325,325,240,285,285,295,324,324,425,425,472,472,472,472,472,472,490,540,563,596,596,596,596],"floor_reached":46,"language":"ENG","playtime":8788,"items_purged":["Strike_P+1"],"score":622,"play_id":"fb1b8116-861c-4e41-a230-89fff44d95b2","local_time":"20210120184939","is_ascension_mode":true,"campfire_choices":[{"data":"Meditate","floor":10,"key":"SMITH"},{"data":"Eruption","floor":13,"key":"SMITH"},{"data":"ForeignInfluence","floor":15,"key":"SMITH"},{"data":"Study","floor":24,"key":"SMITH"},{"data":"Wish","floor":29,"key":"SMITH"},{"data":"Protect","floor":32,"key":"SMITH"},{"floor":40,"key":"REST"}],"circlet_count":0,"master_deck":["Strike_P+1","Strike_P+1","Strike_P+1","Defend_P+1","Defend_P+1","Eruption+1","Vigilance","Meditate+1","Protect+1","Crescendo","ForeignInfluence+1","DeusExMachina","Wish+1","Wireheading+1","Study+1","ClearTheMind","WindmillStrike+1","downfall:Malfunctioning","Establishment+1","Normality","CurseOfTheBell","Deep Breath","Evaluate","Writhe","LikeWater+1"],"relics":["PureWater","NeowsBlessing","Strawberry","Bottled Lightning","Pen Nib","Cursed Key","Bag of Preparation","Matryoshka","Incense Burner","Frozen Egg 2","SacredBark","Calling Bell","Ancient Tea Set","Molten Egg 2","Unceasing Top","Peace Pipe","Akabeko","MealTicket","Letter Opener"],"acts_visited":["Exordium","TheCity","TheBeyond"],"potions_floor_usage":[16,25,31,39,44,44,46],"damage_taken":[{"damage":0,"enemies":"Jaw Worm","floor":1,"turns":1},{"damage":0,"enemies":"Small Slimes","floor":4,"turns":1},{"damage":0,"enemies":"Lagavulin","floor":6,"turns":1},{"damage":6,"enemies":"Cultist","floor":7,"turns":3},{"damage":35,"enemies":"3 Sentries","floor":8,"turns":13},{"damage":5,"enemies":"Looter","floor":11,"turns":4},{"damage":0,"enemies":"2 Fungi Beasts","floor":14,"turns":4},{"damage":12,"enemies":"Hexaghost","floor":16,"turns":8},{"damage":5,"enemies":"2 Thieves","floor":18,"turns":4},{"damage":1,"enemies":"3 Byrds","floor":21,"turns":6},{"damage":24,"enemies":"Book of Stabbing","floor":23,"turns":3},{"damage":0,"enemies":"Snecko","floor":25,"turns":5},{"damage":0,"enemies":"3 Cultists","floor":28,"turns":1},{"damage":1,"enemies":"Centurion and Healer","floor":30,"turns":6},{"damage":10,"enemies":"Gremlin Leader","floor":31,"turns":4},{"damage":11,"enemies":"Champ","floor":33,"turns":9},{"damage":3,"enemies":"3 Shapes","floor":35,"turns":5},{"damage":69,"enemies":"2 Orb Walkers","floor":39,"turns":4},{"damage":0,"enemies":"Orb Walker","floor":41,"turns":2},{"damage":0,"enemies":"Mind Bloom Boss Battle","floor":42,"turns":6},{"damage":36,"enemies":"Reptomancer","floor":44,"turns":3},{"damage":3,"enemies":"Sphere and 2 Shapes","floor":46,"turns":3}],"seed_played":"-4584315418851801953","potions_obtained":[{"floor":1,"key":"Ancient Potion"},{"floor":7,"key":"SmokeBomb"},{"floor":8,"key":"Guardian:BlockOnCardUsePotion"},{"floor":18,"key":"LiquidMemories"},{"floor":25,"key":"Block Potion"},{"floor":30,"key":"PowerPotion"},{"floor":41,"key":"Slimebound:ThreeZeroPotion"},{"floor":44,"key":"Guardian:BlockOnCardUsePotion"}],"is_trial":false,"path_per_floor":["M","?","?","M","?","E","M","E","T","R","M","?","R","M","R","B",null,"M","?","$","M","?","E","R","M","T","?","M","R","M","E","R","B",null,"M","?","?","?","?","R","M","?","T","E","?","M"],"character_chosen":"WATCHER","items_purchased":["Study"],"campfire_rested":1,"item_purchase_floors":[20],"current_hp_per_floor":[72,77,77,77,70,77,71,36,36,36,31,20,20,20,20,8,84,79,79,79,78,78,54,54,54,54,54,54,54,53,43,43,32,84,81,81,81,81,12,37,37,37,37,1,1,0,0],"gold":596,"neow_bonus":"THREE_ENEMY_KILL","is_daily":false,"chose_seed":false,"campfire_upgraded":6,"win_rate":0.0,"timestamp":1611168579,"path_taken":["M","?","?","M","?","E","?","E","T","R","M","?","R","M","R","BOSS","M","?","$","M","?","E","R","M","T","?","M","R","M","E","R","BOSS","M","?","?","?","?","R","?","?","T","E","?","M"],"items_purchased_type":["Card"],"build_version":"2020-12-22","purchased_purges":1,"victory":false,"max_hp_per_floor":[72,77,77,77,77,84,84,84,84,84,84,84,84,84,84,84,84,84,84,84,84,84,84,84,84,84,84,84,84,84,84,84,84,84,84,84,84,84,84,84,84,84,84,84,84,84,84],"card_choices":[{"not_picked":["Prostrate","EmptyFist"],"picked":"Meditate","floor":1},{"not_picked":["BowlingBash","EmptyBody"],"picked":"Protect","floor":4},{"not_picked":["WindmillStrike","Collect","JustLucky"],"picked":"SKIP","floor":6},{"not_picked":["Vengeance","Indignation","FollowUp"],"picked":"SKIP","floor":7},{"not_picked":["FlyingSleeves","JustLucky"],"picked":"Crescendo","floor":8},{"not_picked":["EmptyMind","ClearTheMind"],"picked":"ForeignInfluence","floor":11},{"not_picked":["EmptyBody","WaveOfTheHand"],"picked":"DeusExMachina","floor":14},{"not_picked":["Judgement","Brilliance"],"picked":"Wish","floor":16},{"not_picked":["CutThroughFate","ClearTheMind"],"picked":"Wireheading+1","floor":18},{"not_picked":["WreathOfFlame","SashWhip"],"picked":"Evaluate+1","floor":21},{"not_picked":["Swivel","PathToVictory"],"picked":"ClearTheMind","floor":23},{"not_picked":["Swivel","Weave"],"picked":"WindmillStrike+1","floor":25},{"not_picked":["WaveOfTheHand+1","LessonLearned","BowlingBash"],"picked":"SKIP","floor":28},{"not_picked":["WindmillStrike","Protect","Crescendo"],"picked":"SKIP","floor":30},{"not_picked":["Vengeance+1","Pray","ReachHeaven"],"picked":"SKIP","floor":31},{"not_picked":["Judgement","Blasphemy"],"picked":"Establishment+1","floor":33},{"not_picked":["ThirdEye+1","BowlingBash","Worship"],"picked":"SKIP","floor":35},{"not_picked":["ThirdEye+1","BowlingBash","Worship"],"picked":"SKIP","floor":35},{"not_picked":["Madness","Dark Shackles"],"picked":"Deep Breath","floor":38},{"not_picked":["PathToVictory","FollowUp+1"],"picked":"Evaluate","floor":41},{"not_picked":["BattleHymn+1","Study+1"],"picked":"LikeWater+1","floor":44}],"player_experience":761412,"relics_obtained":[{"floor":6,"key":"Strawberry"},{"floor":8,"key":"Bottled Lightning"},{"floor":9,"key":"Pen Nib"},{"floor":23,"key":"Bag of Preparation"},{"floor":26,"key":"Matryoshka"},{"floor":31,"key":"Frozen Egg 2"},{"floor":36,"key":"Ancient Tea Set"},{"floor":36,"key":"Molten Egg 2"},{"floor":36,"key":"Unceasing Top"},{"floor":42,"key":"Peace Pipe"},{"floor":43,"key":"Akabeko"},{"floor":43,"key":"MealTicket"},{"floor":44,"key":"Letter Opener"}],"event_choices":[{"damage_healed":0,"gold_gain":0,"player_choice":"Donut","damage_taken":0,"max_hp_gain":5,"max_hp_loss":0,"event_name":"Big Fish","floor":2,"gold_loss":0},{"cards_removed":["Defend_P"],"damage_healed":0,"gold_gain":0,"player_choice":"Card Removal","damage_taken":0,"max_hp_gain":0,"max_hp_loss":0,"event_name":"The Cleric","floor":3,"gold_loss":50},{"damage_healed":0,"gold_gain":75,"player_choice":"Touch","damage_taken":7,"max_hp_gain":0,"max_hp_loss":0,"event_name":"FaceTrader","floor":5,"gold_loss":0},{"damage_healed":0,"gold_gain":75,"player_choice":"Gather Gold","damage_taken":11,"max_hp_gain":0,"max_hp_loss":0,"event_name":"World of Goop","floor":12,"gold_loss":0},{"damage_healed":0,"gold_gain":0,"player_choice":"Simplicity","damage_taken":0,"max_hp_gain":0,"max_hp_loss":0,"event_name":"Back to Basics","floor":19,"gold_loss":0,"cards_upgraded":["Strike_P","Strike_P","Strike_P","Strike_P","Defend_P","Defend_P","Defend_P"]},{"cards_removed":["Defend_P"],"damage_healed":0,"gold_gain":0,"player_choice":"Gave Gold","damage_taken":0,"max_hp_gain":0,"max_hp_loss":0,"event_name":"Beggar","floor":22,"gold_loss":75},{"damage_healed":0,"gold_gain":0,"player_choice":"Obtained Relic","damage_taken":0,"relics_obtained":["Incense Burner"],"max_hp_gain":0,"max_hp_loss":0,"event_name":"Addict","floor":27,"gold_loss":85},{"cards_removed":["Evaluate"],"damage_healed":0,"gold_gain":0,"player_choice":"Removed Skill","damage_taken":0,"max_hp_gain":0,"max_hp_loss":0,"event_name":"Falling","floor":37,"gold_loss":0},{"damage_healed":0,"gold_gain":0,"player_choice":"Memory 1","damage_taken":0,"max_hp_gain":0,"max_hp_loss":0,"event_name":"SensoryStone","floor":38,"gold_loss":0},{"damage_healed":0,"gold_gain":0,"player_choice":"Fight","damage_taken":0,"max_hp_gain":0,"max_hp_loss":0,"event_name":"Mysterious Sphere","floor":39,"gold_loss":0},{"damage_healed":0,"gold_gain":0,"player_choice":"Fight","damage_taken":0,"max_hp_gain":0,"max_hp_loss":0,"event_name":"MindBloom","floor":42,"gold_loss":0},{"damage_healed":0,"gold_gain":0,"player_choice":"Ignored","damage_taken":0,"max_hp_gain":0,"max_hp_loss":0,"event_name":"Tomb of Lord Red Mask","floor":45,"gold_loss":0}],"is_beta":false,"boss_relics":[{"not_picked":["Astrolabe","Tiny House"],"picked":"Cursed Key"},{"not_picked":["Snecko Eye","VioletLotus"],"picked":"SacredBark"}],"items_purged_floors":[20],"is_endless":false,"potions_floor_spawned":[1,7,8,18,25,28,30,41,44],"killed_by":"Sphere and 2 Shapes","ascension_level":3}}