{"host":"lzpp66udqthct9jv","time":1611132742,"event":{"mods":["Act Like it!","BaseMod","Better-Laid Plans","Chen","Emptier Cage","Gensokyo","Highlight Path","Koishi","Marisa£®ÏF”Í°°ƒß¿Ì…≥£©","Minty Spire (QoL Compilation)","Pale of the Ancients","Quick Restart","Reimu£®≤©¿ˆ¡È√Œ£©","Remilia£®¿Ÿ√◊¿Ú—«£©","Shop Mod","StSLib","The Administrix","The Servant 0.9.4","Yakumo Yukari mod","Youmu£®ªÍ∆«—˝√Œ£©","Yuyuko","ÛÙª÷∏ƒœ"],"gold_per_floor":[19,19,36,52,52,52,62,34,34,34,34,34,34,53,53,53,53],"floor_reached":16,"language":"ZHS","playtime":410,"items_purged":[],"score":184,"play_id":"8c2600f0-fd66-4e1f-b0e9-5d9bfca01404","local_time":"20210120165222","is_ascension_mode":true,"campfire_choices":[{"data":"Neutralize","floor":6,"key":"SMITH"},{"data":"Footwork","floor":10,"key":"SMITH"},{"floor":12,"key":"REST"},{"data":"Poisoned Stab","floor":15,"key":"SMITH"}],"circlet_count":0,"master_deck":["AscendersBane","Strike_G","Strike_G","Strike_G","Strike_G","Strike_G","Defend_G","Defend_G","Defend_G","Defend_G","Defend_G","Survivor","Neutralize+1","Panache","Dagger Throw","Footwork+1","Acrobatics","Backflip","Poisoned Stab+1"],"relics":["Ring of the Snake","WarpedTongs","Anchor"],"acts_visited":["Exordium"],"potions_floor_usage":[8,16],"damage_taken":[{"damage":1,"enemies":"2 Louse","floor":1,"turns":4},{"damage":4,"enemies":"Cultist","floor":3,"turns":4},{"damage":7,"enemies":"Small Slimes","floor":4,"turns":4},{"damage":14,"enemies":"3 Louse","floor":7,"turns":5},{"damage":2,"enemies":"Exordium Thugs","floor":8,"turns":4},{"damage":1,"enemies":"Looter","floor":14,"turns":4},{"damage":64,"enemies":"The Guardian","floor":16,"turns":8}],"seed_played":"-6819619942711823176","potions_obtained":[{"floor":4,"key":"LiquidMemories"},{"floor":7,"key":"Dexterity Potion"},{"floor":8,"key":"ZuzhouPotion:ReiMu"},{"floor":14,"key":"AttackPotion"}],"is_trial":false,"path_per_floor":["M","?","M","M","$","R","M","M","T","R","$","R","?","M","R","B"],"character_chosen":"THE_SILENT","items_purchased":[],"campfire_rested":1,"item_purchase_floors":[],"current_hp_per_floor":[58,58,54,47,47,47,33,31,31,31,31,50,50,49,49,0,0],"gold":53,"neow_bonus":"RANDOM_COLORLESS_2","is_daily":false,"chose_seed":false,"campfire_upgraded":3,"win_rate":0.0,"timestamp":1611132742,"path_taken":["M","?","M","M","?","R","?","M","T","R","?","R","?","M","R","BOSS"],"items_purchased_type":[],"build_version":"2020-12-22","purchased_purges":0,"victory":false,"max_hp_per_floor":[66,66,66,66,66,66,66,66,66,66,66,66,66,66,66,66,66],"card_choices":[{"not_picked":["Violence","Thinking Ahead"],"picked":"Panache","floor":0},{"not_picked":["Flying Knee","Heel Hook"],"picked":"Dagger Throw","floor":1},{"not_picked":["Infinite Blades","Calculated Gamble"],"picked":"Footwork","floor":3},{"not_picked":["Bane","Catalyst","Flying Knee"],"picked":"SKIP","floor":4},{"not_picked":["Deflect","Outmaneuver"],"picked":"Acrobatics","floor":7},{"not_picked":["Dodge and Roll","Expertise"],"picked":"Backflip","floor":8},{"not_picked":["Deflect","Deadly Poison"],"picked":"Poisoned Stab","floor":14}],"player_experience":1849394,"relics_obtained":[{"floor":9,"key":"Anchor"}],"event_choices":[{"damage_healed":0,"gold_gain":0,"player_choice":"Rummage","damage_taken":0,"relics_obtained":["WarpedTongs"],"max_hp_gain":0,"max_hp_loss":0,"event_name":"Accursed Blacksmith","floor":2,"gold_loss":0,"cards_obtained":["Pain"]},{"cards_removed":["Pain"],"damage_healed":0,"gold_gain":0,"player_choice":"Purged","damage_taken":0,"max_hp_gain":0,"max_hp_loss":0,"event_name":"Purifier","floor":13,"gold_loss":0}],"is_beta":false,"boss_relics":[],"items_purged_floors":[],"is_endless":false,"potions_floor_spawned":[4,7,8,14],"killed_by":"The Guardian","ascension_level":20}}