{"host":"dmp5wkeaoxsk0qwa","time":1611181101,"event":{"mods":["AchievementEnabler","BaseMod","BetterRewards","Colored Map","Colored Powertips","Curses Come First","Minty Spire (QoL Compilation)","Permanent Neow","Quick Restart","Replay The Spire","Shop Mod","StSLib"],"gold_per_floor":[115,115,46,46,62,91,91,102,102,102,102,118,144,155,155,253,253,263,463,463,482,581,606,606,300,300,316,336,336,352,352,352,352,352],"floor_reached":33,"language":"ENG","playtime":1477,"items_purged":[],"score":290,"play_id":"d339cbe2-303d-4d42-abbe-509e9673b9e4","local_time":"20210120231821","is_ascension_mode":false,"campfire_choices":[{"data":"Shockwave","floor":7,"key":"SMITH"},{"floor":11,"key":"REST"},{"floor":15,"key":"REST"},{"floor":24,"key":"REST"},{"floor":29,"key":"REST"},{"data":"Hemogenesis","floor":32,"key":"SMITH"}],"circlet_count":0,"master_deck":["Strike_R","Strike_R","Strike_R+1","Strike_R","Strike_R","Defend_R","Defend_R","Defend_R","Defend_R","Bash","Anger","Pummel","Anger+1","Shockwave+1","Thunderclap+1","Sword Boomerang","Headbutt+1","Hemogenesis+1","ReplayTheSpireMod:Strike From Hell","Sword Boomerang","Sword Boomerang+1","Wild Strike","Flex","Headbutt","ReplayTheSpireMod:Strike From Hell","Spot Weakness"],"relics":["Black Blood","NeowsBlessing","Eternal Feather","Gremlin Food","Shuriken","Blue Doll","Replay:Grab Bag","Busted Crown","Ooze Armor","Darkstone Periapt","Ginger","Quantum Egg"],"acts_visited":["Exordium","TheCity"],"potions_floor_usage":[12,23,27,28,33],"damage_taken":[{"damage":0,"enemies":"Cultist","floor":1,"turns":1},{"damage":0,"enemies":"Small Slimes","floor":5,"turns":1},{"damage":0,"enemies":"3 Sentries","floor":6,"turns":1},{"damage":8,"enemies":"Jaw Worm","floor":8,"turns":3},{"damage":17,"enemies":"Exordium Thugs","floor":12,"turns":3},{"damage":10,"enemies":"Exordium Wildlife","floor":14,"turns":3},{"damage":2,"enemies":"Slime Boss","floor":16,"turns":7},{"damage":2,"enemies":"3 Byrds","floor":18,"turns":4},{"damage":24,"enemies":"2 Thieves","floor":21,"turns":3},{"damage":29,"enemies":"Gremlin Leader","floor":23,"turns":4},{"damage":21,"enemies":"Centurion and Healer","floor":27,"turns":6},{"damage":42,"enemies":"Shelled Parasite and Fungi","floor":28,"turns":4},{"damage":23,"enemies":"Sentry and Sphere","floor":30,"turns":4},{"damage":83,"enemies":"Champ","floor":33,"turns":7}],"seed_played":"-8240730527543806060","potions_obtained":[{"floor":2,"key":"AttackPotion"},{"floor":2,"key":"DuplicationPotion"},{"floor":2,"key":"Dexterity Potion"},{"floor":6,"key":"FearPotion"},{"floor":23,"key":"Adrenaline Potion"},{"floor":27,"key":"Adrenaline Potion"}],"is_trial":false,"path_per_floor":["M","?","$","T","M","E","R","M","T","?","R","M","T","M","R","B",null,"M","?","?","M","?","E","R","$","T","M","M","R","M","?","R","B"],"character_chosen":"IRONCLAD","items_purchased":["Pummel","Ginger"],"campfire_rested":4,"item_purchase_floors":[3,25],"current_hp_per_floor":[80,80,80,80,80,80,80,78,78,78,80,69,69,65,80,80,80,80,80,80,68,68,51,80,80,80,75,50,80,69,69,80,0,0],"gold":352,"neow_bonus":"THREE_ENEMY_KILL","is_daily":false,"chose_seed":false,"campfire_upgraded":2,"win_rate":0.0,"timestamp":1611181101,"path_taken":["M","?","$","?","M","E","R","M","T","?","R","?","?","M","R","BOSS","M","?","?","M","?","E","R","$","T","M","?","R","M","?","R","BOSS"],"items_purchased_type":["Card","Relic"],"build_version":"2020-12-22","purchased_purges":0,"victory":false,"max_hp_per_floor":[80,80,80,80,80,80,80,80,80,80,80,80,80,80,80,80,80,80,80,80,80,80,80,80,80,80,80,80,80,80,80,80,80,80],"card_choices":[{"not_picked":["Sword Boomerang","Run Through"],"picked":"Anger","floor":1},{"not_picked":["Thunderclap","Wild Strike"],"picked":"Anger","floor":5},{"not_picked":["Bloodletting","Sever Soul"],"picked":"Shockwave","floor":6},{"not_picked":["Replay:Undeath\u0027s Touch","ReplayTheSpireMod:Limb From Limb"],"picked":"Thunderclap","floor":8},{"not_picked":["Clothesline","Replay:Undeath\u0027s Touch"],"picked":"Sword Boomerang","floor":12},{"not_picked":["Reckless Charge","Clash"],"picked":"Headbutt","floor":14},{"not_picked":["Impervious","Fiend Fire"],"picked":"Hemogenesis","floor":16},{"not_picked":[],"picked":"ReplayTheSpireMod:Strike From Hell","floor":18},{"not_picked":[],"picked":"Sword Boomerang","floor":19},{"not_picked":[],"picked":"Sword Boomerang+1","floor":21},{"not_picked":[],"picked":"Wild Strike","floor":23},{"not_picked":[],"picked":"Flex","floor":27},{"not_picked":[],"picked":"Headbutt","floor":28},{"not_picked":[],"picked":"ReplayTheSpireMod:Strike From Hell","floor":30}],"player_experience":67382,"relics_obtained":[{"floor":4,"key":"Eternal Feather"},{"floor":6,"key":"Gremlin Food"},{"floor":9,"key":"Shuriken"},{"floor":13,"key":"Blue Doll"},{"floor":23,"key":"Darkstone Periapt"},{"floor":26,"key":"Quantum Egg"}],"event_choices":[{"damage_healed":0,"gold_gain":0,"player_choice":"Got Potions","damage_taken":0,"max_hp_gain":0,"max_hp_loss":0,"event_name":"Lab","floor":2,"gold_loss":0},{"damage_healed":0,"gold_gain":0,"player_choice":"Bought 0 Potions","damage_taken":0,"max_hp_gain":0,"max_hp_loss":0,"event_name":"The Woman in Blue","floor":10,"gold_loss":0},{"damage_healed":0,"gold_gain":0,"player_choice":"Ignored","damage_taken":0,"max_hp_gain":0,"max_hp_loss":0,"event_name":"Beggar","floor":20,"gold_loss":0},{"damage_healed":0,"gold_gain":99,"player_choice":"Stole From Cult","damage_taken":0,"max_hp_gain":0,"max_hp_loss":0,"event_name":"Nest","floor":22,"gold_loss":0},{"damage_healed":0,"gold_gain":0,"player_choice":"Read","damage_taken":0,"max_hp_gain":0,"max_hp_loss":0,"event_name":"The Library","floor":31,"gold_loss":0,"cards_obtained":["Spot Weakness"]}],"is_beta":false,"boss_relics":[{"not_picked":["Ring of Chaos","Cursed Key"],"picked":"Replay:Grab Bag"},{"not_picked":["Sozu","Replay:Bronze Core"],"picked":"Busted Crown"},{"not_picked":["ChewingGum","Mark of Pain"],"picked":"Ooze Armor"},{"not_picked":["Replay:Drink Me","SlaversCollar"],"picked":"Black Blood"}],"items_purged_floors":[],"is_endless":false,"potions_floor_spawned":[6,14,23,27],"killed_by":"Champ","ascension_level":0}}