{"host":"1yib4t3blvbtzkw7","time":1611174801,"event":{"mods":["2.2 Compatiblity","AchievementEnabler","BaseMod","Colored Map","DeckTracker","Highlight Path","Minty Spire (QoL Compilation)","Random Character Button","Rare Cards Sparkle"],"gold_per_floor":[118,132,132,148,172,172,186,219,244,274,274,274,290,306,306,401,401,419,438,452,452,471,506,506,64,115,133,133,165,41,58,58,159,159,170,170,220,234,234,234,265,265,311,345,396,396,396,37,37,37,37,37,37,71,71],"floor_reached":56,"language":"ENG","playtime":3681,"items_purged":["Regret","Strike_G"],"score":1303,"play_id":"4bbb94a9-70e5-493d-9915-5a969fcf6b31","local_time":"20210120213321","is_ascension_mode":false,"campfire_choices":[{"data":"Poisoned Stab","floor":6,"key":"SMITH"},{"floor":12,"key":"REST"},{"floor":15,"key":"REST"},{"floor":28,"key":"REST"},{"data":"After Image","floor":32,"key":"SMITH"},{"floor":40,"key":"RECALL"},{"data":"Blade Dance","floor":42,"key":"SMITH"},{"floor":46,"key":"REST"},{"data":"Infinite Blades","floor":49,"key":"SMITH"},{"data":"Blade Dance","floor":52,"key":"SMITH"}],"circlet_count":0,"master_deck":["Strike_G+1","Strike_G","Strike_G","Strike_G","Defend_G","Defend_G","Defend_G","Defend_G","Defend_G","Survivor","Neutralize","Tools of the Trade","Dagger Throw","Poisoned Stab+1","Deadly Poison","Prepared","Escape Plan","After Image+1","Deflect","Blade Dance+1","After Image+1","Blur","Slice","Well Laid Plans+1","Backstab+1","Cloak And Dagger","Eviscerate","Backstab+1","Noxious Fumes","Blade Dance+1","Doppelganger","Slice+1","Choke+1","Footwork","Prepared+1","Accuracy+1","Blade Dance+1","Infinite Blades+1","Blur","Cloak And Dagger+1"],"relics":["Ring of the Snake","Ornamental Fan","Boot","Matryoshka","Mummified Hand","Omamori","Black Star","MutagenicStrength","Regal Pillow","Lizard Tail","Calipers","StrikeDummy","Juzu Bracelet","Ginger","StoneCalendar","HoveringKite","Kunai","Centennial Puzzle","Whetstone","Question Card","War Paint","Tingsha","Bronze Scales","Gremlin Horn","White Beast Statue"],"acts_visited":["Exordium","TheCity","TheBeyond","TheEnding"],"potions_floor_usage":[10,23,31,55,55],"damage_taken":[{"damage":1,"enemies":"Cultist","floor":1,"turns":5},{"damage":0,"enemies":"Jaw Worm","floor":2,"turns":4},{"damage":3,"enemies":"Small Slimes","floor":4,"turns":2},{"damage":4,"enemies":"2 Fungi Beasts","floor":7,"turns":4},{"damage":23,"enemies":"3 Sentries","floor":8,"turns":9},{"damage":18,"enemies":"Lagavulin","floor":10,"turns":6},{"damage":1,"enemies":"3 Louse","floor":13,"turns":3},{"damage":8,"enemies":"Exordium Wildlife","floor":14,"turns":4},{"damage":7,"enemies":"Slime Boss","floor":16,"turns":12},{"damage":0,"enemies":"Shell Parasite","floor":18,"turns":5},{"damage":3,"enemies":"Chosen","floor":19,"turns":7},{"damage":14,"enemies":"Shelled Parasite and Fungi","floor":20,"turns":7},{"damage":2,"enemies":"Centurion and Healer","floor":22,"turns":7},{"damage":24,"enemies":"Slavers","floor":23,"turns":8},{"damage":6,"enemies":"Sentry and Sphere","floor":27,"turns":8},{"damage":0,"enemies":"Book of Stabbing","floor":29,"turns":6},{"damage":1,"enemies":"Snake Plant","floor":31,"turns":3},{"damage":1,"enemies":"Champ","floor":33,"turns":11},{"damage":0,"enemies":"3 Shapes","floor":35,"turns":3},{"damage":1,"enemies":"Mind Bloom Boss Battle","floor":37,"turns":7},{"damage":9,"enemies":"3 Darklings","floor":38,"turns":5},{"damage":21,"enemies":"Giant Head","floor":41,"turns":10},{"damage":0,"enemies":"Nemesis","floor":44,"turns":6},{"damage":10,"enemies":"2 Orb Walkers","floor":45,"turns":5},{"damage":31,"enemies":"Awakened One","floor":50,"turns":11},{"damage":8,"enemies":"Shield and Spear","floor":54,"turns":7},{"damage":12,"enemies":"The Heart","floor":55,"turns":9}],"seed_played":"2834956127236819001","potions_obtained":[{"floor":2,"key":"Poison Potion"},{"floor":4,"key":"Strength Potion"},{"floor":7,"key":"SteroidPotion"},{"floor":16,"key":"LiquidBronze"},{"floor":23,"key":"Swift Potion"},{"floor":27,"key":"Ancient Potion"},{"floor":33,"key":"Fire Potion"},{"floor":54,"key":"GhostInAJar"}],"is_trial":false,"path_per_floor":["M","M","?","M","T","R","M","E","T","E","?","R","M","M","R","B",null,"M","M","M","?","M","E","?","$","T","M","R","E","$","M","R","B",null,"M","?","?","M","?","R","E","R","T","E","?","R","?","$","R","B",null,"R","$","E","B",null],"character_chosen":"THE_SILENT","items_purchased":["Calipers","Cloak And Dagger","Noxious Fumes","Deflect","Bronze Scales","Infinite Blades","Blur"],"campfire_rested":4,"item_purchase_floors":[25,25,30,30,48,48,48],"current_hp_per_floor":[62,62,62,59,59,59,55,32,32,14,14,32,31,23,41,34,63,63,60,46,46,44,20,9,9,9,3,38,38,38,37,37,36,68,68,68,67,58,58,58,37,37,37,37,27,61,61,61,61,30,65,65,65,57,45],"gold":71,"neow_bonus":"THREE_RARE_CARDS","is_daily":false,"chose_seed":false,"campfire_upgraded":5,"win_rate":0.0,"timestamp":1611174801,"path_taken":["M","M","?","M","?","R","M","E","T","E","?","R","M","M","R","BOSS","M","M","M","?","M","E","?","?","T","M","R","E","$","M","R","BOSS","M","?","?","M","?","R","E","R","T","E","?","R","?","$","R","BOSS","R","$","E","BOSS"],"items_purchased_type":["Relic","Card","Card","Card","Relic","Card","Card"],"build_version":"2020-12-22","purchased_purges":2,"victory":true,"max_hp_per_floor":[63,63,63,63,63,63,63,63,63,63,63,63,63,63,63,63,63,63,63,63,63,63,63,68,68,68,68,68,68,68,68,68,68,68,68,68,68,68,65,65,65,65,65,65,65,65,65,65,65,65,65,65,65,65,65],"card_choices":[{"not_picked":["Wraith Form v2","Grand Finale"],"picked":"Tools of the Trade","floor":0},{"not_picked":["Deflect","Leg Sweep"],"picked":"Dagger Throw","floor":1},{"not_picked":["Quick Slash","Backflip"],"picked":"Poisoned Stab","floor":2},{"not_picked":["Terror","Poisoned Stab"],"picked":"Deadly Poison","floor":4},{"not_picked":["Acrobatics","Eviscerate"],"picked":"Prepared","floor":7},{"not_picked":["Concentrate","Leg Sweep"],"picked":"Escape Plan","floor":8},{"not_picked":["Dagger Throw","Dodge and Roll"],"picked":"After Image","floor":10},{"not_picked":["Sucker Punch","Quick Slash"],"picked":"Deflect","floor":13},{"not_picked":["Underhanded Strike","Flying Knee"],"picked":"Blade Dance","floor":14},{"not_picked":["Storm of Steel","Tools of the Trade"],"picked":"After Image","floor":16},{"not_picked":["Bane","Dagger Spray"],"picked":"Blur","floor":18},{"not_picked":["Sucker Punch+1","Outmaneuver"],"picked":"Slice","floor":19},{"not_picked":["Crippling Poison+1","Bane+1","Terror+1"],"picked":"SKIP","floor":20},{"not_picked":["Corpse Explosion","Bouncing Flask"],"picked":"Well Laid Plans+1","floor":22},{"not_picked":["Reflex","Distraction"],"picked":"Backstab+1","floor":23},{"not_picked":["Quick Slash+1","Heel Hook"],"picked":"Eviscerate","floor":27},{"not_picked":["Poisoned Stab","Crippling Poison"],"picked":"Backstab","floor":29},{"not_picked":["Flying Knee","All Out Attack"],"picked":"Blade Dance","floor":31},{"not_picked":["Wraith Form v2","Malaise"],"picked":"Doppelganger","floor":33},{"not_picked":["Dagger Spray+1","Cloak And Dagger"],"picked":"Slice+1","floor":35},{"not_picked":["Backflip","Underhanded Strike"],"picked":"Choke+1","floor":37},{"not_picked":["Backflip+1","Calculated Gamble"],"picked":"Footwork","floor":38},{"not_picked":["Cloak And Dagger","Eviscerate"],"picked":"Prepared","floor":41},{"not_picked":["PiercingWail","Reflex"],"picked":"Accuracy+1","floor":44},{"not_picked":["Bouncing Flask+1","Burst","Backflip"],"picked":"Blade Dance","floor":45},{"not_picked":["Dagger Throw","Venomology","Masterful Stab+1"],"picked":"Cloak And Dagger+1","floor":54}],"player_experience":764232,"relics_obtained":[{"floor":5,"key":"Boot"},{"floor":8,"key":"Matryoshka"},{"floor":9,"key":"Mummified Hand"},{"floor":10,"key":"Omamori"},{"floor":23,"key":"Regal Pillow"},{"floor":23,"key":"Lizard Tail"},{"floor":26,"key":"StrikeDummy"},{"floor":26,"key":"Juzu Bracelet"},{"floor":29,"key":"Ginger"},{"floor":29,"key":"StoneCalendar"},{"floor":41,"key":"Kunai"},{"floor":41,"key":"Centennial Puzzle"},{"floor":43,"key":"Whetstone"},{"floor":44,"key":"Question Card"},{"floor":44,"key":"War Paint"},{"floor":45,"key":"Tingsha"},{"floor":54,"key":"Gremlin Horn"},{"floor":54,"key":"White Beast Statue"}],"event_choices":[{"damage_healed":0,"gold_gain":0,"player_choice":"Box","damage_taken":0,"relics_obtained":["Ornamental Fan"],"max_hp_gain":0,"max_hp_loss":0,"event_name":"Big Fish","floor":3,"gold_loss":0,"cards_obtained":["Regret"]},{"damage_healed":0,"gold_gain":0,"player_choice":"Grow","damage_taken":0,"max_hp_gain":0,"max_hp_loss":0,"event_name":"Living Wall","floor":11,"gold_loss":0,"cards_upgraded":["After Image"]},{"damage_healed":0,"gold_gain":0,"player_choice":"Inject Mutagens","damage_taken":0,"relics_obtained":["MutagenicStrength"],"max_hp_gain":0,"max_hp_loss":0,"event_name":"Drug Dealer","floor":21,"gold_loss":0},{"damage_healed":0,"gold_gain":0,"player_choice":"Shed Blood","damage_taken":16,"max_hp_gain":5,"max_hp_loss":0,"event_name":"Forgotten Altar","floor":24,"gold_loss":0},{"cards_removed":["Deflect"],"damage_healed":0,"gold_gain":0,"player_choice":"Removed Skill","damage_taken":0,"max_hp_gain":0,"max_hp_loss":0,"event_name":"Falling","floor":36,"gold_loss":0},{"damage_healed":0,"gold_gain":0,"player_choice":"Fight","damage_taken":0,"max_hp_gain":0,"max_hp_loss":0,"event_name":"MindBloom","floor":37,"gold_loss":0},{"damage_healed":0,"gold_gain":0,"player_choice":"Max HP","damage_taken":0,"max_hp_gain":0,"max_hp_loss":3,"event_name":"Winding Halls","floor":39,"gold_loss":0},{"damage_healed":0,"gold_gain":0,"player_choice":"Fight","damage_taken":0,"max_hp_gain":0,"max_hp_loss":0,"event_name":"Mysterious Sphere","floor":45,"gold_loss":0},{"damage_healed":0,"gold_gain":0,"player_choice":"Ignored","damage_taken":0,"max_hp_gain":0,"max_hp_loss":0,"event_name":"Tomb of Lord Red Mask","floor":47,"gold_loss":0}],"is_beta":false,"boss_relics":[{"not_picked":["Runic Dome","Ectoplasm"],"picked":"Black Star"},{"not_picked":["Astrolabe","Runic Pyramid"],"picked":"HoveringKite"}],"items_purged_floors":[25,48],"is_endless":false,"potions_floor_spawned":[2,4,7,16,19,22,23,27,33,44,45,54],"ascension_level":0}}