{"host":"5yoj846f700ld8qy","time":1611176191,"event":{"mods":["AchievementEnabler","Aspiration","BaseMod","Better Altar","Better Match","Better Note","Better Sensory Stone","Better Skull","Better Third Choice","Colored Map","Colored Powertips","Minty Spire (QoL Compilation)","StSLib"],"gold_per_floor":[17,34,34,34,34,34,66,9,9,22,22,33,44,63,63,141,141,158,208,227,247,8,8,28,28,28,28,28],"floor_reached":27,"language":"ENG","playtime":890,"items_purged":["Strike_R+1"],"score":398,"play_id":"7fd79642-75b4-4752-9b62-6ea993ba91cf","local_time":"20210120225631","is_ascension_mode":true,"campfire_choices":[{"data":"Bash","floor":6,"key":"SMITH"},{"floor":15,"key":"REST"},{"floor":23,"key":"REST"},{"floor":25,"key":"REST"}],"circlet_count":0,"master_deck":["AscendersBane","Strike_R+1","Strike_R+1","Strike_R+1","Strike_R+1","Defend_R","Defend_R","Defend_R","Defend_R","Bash+1","Rampage+1","Intimidate","Whirlwind+1","Thunderclap+1","Warcry+1","Flex+1","Reaper","Offering+1","Havoc+1","True Grit+1","True Grit+1","Feed","Battle Trance+1"],"relics":["Burning Blood","Unceasing Top","Question Card","Omamori","Toxic Egg 2","Runic Pyramid","Letter Opener"],"acts_visited":["Exordium","TheCity"],"potions_floor_usage":[7,16,18,24,27],"damage_taken":[{"damage":10,"enemies":"Small Slimes","floor":1,"turns":3},{"damage":12,"enemies":"Jaw Worm","floor":2,"turns":2},{"damage":22,"enemies":"Lagavulin","floor":7,"turns":5},{"damage":16,"enemies":"2 Louse","floor":10,"turns":4},{"damage":7,"enemies":"Blue Slaver","floor":12,"turns":4},{"damage":12,"enemies":"Large Slime","floor":13,"turns":3},{"damage":11,"enemies":"Looter","floor":14,"turns":3},{"damage":32,"enemies":"Hexaghost","floor":16,"turns":7},{"damage":27,"enemies":"Shell Parasite","floor":18,"turns":2},{"damage":28,"enemies":"3 Byrds","floor":20,"turns":4},{"damage":30,"enemies":"Sentry and Sphere","floor":21,"turns":4},{"damage":51,"enemies":"Cultist and Chosen","floor":24,"turns":6},{"damage":34,"enemies":"Snecko","floor":27,"turns":6}],"seed_played":"-4911219086240706944","potions_obtained":[{"floor":1,"key":"BlessingOfTheForge"},{"floor":7,"key":"Strength Potion"},{"floor":10,"key":"DistilledChaos"},{"floor":21,"key":"Swift Potion"},{"floor":24,"key":"LiquidMemories"}],"is_trial":false,"path_per_floor":["M","M","?","?","T","R","E","$","T","M","?","M","M","M","R","B",null,"M","?","M","M","$","R","M","R","T","M"],"character_chosen":"IRONCLAD","items_purchased":["Thunderclap","Feed"],"campfire_rested":3,"item_purchase_floors":[8,22],"current_hp_per_floor":[64,58,53,53,53,53,39,39,39,31,31,30,24,19,41,21,62,41,41,31,15,15,37,7,30,30,8,8],"gold":28,"neow_bonus":"ONE_RARE_RELIC","is_daily":false,"chose_seed":false,"campfire_upgraded":1,"win_rate":0.0,"timestamp":1611176191,"path_taken":["M","M","?","?","?","R","E","$","T","M","?","M","M","?","R","BOSS","M","?","M","M","$","R","M","R","T","M"],"items_purchased_type":["Card","Card"],"build_version":"2020-12-22","purchased_purges":1,"victory":false,"max_hp_per_floor":[75,75,75,75,75,75,75,75,75,75,75,75,75,75,75,75,75,75,75,75,75,75,75,78,78,78,78,78],"card_choices":[{"not_picked":["Spot Weakness","Power Through"],"picked":"Rampage","floor":1},{"not_picked":["Searing Blow","Iron Wave"],"picked":"Intimidate","floor":2},{"not_picked":["Wild Strike","Body Slam","Entrench"],"picked":"Whirlwind","floor":7},{"not_picked":["Evolve","Headbutt","Hemokinesis"],"picked":"Warcry+1","floor":10},{"not_picked":["Clash","Heavy Blade","Wild Strike"],"picked":"Flex+1","floor":12},{"not_picked":["Feel No Pain","Heavy Blade","Sentinel+1","Body Slam"],"picked":"SKIP","floor":13},{"not_picked":["Armaments+1","Anger","Dropkick"],"picked":"Reaper","floor":14},{"not_picked":["Demon Form","Juggernaut","Double Tap+1"],"picked":"Offering+1","floor":16},{"not_picked":["Twin Strike","Cleave","Rampage"],"picked":"Havoc+1","floor":18},{"not_picked":["Entrench+1","Anger","Intimidate+1"],"picked":"True Grit+1","floor":20},{"not_picked":["Rampage","Armaments+1","Heavy Blade"],"picked":"True Grit+1","floor":21},{"not_picked":["Clothesline","Heavy Blade","Inflame"],"picked":"Battle Trance+1","floor":24}],"player_experience":406798,"relics_obtained":[{"floor":5,"key":"Question Card"},{"floor":7,"key":"Omamori"},{"floor":9,"key":"Toxic Egg 2"},{"floor":26,"key":"Letter Opener"}],"event_choices":[{"damage_healed":0,"gold_gain":0,"player_choice":"Relic ","damage_taken":5,"max_hp_gain":0,"max_hp_loss":0,"event_name":"betterThird:BetterScrap","floor":3,"gold_loss":0,"cards_obtained":["DeceiveReality"]},{"damage_healed":0,"gold_gain":0,"player_choice":"Grow","damage_taken":0,"max_hp_gain":0,"max_hp_loss":0,"event_name":"Living Wall","floor":4,"gold_loss":0,"cards_upgraded":["Rampage"]},{"damage_healed":0,"gold_gain":50,"player_choice":"Steal","damage_taken":0,"max_hp_gain":0,"max_hp_loss":0,"event_name":"betterThird:BetterNest","floor":19,"gold_loss":0}],"is_beta":false,"boss_relics":[{"not_picked":["Philosopher\u0027s Stone","Black Star"],"picked":"Runic Pyramid"}],"items_purged_floors":[22],"is_endless":false,"potions_floor_spawned":[1,7,10,21,24],"killed_by":"Snecko","ascension_level":17}}