{"host":"usrgk25etjl0nf5i","time":1611119530,"event":{"mods":["2.2 Compatiblity","BaseMod","Downfall","Hubris","Minty Spire (QoL Compilation)","StSLib","SuperFastMode"],"gold_per_floor":[118,118,128,203,215,215,244,244,271,287,287,316,330,358,358,460,460,443,368,385,485,485,485,485],"floor_reached":23,"language":"ENG","playtime":551,"items_purged":[],"score":424,"play_id":"3a92088d-40a4-4af4-b8e4-5435b168f854","local_time":"20210119211210","is_ascension_mode":true,"campfire_choices":[{"data":"Lockon","floor":6,"key":"SMITH"},{"floor":8,"key":"REST"},{"floor":11,"key":"REST"},{"floor":15,"key":"REST"}],"circlet_count":0,"master_deck":["AscendersBane","Strike_B","Strike_B","Strike_B","Defend_B","Defend_B+1","Defend_B","Defend_B","Zap+1","Dualcast","Doom and Gloom","Lockon+1","Go for the Eyes","Machine Learning","Capacitor","Biased Cognition","Echo Form","Self Repair","White Noise","Doubt","Parasite","downfall:Aged","Rainbow","hubris:Gluttony","Writhe"],"relics":["Cracked Core","Art of War","sneckomod:BlankCard","Question Card","Peace Pipe","Black Star","Du-Vu Doll","hubris:Icosahedron"],"acts_visited":["Exordium","TheCity"],"potions_floor_usage":[13,14,16],"damage_taken":[{"damage":7,"enemies":"Jaw Worm","floor":1,"turns":3},{"damage":0,"enemies":"Small Slimes","floor":3,"turns":2},{"damage":0,"enemies":"2 Louse","floor":5,"turns":2},{"damage":10,"enemies":"Lagavulin","floor":7,"turns":5},{"damage":0,"enemies":"Large Slime","floor":10,"turns":3},{"damage":34,"enemies":"Gremlin Nob","floor":12,"turns":4},{"damage":0,"enemies":"3 Louse","floor":13,"turns":1},{"damage":30,"enemies":"Lagavulin","floor":14,"turns":4},{"damage":11,"enemies":"Hexaghost","floor":16,"turns":7},{"damage":21,"enemies":"2 Thieves","floor":18,"turns":4},{"damage":14,"enemies":"3 Byrds","floor":20,"turns":5},{"damage":57,"enemies":"Gremlin Leader","floor":23,"turns":2}],"seed_played":"-4612732533165282071","potions_obtained":[{"floor":1,"key":"Swift Potion"},{"floor":3,"key":"BlessingOfTheForge"},{"floor":13,"key":"PowerPotion"}],"is_trial":false,"path_per_floor":["M","?","M","?","M","R","E","R","T","M","R","E","M","E","R","B",null,"M","?","M","?","?","E"],"character_chosen":"DEFECT","items_purchased":[],"campfire_rested":3,"item_purchase_floors":[],"current_hp_per_floor":[68,52,52,41,41,41,31,55,55,55,79,45,45,15,39,28,69,48,48,41,46,46,0,0],"gold":485,"neow_bonus":"TEN_PERCENT_HP_BONUS","is_daily":false,"chose_seed":false,"campfire_upgraded":1,"win_rate":0.0,"timestamp":1611119530,"path_taken":["M","?","M","?","?","R","E","R","T","M","R","E","M","E","R","BOSS","M","?","M","?","?","E"],"items_purchased_type":[],"build_version":"2020-12-22","purchased_purges":0,"victory":false,"max_hp_per_floor":[82,82,82,82,82,82,82,82,82,82,82,82,82,82,82,82,82,82,82,82,87,87,87,87],"card_choices":[{"not_picked":["Force Field","Steam"],"picked":"Doom and Gloom","floor":1},{"not_picked":["Ball Lightning","Steam"],"picked":"Lockon","floor":3},{"not_picked":["Ball Lightning","Steam"],"picked":"Go for the Eyes","floor":5},{"not_picked":["Conserve Battery","Capacitor"],"picked":"Machine Learning","floor":7},{"not_picked":["Go for the Eyes","Chaos","Reinforced Body"],"picked":"SKIP","floor":10},{"not_picked":["Streamline","All For One","Cold Snap"],"picked":"SKIP","floor":12},{"not_picked":["Ball Lightning","Blizzard","Barrage"],"picked":"Capacitor","floor":13},{"not_picked":["All For One","Coolheaded","Gash"],"picked":"Biased Cognition","floor":14},{"not_picked":["Amplify","Seek","All For One"],"picked":"Echo Form","floor":16},{"not_picked":["Coolheaded","Storm","Streamline+1"],"picked":"Self Repair","floor":18},{"not_picked":["Consume","Hello World","Go for the Eyes"],"picked":"White Noise","floor":20}],"player_experience":650707,"relics_obtained":[{"floor":7,"key":"Art of War"},{"floor":9,"key":"sneckomod:BlankCard"},{"floor":12,"key":"Question Card"},{"floor":14,"key":"Peace Pipe"}],"event_choices":[{"damage_healed":0,"gold_gain":0,"player_choice":"Entered Light","damage_taken":16,"max_hp_gain":0,"max_hp_loss":0,"event_name":"Shining Light","floor":2,"gold_loss":0,"cards_upgraded":["Zap","Defend_B"]},{"damage_healed":0,"gold_gain":75,"player_choice":"Gather Gold","damage_taken":11,"max_hp_gain":0,"max_hp_loss":0,"event_name":"World of Goop","floor":4,"gold_loss":0},{"cards_removed":["Strike_B"],"damage_healed":0,"gold_gain":0,"player_choice":"Gave Gold","damage_taken":0,"max_hp_gain":0,"max_hp_loss":0,"event_name":"Beggar","floor":19,"gold_loss":75}],"is_beta":false,"boss_relics":[{"not_picked":["Calling Bell","Sozu"],"picked":"Black Star"}],"items_purged_floors":[],"is_endless":false,"potions_floor_spawned":[1,3,13],"killed_by":"Gremlin Leader","ascension_level":11}}