{"host":"mai03x2ekbjy4059","time":1611184769,"event":{"mods":["2.2 Compatiblity","BaseMod","Colored Map","DeckTracker","Keyboard Shortcuts","Minty Spire (QoL Compilation)","Permanent Neow","Quick Restart","SuperFastMode","everything is the same but u backflip on backflip"],"gold_per_floor":[15,29,29,29,29,69,81,124,136,178,190,222,234,281,293,409,421,447,473,497,536,473,520,532,574,610,656,321,321,349,366,366,465,465,483,499,549,549,277,310,329,356,356,383,383,411,633,666,666,666,666,666,77,105,105],"floor_reached":56,"language":"KOR","playtime":1935,"items_purged":["Strike_G","Strike_G","Strike_G"],"score":1891,"play_id":"da0866dd-38fb-4db1-a1f2-da66a3293069","local_time":"20210121081929","is_ascension_mode":true,"campfire_choices":[{"data":"Noxious Fumes","floor":7.0,"key":"SMITH"},{"data":"Corpse Explosion","floor":11.0,"key":"SMITH"},{"data":"Backflip","floor":13.0,"key":"SMITH"},{"data":"Night Terror","floor":15.0,"key":"SMITH"},{"data":"Backflip","floor":24.0,"key":"SMITH"},{"data":"Deadly Poison","floor":32.0,"key":"SMITH"},{"floor":49.0,"key":"RECALL"},{"data":"Adrenaline","floor":52.0,"key":"SMITH"}],"circlet_count":0,"master_deck":["Defend_G","Defend_G","Defend_G","Survivor","Neutralize","Backflip+1","Noxious Fumes+1","Corpse Explosion+1","Backflip+1","Night Terror+1","Adrenaline","Escape Plan","Finesse","Deadly Poison+1","Adrenaline+1","Noxious Fumes+1","Catalyst+1","Footwork","Footwork","Dodge and Roll+1","Footwork","Adrenaline+1","PiercingWail+1"],"relics":["Ring of the Snake","Thread and Needle","MawBank","Turnip","Ninja Scroll","Bottled Tornado","Smiling Mask","WingedGreaves","Sozu","Red Mask","Dream Catcher","Bag of Preparation","Blood Vial","InkBottle","Anchor","FaceOfCleric","Bag of Marbles","Coffee Dripper","TungstenRod","Lantern","Eternal Feather","Omamori","Juzu Bracelet","Vajra","Strawberry","DollysMirror","Pantograph","Centennial Puzzle","CaptainsWheel"],"acts_visited":["Exordium","TheCity","TheBeyond","TheEnding"],"potions_floor_usage":[55],"damage_taken":[{"damage":1.0,"enemies":"Small Slimes","floor":1.0,"turns":5.0},{"damage":0.0,"enemies":"Jaw Worm","floor":2.0,"turns":4.0},{"damage":23.0,"enemies":"Gremlin Nob","floor":6.0,"turns":6.0},{"damage":0.0,"enemies":"Lagavulin","floor":8.0,"turns":9.0},{"damage":20.0,"enemies":"Gremlin Nob","floor":10.0,"turns":4.0},{"damage":0.0,"enemies":"2 Louse","floor":12.0,"turns":1.0},{"damage":8.0,"enemies":"Lagavulin","floor":14.0,"turns":6.0},{"damage":8.0,"enemies":"Slime Boss","floor":16.0,"turns":5.0},{"damage":0.0,"enemies":"Chosen","floor":18.0,"turns":5.0},{"damage":0.0,"enemies":"Spheric Guardian","floor":19.0,"turns":4.0},{"damage":6.0,"enemies":"Snecko","floor":20.0,"turns":4.0},{"damage":0.0,"enemies":"Masked Bandits","floor":21.0,"turns":2.0},{"damage":6.0,"enemies":"Slavers","floor":23.0,"turns":2.0},{"damage":0.0,"enemies":"Book of Stabbing","floor":25.0,"turns":6.0},{"damage":0.0,"enemies":"Slavers","floor":27.0,"turns":4.0},{"damage":0.0,"enemies":"Book of Stabbing","floor":30.0,"turns":5.0},{"damage":0.0,"enemies":"Centurion and Healer","floor":31.0,"turns":3.0},{"damage":0.0,"enemies":"Collector","floor":33.0,"turns":6.0},{"damage":0.0,"enemies":"3 Darklings","floor":35.0,"turns":2.0},{"damage":0.0,"enemies":"3 Shapes","floor":36.0,"turns":1.0},{"damage":0.0,"enemies":"Mind Bloom Boss Battle","floor":37.0,"turns":3.0},{"damage":0.0,"enemies":"Nemesis","floor":40.0,"turns":3.0},{"damage":0.0,"enemies":"Transient","floor":41.0,"turns":5.0},{"damage":0.0,"enemies":"Giant Head","floor":42.0,"turns":4.0},{"damage":0.0,"enemies":"Nemesis","floor":44.0,"turns":5.0},{"damage":0.0,"enemies":"Reptomancer","floor":46.0,"turns":2.0},{"damage":7.0,"enemies":"Nemesis","floor":48.0,"turns":5.0},{"damage":0.0,"enemies":"Donu and Deca","floor":50.0,"turns":5.0},{"damage":0,"enemies":"Shield and Spear","floor":54,"turns":2},{"damage":10,"enemies":"The Heart","floor":55,"turns":6}],"seed_played":"3742362399922735277","potions_obtained":[{"floor":2.0,"key":"Block Potion"},{"floor":10.0,"key":"EntropicBrew"},{"floor":12.0,"key":"FearPotion"},{"floor":16.0,"key":"Poison Potion"}],"is_trial":false,"path_per_floor":["M","M","?","?","T","E","R","E","T","E","R","M","R","E","R","B",null,"M","M","M","?","?","E","R","E","T","E","$","?","E","M","R","B",null,"M","M","?","?","$","E","M","E","T","E","?","E","?","E","R","B",null,"R","$","E","B",null],"character_chosen":"THE_SILENT","items_purchased":["Anchor","Finesse","Deadly Poison","Footwork","Lantern","DollysMirror","Pantograph","Centennial Puzzle"],"campfire_rested":0,"item_purchase_floors":[28,28,28,39,39,53,53,53],"current_hp_per_floor":[69,69,69,62,62,39,39,39,39,19,19,19,19,11,11,3,70,70,70,64,64,64,58,58,58,58,60,60,60,63,66,66,69,73,74,75,76,76,76,77,78,79,79,80,76,77,77,78,85,86,86,86,86,87,78],"gold":105,"neow_bonus":"ONE_RARE_RELIC","is_daily":false,"chose_seed":false,"campfire_upgraded":7,"win_rate":0.0,"timestamp":1611184769,"path_taken":["M","M","?","?","?","E","R","E","T","E","R","?","R","E","R","BOSS","M","M","M","?","?","E","R","E","T","E","$","?","E","M","R","BOSS","M","?","?","?","?","E","M","E","T","E","?","E","?","E","R","BOSS","R","$","E","BOSS"],"items_purchased_type":["Relic","Card","Card","Card","Relic","Relic","Relic","Relic"],"build_version":"2020-12-22","purchased_purges":3,"victory":true,"max_hp_per_floor":[70,70,70,70,70,70,70,70,70,70,70,70,70,70,70,70,70,70,70,70,70,70,70,70,70,70,70,70,70,71,72,72,73,73,74,75,76,76,76,77,78,79,79,80,76,77,77,85,85,86,86,86,86,87,88],"card_choices":[{"not_picked":["Quick Slash","Predator","Underhanded Strike"],"picked":"SKIP","floor":1.0},{"not_picked":["Riddle With Holes","Outmaneuver"],"picked":"Backflip","floor":2.0},{"not_picked":["Slice","Accuracy"],"picked":"Noxious Fumes","floor":6.0},{"not_picked":["Distraction","Concentrate","Skewer"],"picked":"SKIP","floor":8.0},{"not_picked":["Expertise","Choke"],"picked":"Corpse Explosion","floor":10.0},{"not_picked":["Concentrate","Outmaneuver"],"picked":"Backflip","floor":12.0},{"not_picked":["Dodge and Roll","Heel Hook"],"picked":"Night Terror","floor":14.0},{"not_picked":["Unload","Storm of Steel"],"picked":"Adrenaline","floor":16.0},{"not_picked":["Prepared","Poisoned Stab","Deflect"],"picked":"SKIP","floor":18.0},{"not_picked":["Bane+1","Sucker Punch","Caltrops"],"picked":"SKIP","floor":19.0},{"not_picked":["Prepared","Dagger Spray+1","Cloak And Dagger+1"],"picked":"SKIP","floor":20.0},{"not_picked":["Flechettes","Corpse Explosion","Reflex+1"],"picked":"SKIP","floor":23.0},{"not_picked":["Choke","Backflip","Quick Slash+1"],"picked":"SKIP","floor":25.0},{"not_picked":["Slice","Glass Knife"],"picked":"Escape Plan","floor":27.0},{"not_picked":["Choke","Infinite Blades","Blade Dance"],"picked":"SKIP","floor":30.0},{"not_picked":["Infinite Blades","Sucker Punch+1","Distraction"],"picked":"SKIP","floor":31.0},{"not_picked":["Night Terror","Bullet Time"],"picked":"Adrenaline","floor":33.0},{"not_picked":["Dagger Throw","Bane+1"],"picked":"Noxious Fumes+1","floor":35.0},{"not_picked":["Sucker Punch+1","Underhanded Strike"],"picked":"Catalyst+1","floor":36.0},{"not_picked":["Heel Hook+1","Backstab","Wraith Form v2"],"picked":"SKIP","floor":40.0},{"not_picked":["Quick Slash+1","All Out Attack"],"picked":"Footwork","floor":41.0},{"not_picked":["Dash","Heel Hook+1"],"picked":"Dodge and Roll+1","floor":42.0},{"not_picked":["Blade Dance+1","Choke","Sucker Punch+1"],"picked":"SKIP","floor":44.0},{"not_picked":["Dash+1","Eviscerate","Cloak And Dagger+1"],"picked":"SKIP","floor":46.0},{"not_picked":["Acrobatics+1","Die Die Die"],"picked":"Footwork","floor":48.0},{"not_picked":["Backflip+1","Leg Sweep+1"],"picked":"PiercingWail+1","floor":54}],"player_experience":1115318,"relics_obtained":[{"floor":5.0,"key":"MawBank"},{"floor":6.0,"key":"Turnip"},{"floor":8.0,"key":"Ninja Scroll"},{"floor":9.0,"key":"Bottled Tornado"},{"floor":10.0,"key":"Smiling Mask"},{"floor":14.0,"key":"WingedGreaves"},{"floor":21.0,"key":"Red Mask"},{"floor":23.0,"key":"Dream Catcher"},{"floor":25.0,"key":"Bag of Preparation"},{"floor":26.0,"key":"Blood Vial"},{"floor":27.0,"key":"InkBottle"},{"floor":30.0,"key":"Bag of Marbles"},{"floor":37.0,"key":"TungstenRod"},{"floor":40.0,"key":"Eternal Feather"},{"floor":42.0,"key":"Omamori"},{"floor":44.0,"key":"Juzu Bracelet"},{"floor":46.0,"key":"Vajra"},{"floor":48.0,"key":"Strawberry"},{"floor":54,"key":"CaptainsWheel"}],"event_choices":[{"cards_removed":["Defend_G"],"damage_healed":0.0,"max_hp_gain":0.0,"max_hp_loss":0.0,"gold_gain":0.0,"event_name":"Living Wall","player_choice":"Forget","floor":3.0,"gold_loss":0.0,"damage_taken":0.0},{"cards_removed":["Defend_G"],"damage_healed":0.0,"max_hp_gain":0.0,"max_hp_loss":0.0,"gold_gain":0.0,"event_name":"Golden Wing","player_choice":"Card Removal","floor":4.0,"gold_loss":0.0,"damage_taken":7.0},{"damage_healed":0.0,"max_hp_gain":0.0,"max_hp_loss":0.0,"gold_gain":0.0,"event_name":"Masked Bandits","player_choice":"Fought Bandits","floor":21.0,"gold_loss":0.0,"damage_taken":0.0},{"cards_removed":["Strike_G"],"damage_healed":0.0,"max_hp_gain":0.0,"max_hp_loss":0.0,"gold_gain":0.0,"event_name":"Beggar","player_choice":"Gave Gold","floor":22.0,"gold_loss":75.0,"damage_taken":0.0},{"damage_healed":0.0,"max_hp_gain":0.0,"max_hp_loss":0.0,"gold_gain":0.0,"event_name":"FaceTrader","player_choice":"Trade","floor":29.0,"gold_loss":0.0,"damage_taken":0.0,"relics_obtained":["FaceOfCleric"]},{"damage_healed":0.0,"max_hp_gain":0.0,"max_hp_loss":0.0,"gold_gain":0.0,"event_name":"MindBloom","player_choice":"Fight","floor":37.0,"gold_loss":0.0,"damage_taken":0.0},{"cards_removed":["Strike_G"],"damage_healed":0.0,"max_hp_gain":0.0,"max_hp_loss":0.0,"gold_gain":0.0,"event_name":"Falling","player_choice":"Removed Attack","floor":38.0,"gold_loss":0.0,"damage_taken":0.0},{"damage_healed":0.0,"max_hp_gain":0.0,"max_hp_loss":4.0,"gold_gain":0.0,"event_name":"Winding Halls","player_choice":"Max HP","floor":45.0,"gold_loss":0.0,"damage_taken":0.0},{"damage_healed":0.0,"max_hp_gain":0.0,"max_hp_loss":0.0,"gold_gain":222.0,"event_name":"Tomb of Lord Red Mask","player_choice":"Wore Mask","floor":47.0,"gold_loss":0.0,"damage_taken":0.0}],"is_beta":false,"boss_relics":[{"not_picked":["Tiny House","Ectoplasm"],"picked":"Sozu"},{"not_picked":["Philosopher\u0027s Stone","HoveringKite"],"picked":"Coffee Dripper"}],"items_purged_floors":[28,39,53],"is_endless":false,"potions_floor_spawned":[2,10,12,16,19,20,23,25,33,35,40,42,44],"ascension_level":1}}