{"host":"z7p9vpu3tdvnhwui","time":1611168908,"event":{"mods":["2.2 Compatiblity","Act Like it!","BaseMod","Better Third Choice","Colored Powertips","DeckTracker","Defuse TimeMaze Blight","Friendly Minions","Hermit","Hubris","Infinite Spire","Marisa????????","Minty Spire (QoL Compilation)","Quick Restart","Rare Cards Sparkle","Replay The Spire","Shop Mod","Somnambulant","Spicy Shops","StSLib","The Cursed","The Forsaken","The Necromancer","The Servant 0.9.4","TheSwordswoman"],"gold_per_floor":[113,113,113,113,123,158,158,158,158,158,169,182,86,103,103,198,198,216,17,17,29,29,29,29,29,29],"floor_reached":25,"language":"ENG","playtime":3599,"items_purged":[],"score":224,"play_id":"196360af-3510-4690-a884-88f9d80abb38","local_time":"20210120185508","is_ascension_mode":false,"campfire_choices":[{"floor":7,"key":"REST"},{"data":"somnambulantmod: LightSleeper","floor":10,"key":"SMITH"},{"floor":15,"key":"REST"},{"data":"somnambulantmod: LoseForm","floor":23,"key":"SMITH"}],"circlet_count":0,"master_deck":["somnambulantmod: SomnambulantStrike+1","somnambulantmod: SomnambulantStrike","somnambulantmod: SomnambulantStrike","somnambulantmod: Defend_Somnambulant","somnambulantmod: Defend_Somnambulant","somnambulantmod: Defend_Somnambulant","somnambulantmod: Defend_Somnambulant","somnambulantmod: QuickNap","somnambulantmod: PrimingPunch","somnambulantmod: LightSleeper+1","ReplayTheSpireMod:IOU","Headbutt+1","somnambulantmod: Bloom","somnambulantmod: Harden","somnambulantmod: NewDawn","Deep Breath","somnambulantmod: SleepingBody","somnambulantmod: LoseForm+1","Dropkick","somnambulantmod: Blink","somnambulantmod: InLimbo"],"relics":["somnambulantmod: DreamJournal","NeowsBlessing","hubris:DisguiseKit","Omamori","Ornamental Fan","hubris:Stopwatch","Lee\u0027s Waffle","betterThird:NestCultRelic"],"acts_visited":["Exordium","TheCity"],"potions_floor_usage":[14,16,16,16,21],"damage_taken":[{"damage":0,"enemies":"Cultist","floor":1,"turns":1},{"damage":0,"enemies":"Small Slimes","floor":5,"turns":2},{"damage":0,"enemies":"Gremlin Nob","floor":6,"turns":1},{"damage":0,"enemies":"2 Louse","floor":11,"turns":4},{"damage":9,"enemies":"Blue Slaver","floor":12,"turns":5},{"damage":1,"enemies":"3 Louse","floor":14,"turns":2},{"damage":42,"enemies":"Hexaghost","floor":16,"turns":7},{"damage":40,"enemies":"3 Byrds","floor":18,"turns":5},{"damage":64,"enemies":"2 Thieves","floor":21,"turns":5},{"damage":46,"enemies":"Nightmare","floor":25,"turns":7}],"seed_played":"2000133425558369539","potions_obtained":[{"floor":6,"key":"ColorlessPotion"},{"floor":11,"key":"FearPotion"},{"floor":12,"key":"Explosive Potion"},{"floor":14,"key":"BlessingOfTheForge"},{"floor":18,"key":"Swift Potion"}],"is_trial":false,"path_per_floor":["M","?","$","?","M","E","R","?","T","R","M","M","$","M","R","B",null,"M","$","?","M","?","R","?","NM"],"character_chosen":"THE_SOMNAMBULANT","items_purchased":["Deep Breath","Lee\u0027s Waffle","somnambulantmod: Blink","somnambulantmod: InLimbo"],"campfire_rested":2,"item_purchase_floors":[13,19,19,19],"current_hp_per_floor":[70,70,70,63,63,63,72,72,72,72,72,63,63,62,74,32,74,34,81,81,17,44,44,44,0,0],"gold":29,"neow_bonus":"THREE_ENEMY_KILL","is_daily":false,"chose_seed":false,"campfire_upgraded":2,"win_rate":0.0,"timestamp":1611168908,"path_taken":["M","?","$","?","M","E","R","?","T","R","?","M","?","M","R","BOSS","M","?","?","M","?","R","?","NM"],"items_purchased_type":["Card","Relic","Card","Card"],"build_version":"2020-12-22","purchased_purges":0,"victory":false,"max_hp_per_floor":[70,70,70,70,70,70,72,72,72,72,72,72,72,72,74,74,74,74,81,81,81,81,81,81,81,81],"card_choices":[{"not_picked":["somnambulantmod: LayeredDefense","somnambulantmod: PourItOut"],"picked":"somnambulantmod: LightSleeper","floor":1},{"not_picked":["somnambulantmod: SickeningSwathe","somnambulantmod: Unmake","somnambulantmod: Sleepyhead"],"picked":"Headbutt","floor":5},{"not_picked":["somnambulantmod: Repression","somnambulantmod: UnthoughtKnown","Power Through"],"picked":"somnambulantmod: Bloom","floor":6},{"not_picked":["somnambulantmod: BadIdea","somnambulantmod: Nosebleed","Rampage"],"picked":"somnambulantmod: Harden","floor":11},{"not_picked":["somnambulantmod: LeechFears","somnambulantmod: MindWave","Havoc"],"picked":"somnambulantmod: NewDawn","floor":12},{"not_picked":["somnambulantmod: Harden","somnambulantmod: Pinch","Rage"],"picked":"somnambulantmod: SleepingBody","floor":14},{"not_picked":["somnambulantmod: Narcolepsy","somnambulantmod: Unburden","Limit Break"],"picked":"somnambulantmod: LoseForm","floor":16},{"not_picked":["somnambulantmod: PourItOut+1","somnambulantmod: SnuggleUp","somnambulantmod: Unknow"],"picked":"Dropkick","floor":18},{"not_picked":["somnambulantmod: Stumble","somnambulantmod: Extract","somnambulantmod: SnuggleUp","Replay:Undeath\u0027s Touch"],"picked":"SKIP","floor":21}],"player_experience":632303,"relics_obtained":[{"floor":6,"key":"Omamori"},{"floor":9,"key":"Ornamental Fan"}],"event_choices":[{"cards_removed":["somnambulantmod: SomnambulantStrike"],"damage_healed":0,"gold_gain":0,"player_choice":"Card Removal","damage_taken":7,"max_hp_gain":0,"max_hp_loss":0,"event_name":"Golden Wing","floor":4,"gold_loss":0},{"cards_removed":["somnambulantmod: Defend_Somnambulant"],"damage_healed":0,"gold_gain":0,"player_choice":"Offered Basic","damage_taken":0,"max_hp_gain":0,"max_hp_loss":0,"event_name":"Bonfire Elementals","floor":8,"gold_loss":0},{"damage_healed":0,"gold_gain":0,"player_choice":"Madness","damage_taken":0,"relics_obtained":["betterThird:NestCultRelic"],"max_hp_gain":0,"max_hp_loss":0,"event_name":"betterThird:BetterNest","floor":20,"gold_loss":0},{"damage_healed":27,"gold_gain":0,"player_choice":"Heal","damage_taken":0,"max_hp_gain":0,"max_hp_loss":0,"event_name":"The Library","floor":22,"gold_loss":0},{"cards_removed":["somnambulantmod: SomnambulantStrike"],"damage_healed":0,"gold_gain":0,"player_choice":"Elegance","damage_taken":0,"max_hp_gain":0,"max_hp_loss":0,"event_name":"betterThird:BetterWriting","floor":24,"gold_loss":0}],"is_beta":false,"boss_relics":[{"not_picked":["Tiny House","Coffee Dripper"],"picked":"hubris:Stopwatch"}],"items_purged_floors":[],"is_endless":false,"potions_floor_spawned":[6,11,12,14,18],"killed_by":"Nightmare","ascension_level":0}}