{"host":"lp8gi2x5rrw4z3b7","time":1611114762,"event":{"mods":["AchievementEnabler","BaseMod","Colored Map","Downfall","Minty Spire (QoL Compilation)","Quick Restart","Rare Cards Sparkle","StSLib"],"gold_per_floor":[99,116,127,188,3,3,3,20,195,207,226,126,143,143,157,157,157,157],"floor_reached":16,"language":"ENG","playtime":2282,"items_purged":[],"score":94,"play_id":"7305bcf1-13e6-4974-9f43-5a5e1bd95b49","local_time":"20210119225242","is_ascension_mode":false,"campfire_choices":[{"data":"champ:Endure","floor":1,"key":"SMITH"},{"data":"expansioncontent:DashGenerateEvil","floor":6,"key":"SMITH"},{"floor":12,"key":"REST"}],"circlet_count":0,"master_deck":["champ:Execute","champ:Taunt","champ:ShieldSlam","champ:Improvising","champ:PreemptiveStrike","champ:BringItOn","champ:RecklessLeap","champ:MurderStrike","champ:Endure+1","champ:ShieldWall","champ:DefensiveShout","champ:FocusedBerserking","champ:StanceDance","champ:PreemptiveStrike","expansioncontent:DashGenerateEvil+1","champ:EndlessRage","Doubt","champ:Backstep","champ:Shatter","champ:HeartStrike","champ:FocusedBerserking"],"relics":["Pandora\u0027s Box","InkBottle","downfall:HeartBlessingBlue","downfall:BrokenWingStatue"],"acts_visited":["Exordium"],"potions_floor_usage":[10],"damage_taken":[{"damage":0,"enemies":"2 Louse","floor":2,"turns":3},{"damage":5,"enemies":"Jaw Worm","floor":3,"turns":5},{"damage":64,"enemies":"3 Sentries","floor":4,"turns":7},{"damage":30,"enemies":"downfall:FleeingMerchant","floor":5,"turns":4},{"damage":0,"enemies":"Small Slimes","floor":8,"turns":3},{"damage":25,"enemies":"2 Fungi Beasts","floor":10,"turns":4},{"damage":34,"enemies":"3 Louse","floor":11,"turns":4},{"damage":10,"enemies":"Exordium Wildlife","floor":13,"turns":5},{"damage":6,"enemies":"3 Louse","floor":15,"turns":3},{"damage":81,"enemies":"IC_STATUS_ARCHETYPE","floor":16,"turns":8}],"seed_played":"-6288502330453262286","potions_obtained":[{"floor":4,"key":"Block Potion"},{"floor":8,"key":"SteroidPotion"},{"floor":15,"key":"sneckomod:MuddlingPotion"}],"is_trial":false,"path_per_floor":["R","M","M","?","$","R","T","M","?","M","M","R","M","?","M","B"],"character_chosen":"THE_CHAMP","items_purchased":["expansioncontent:DashGenerateEvil"],"campfire_rested":1,"item_purchase_floors":[5],"current_hp_per_floor":[90,90,90,66,61,61,61,61,61,51,27,67,67,67,61,0,0,0],"gold":157,"neow_bonus":"BOSS_RELIC","is_daily":false,"chose_seed":false,"campfire_upgraded":2,"win_rate":0.0,"timestamp":1611114762,"path_taken":["R","M","M","?","$","R","T","M","?","M","M","R","M","?","M","BOSS"],"items_purchased_type":["Card"],"build_version":"2020-12-22","purchased_purges":0,"victory":false,"max_hp_per_floor":[90,90,90,90,90,90,90,90,90,90,90,100,100,100,100,100,100,100],"card_choices":[{"not_picked":["champ:Circumvent","champ:TornadoPunch"],"picked":"champ:DefensiveShout","floor":2},{"not_picked":["champ:PreciseThrust","champ:PreemptiveStrike"],"picked":"champ:FocusedBerserking","floor":3},{"not_picked":["champ:RapidStrikes","champ:ShieldWall"],"picked":"champ:StanceDance","floor":4},{"not_picked":["champ:BringItOn","champ:Encircle"],"picked":"champ:PreemptiveStrike","floor":5},{"not_picked":["champ:PreciseThrust","champ:ShieldSlam"],"picked":"champ:EndlessRage","floor":8},{"not_picked":["champ:PerfectedStrike","champ:FancyFootwork"],"picked":"champ:Backstep","floor":10},{"not_picked":["champ:DefensiveShout","champ:BringItOn"],"picked":"champ:Shatter","floor":11},{"not_picked":["champ:BringItOn","champ:DeathBlow"],"picked":"champ:HeartStrike","floor":13},{"not_picked":["champ:EnGarde","champ:PerfectedStrike"],"picked":"champ:FocusedBerserking","floor":15}],"player_experience":924110,"relics_obtained":[{"floor":4,"key":"InkBottle"}],"event_choices":[],"is_beta":false,"boss_relics":[],"items_purged_floors":[],"is_endless":false,"potions_floor_spawned":[4,8,15],"killed_by":"IC_STATUS_ARCHETYPE","ascension_level":0}}