{"host":"lip44byzewa3adv8","time":1611185974,"event":{"mods":["BaseMod","Curses Come First","Minty Spire (QoL Compilation)","Relic Sorter","Relic Stats","StSLib","Synergy Search"],"gold_per_floor":[114,129,54,54,69,69,99,99,99,129,129,129,144,159,159,259,259,274,274,289,301,316,346,358,385,447,459,134,159,189,204,204,304,304,319,96,396,426,456,495,520,550,550,580,604,604,276,291,291,291],"floor_reached":51,"language":"ENG","playtime":4106,"items_purged":["Grand Finale","Writhe","Bludgeon"],"score":1316,"play_id":"03cf1c66-5008-4b8a-9f89-d8ecc1cca88f","local_time":"20210120183934","daily_mods":["Shiny","Red Cards","DeadlyEvents"],"is_ascension_mode":false,"campfire_choices":[{"data":"Exhume","floor":6.0,"key":"SMITH"},{"data":"Wraith Form v2","floor":8.0,"key":"SMITH"},{"data":"Corruption","floor":11.0,"key":"SMITH"},{"data":"Barricade","floor":15.0,"key":"SMITH"},{"data":"Reaper","floor":24,"key":"SMITH"},{"data":"Caltrops","floor":27,"key":"SMITH"},{"data":"Dual Wield","floor":32,"key":"SMITH"},{"data":"Adrenaline","floor":46,"key":"SMITH"},{"data":"Bullet Time","floor":49,"key":"SMITH"}],"circlet_count":0,"master_deck":["Double Tap","Demon Form","Feed+1","Corruption+1","Barricade+1","Fiend Fire","Berserk+1","Impervious","Juggernaut","Brutality","Reaper+1","Exhume+1","Offering","Immolate","Venomology","Corpse Explosion","Malaise","Phantasmal Killer","Die Die Die","Adrenaline+1","Envenom","Doppelganger","Burst","Wraith Form v2+1","Tools of the Trade","Night Terror","Unload","After Image","Bullet Time+1","Storm of Steel","Glass Knife","A Thousand Cuts","Calculated Gamble","Crippling Poison","Caltrops+1","Shrug It Off","Backflip","Fiend Fire","Dodge and Roll+1","Dual Wield+1","Prepared+1","Caltrops","PiercingWail","Offering","Adrenaline","Backflip+1","Noxious Fumes","Adrenaline","Havoc+1","Warcry+1","Wraith Form v2+1","Backstab"],"relics":["Ring of the Snake","Regal Pillow","Bronze Scales","Akabeko","Runic Pyramid","MealTicket","Red Mask","MawBank","Centennial Puzzle","Chemical X","Ancient Tea Set","InkBottle","Black Star","ClockworkSouvenir","Anchor","Bottled Tornado","CeramicFish","Toy Ornithopter","Nunchaku","Pen Nib","Orichalcum","Strawberry","Dead Branch","Oddly Smooth Stone","Bottled Lightning","Potion Belt","DollysMirror"],"acts_visited":["Exordium","TheCity","TheBeyond"],"potions_floor_usage":[21,21,22,22,23,23,25,31,33,35,38,39,40,42,44,48,50,50,50,50,50],"damage_taken":[{"damage":0.0,"enemies":"2 Louse","floor":1.0,"turns":1.0},{"damage":0.0,"enemies":"Small Slimes","floor":2.0,"turns":2.0},{"damage":12.0,"enemies":"Cultist","floor":5.0,"turns":3.0},{"damage":16.0,"enemies":"3 Sentries","floor":7.0,"turns":2.0},{"damage":6.0,"enemies":"Lagavulin","floor":10.0,"turns":4.0},{"damage":0.0,"enemies":"3 Louse","floor":13.0,"turns":1.0},{"damage":0.0,"enemies":"Red Slaver","floor":14.0,"turns":1.0},{"damage":0.0,"enemies":"Slime Boss","floor":16.0,"turns":6.0},{"damage":6.0,"enemies":"Spheric Guardian","floor":18.0,"turns":3.0},{"damage":30.0,"enemies":"2 Thieves","floor":20.0,"turns":3.0},{"damage":14,"enemies":"Masked Bandits","floor":21,"turns":3},{"damage":1,"enemies":"Cultist and Chosen","floor":22,"turns":4},{"damage":3,"enemies":"Slavers","floor":23,"turns":3},{"damage":1,"enemies":"Snecko","floor":25,"turns":5},{"damage":6,"enemies":"Book of Stabbing","floor":30,"turns":5},{"damage":4,"enemies":"3 Cultists","floor":31,"turns":2},{"damage":18,"enemies":"Automaton","floor":33,"turns":5},{"damage":8,"enemies":"Orb Walker","floor":35,"turns":4},{"damage":7,"enemies":"Giant Head","floor":38,"turns":8},{"damage":20,"enemies":"Nemesis","floor":39,"turns":5},{"damage":16,"enemies":"Giant Head","floor":40,"turns":5},{"damage":17,"enemies":"Nemesis","floor":42,"turns":6},{"damage":12,"enemies":"Giant Head","floor":44,"turns":2},{"damage":6,"enemies":"3 Darklings","floor":45,"turns":3},{"damage":0,"enemies":"4 Shapes","floor":48,"turns":1},{"damage":2,"enemies":"Donu and Deca","floor":50,"turns":6}],"seed_played":"-1760728548950895142","potions_obtained":[{"floor":1.0,"key":"Fire Potion"},{"floor":2.0,"key":"Fire Potion"},{"floor":21,"key":"Regen Potion"},{"floor":23,"key":"DistilledChaos"},{"floor":31,"key":"Dexterity Potion"},{"floor":44,"key":"Explosive Potion"},{"floor":45,"key":"Energy Potion"}],"is_trial":false,"path_per_floor":["M","M","$","?","M","R","E","R","T","E","R","?","M","M","R","B",null,"M","?","M","?","M","E","R","M","T","R","$","T","E","M","R","B",null,"M","$","?","E","E","E","T","E","T","E","M","R","$","M","R","B",null],"character_chosen":"THE_SILENT","items_purchased":["Chemical X","Caltrops","PiercingWail","ClockworkSouvenir","Noxious Fumes","DollysMirror","Backstab"],"campfire_rested":0,"item_purchase_floors":[28,28,28,36,36,47,47],"current_hp_per_floor":[70,73,73,58,46,46,42,42,42,36,36,29,33,37,37,39,81,75,75,59,76,75,85,85,84,84,84,85,85,88,84,84,70,93,85,93,93,93,73,87,87,87,87,80,98,98,104,104,104,104],"gold":291,"neow_bonus":"","is_daily":true,"chose_seed":false,"campfire_upgraded":9,"win_rate":0.0,"timestamp":1611185974,"path_taken":["M","M","$","?","M","R","E","R","T","E","R","?","?","M","R","BOSS","M","?","M","?","M","E","R","M","T","R","$","?","E","M","R","BOSS","M","?","?","?","?","E","?","E","T","?","?","R","$","M","R","BOSS"],"items_purchased_type":["Relic","Card","Card","Relic","Card","Relic","Card"],"build_version":"2020-12-22","purchased_purges":3,"victory":true,"max_hp_per_floor":[70,73,73,73,73,73,73,73,73,73,73,73,77,81,81,81,81,81,81,81,85,85,85,85,85,85,85,85,85,89,89,89,93,93,93,93,93,93,93,97,97,104,104,104,104,104,104,104,104,104],"relic_stats":{"Regal Pillow":0,"counters":[26,93],"CeramicFish":36,"Dead Branch":[84],"Pen Nib":[3],"Orichalcum":[6],"MawBank":60,"Centennial Puzzle":[27],"Nunchaku":[3],"Bronze Scales":[188],"MealTicket":15,"Black Star":5,"Chemical X":[31],"obtain_stats":[{"Regal Pillow":7,"CeramicFish":39,"Bottled Tornado":38,"Ancient Tea Set":29,"ClockworkSouvenir":36,"Centennial Puzzle":26,"Nunchaku":40,"DollysMirror":47,"Strawberry":42,"MealTicket":19,"Red Mask":21,"Chemical X":28,"InkBottle":30,"Ring of the Snake":0,"Runic Pyramid":17,"Potion Belt":44,"Dead Branch":42,"Oddly Smooth Stone":43,"Pen Nib":40,"Orichalcum":41,"MawBank":23,"Akabeko":10,"Anchor":38,"Bronze Scales":9,"Black Star":34,"Bottled Lightning":44,"Toy Ornithopter":39},{"Regal Pillow":4,"CeramicFish":20,"Bottled Tornado":19,"Ancient Tea Set":14,"ClockworkSouvenir":18,"Centennial Puzzle":14,"Nunchaku":21,"DollysMirror":24,"Strawberry":22,"MealTicket":9,"Red Mask":11,"Chemical X":14,"InkBottle":15,"Ring of the Snake":0,"Runic Pyramid":8,"Potion Belt":23,"Dead Branch":22,"Oddly Smooth Stone":22,"Pen Nib":21,"Orichalcum":21,"MawBank":13,"Akabeko":5,"Anchor":19,"Bronze Scales":4,"Black Star":17,"Bottled Lightning":23,"Toy Ornithopter":20},{"Regal Pillow":8,"CeramicFish":70,"Bottled Tornado":65,"Ancient Tea Set":41,"ClockworkSouvenir":57,"Centennial Puzzle":41,"Nunchaku":75,"DollysMirror":86,"Strawberry":81,"MealTicket":23,"Red Mask":29,"Chemical X":41,"InkBottle":46,"Ring of the Snake":0,"Runic Pyramid":20,"Potion Belt":83,"Dead Branch":81,"Oddly Smooth Stone":81,"Pen Nib":75,"Orichalcum":75,"MawBank":36,"Akabeko":12,"Anchor":65,"Bronze Scales":8,"Black Star":53,"Bottled Lightning":83,"Toy Ornithopter":70}],"InkBottle":[32],"Toy Ornithopter":15,"Ring of the Snake":[52]},"card_choices":[{"not_picked":["Carnage","Dagger Throw","Infernal Blade"],"picked":"SKIP","floor":1.0},{"not_picked":["Wild Strike","Armaments","Spot Weakness"],"picked":"SKIP","floor":2.0},{"not_picked":["Warcry","Clothesline"],"picked":"Calculated Gamble","floor":5.0},{"not_picked":["Berserk","Thunderclap"],"picked":"Crippling Poison","floor":7.0},{"not_picked":["Thunderclap","Perfected Strike"],"picked":"Caltrops","floor":10.0},{"not_picked":["Catalyst","Cleave"],"picked":"Shrug It Off","floor":13.0},{"not_picked":["Quick Slash","Barricade"],"picked":"Backflip","floor":14.0},{"not_picked":["A Thousand Cuts","Storm of Steel"],"picked":"Fiend Fire","floor":16.0},{"not_picked":["All Out Attack","Dagger Throw"],"picked":"Dodge and Roll+1","floor":18.0},{"not_picked":["Clothesline","Outmaneuver+1","Twin Strike+1"],"picked":"SKIP","floor":20.0},{"not_picked":["Dagger Spray+1","Flying Knee"],"picked":"Dual Wield","floor":21},{"not_picked":["Perfected Strike","Body Slam+1","Sword Boomerang+1"],"picked":"SKIP","floor":22},{"not_picked":["Cleave","Heel Hook","Tactician"],"picked":"SKIP","floor":23},{"not_picked":["Backstab+1","Bullet Time"],"picked":"Prepared+1","floor":25},{"not_picked":["Clash","Flex"],"picked":"Offering","floor":30},{"not_picked":["Clothesline","Flex","Anger"],"picked":"SKIP","floor":31},{"not_picked":["Offering","Tools of the Trade"],"picked":"Adrenaline","floor":33},{"not_picked":["Catalyst+1","Acrobatics"],"picked":"Backflip+1","floor":35},{"not_picked":["Adrenaline","Accuracy","Shockwave"],"picked":"SKIP","floor":38},{"not_picked":["Accuracy","Shockwave"],"picked":"Adrenaline","floor":38},{"not_picked":["Calculated Gamble+1","Deflect+1","Poisoned Stab+1"],"picked":"SKIP","floor":39},{"not_picked":["Shrug It Off","Pommel Strike+1"],"picked":"Havoc+1","floor":40},{"not_picked":["Clash+1","Setup+1","Thunderclap"],"picked":"SKIP","floor":42},{"not_picked":["Outmaneuver+1","Twin Strike+1","Clash+1"],"picked":"SKIP","floor":44},{"not_picked":["Underhanded Strike+1","Dagger Throw+1"],"picked":"Warcry+1","floor":45},{"not_picked":["Pommel Strike","Setup","Tactician"],"picked":"SKIP","floor":48}],"player_experience":730418,"relics_obtained":[{"floor":7.0,"key":"Regal Pillow"},{"floor":9.0,"key":"Bronze Scales"},{"floor":10.0,"key":"Akabeko"},{"floor":21,"key":"Red Mask"},{"floor":23,"key":"MawBank"},{"floor":26,"key":"Centennial Puzzle"},{"floor":29,"key":"Ancient Tea Set"},{"floor":30,"key":"InkBottle"},{"floor":38,"key":"Anchor"},{"floor":38,"key":"Bottled Tornado"},{"floor":39,"key":"CeramicFish"},{"floor":39,"key":"Toy Ornithopter"},{"floor":40,"key":"Nunchaku"},{"floor":40,"key":"Pen Nib"},{"floor":41,"key":"Orichalcum"},{"floor":42,"key":"Strawberry"},{"floor":42,"key":"Dead Branch"},{"floor":43,"key":"Oddly Smooth Stone"},{"floor":44,"key":"Bottled Lightning"},{"floor":44,"key":"Potion Belt"}],"event_choices":[{"damage_healed":0.0,"max_hp_gain":0.0,"max_hp_loss":0.0,"gold_gain":0.0,"event_name":"Shining Light","player_choice":"Entered Light","floor":4.0,"gold_loss":0.0,"damage_taken":15.0,"cards_upgraded":["Berserk","Feed"]},{"cards_removed":["Limit Break"],"damage_healed":0.0,"max_hp_gain":0.0,"max_hp_loss":0.0,"gold_gain":0.0,"event_name":"Golden Wing","player_choice":"Card Removal","floor":12.0,"gold_loss":0.0,"damage_taken":7.0},{"damage_healed":0.0,"max_hp_gain":0.0,"max_hp_loss":0.0,"gold_gain":0.0,"event_name":"The Mausoleum","player_choice":"Opened","floor":19.0,"gold_loss":0.0,"damage_taken":0.0,"relics_obtained":["MealTicket"],"cards_obtained":["Writhe"]},{"damage_healed":0,"gold_gain":0,"player_choice":"Fought Bandits","damage_taken":0,"max_hp_gain":0,"max_hp_loss":0,"event_name":"Masked Bandits","floor":21,"gold_loss":0},{"damage_healed":0,"gold_gain":300,"player_choice":"Gold","damage_taken":0,"max_hp_gain":0,"max_hp_loss":0,"event_name":"Wheel of Change","floor":37,"gold_loss":0}],"is_beta":false,"boss_relics":[{"not_picked":["SlaversCollar","Tiny House"],"picked":"Runic Pyramid"},{"not_picked":["Velvet Choker","Fusion Hammer"],"picked":"Black Star"}],"items_purged_floors":[3,28,47],"is_endless":false,"potions_floor_spawned":[1,2,14,21,22,23,31,44,45,48],"ascension_level":0}}