{"host":"snn1c4qsf0fj7fzf","time":1611145527,"event":{"mods":["AchievementEnabler","Act Like it!","Aspiration","Astrologer","Bard","Bartender","BaseMod","Colored Powertips","Energized Spire","Gensokyo","Gremlin Mod","Hallownest","Hermit","HololiveMod","Hubris","Infinite Spire","Lobotomy","LobotomyExtend","Marisa????????","Minty Spire (QoL Compilation)","Random Character Button","Rare Cards Sparkle","Reimu??????","Replay The Spire","Shop Mod","StSLib","The Animator","The Bug Knight","The Cursed","The Gatherer","The Hierophant","The Poker Player","Wandering Minibosses"],"gold_per_floor":[112,112,112,33,47,76,76,101,101,121,121,121,121,154,154,259,259,274,285,285,305,305,340,41,74,74,87,103,28,40,40,40,143,143,161,161,161],"floor_reached":36,"language":"ENG","playtime":5240,"items_purged":["PokerPlayerMod:DiamondStrike"],"score":470,"play_id":"254018c2-cd50-45f2-9b97-f86849e9e8fc","local_time":"20210120202527","is_ascension_mode":false,"metric_token":2130,"campfire_choices":[{"data":"PokerPlayerMod:ClubShade","floor":7,"key":"SMITH"},{"data":"PokerPlayerMod:BadJoker","floor":11,"key":"SMITH"},{"data":"PokerPlayerMod:Configure","floor":15,"key":"SMITH"},{"data":"PokerPlayerMod:CardPrinter","floor":32,"key":"SMITH"}],"circlet_count":0,"master_deck":["PokerPlayerMod:Diamond1","PokerPlayerMod:Diamond2","PokerPlayerMod:Diamond3","PokerPlayerMod:Diamond4","PokerPlayerMod:Diamond5","PokerPlayerMod:Spade1","PokerPlayerMod:Spade2","PokerPlayerMod:Spade3","PokerPlayerMod:Spade4","PokerPlayerMod:Club1","PokerPlayerMod:Club2","PokerPlayerMod:Heart2","PokerPlayerMod:TrumpStrike+1","PokerPlayerMod:BadJoker+1","PokerPlayerMod:Mulligan+1","PokerPlayerMod:Club4","PokerPlayerMod:ClubShade+1","PokerPlayerMod:Club6","PokerPlayerMod:Heart2","PokerPlayerMod:Spade9","PokerPlayerMod:Configure+1","PokerPlayerMod:Promotion","PokerPlayerMod:DamnStraight","PokerPlayerMod:HeartStrike+1","PokerPlayerMod:FlyingCard","PokerPlayerMod:CardPrinter+1","PokerPlayerMod:ClubsClub+1","PokerPlayerMod:Extraction+1","PokerPlayerMod:Club8"],"relics":["PokerPlayerMod:DeckCase","aspiration:Nostalgia","Gremlin:GremlinKnob","LetterFromLob","Garlic","HollowMod:LifeEnderRelic","Bird Faced Urn","Hallownest:DreamNailRelic","Meat on the Bone","energizedSpire:RedRose","Strawberry","Frozen Eye","Toolbox","Snack Pack","Bottled Tornado","Coffee Dripper"],"acts_visited":["Hallownest:Greenpath","Gensokyo:Gensokyoer","Hallownest:KingdomsEdge"],"potions_floor_usage":[21,21,21,33],"damage_taken":[{"damage":0,"enemies":"Hallownest:2_Baldur","floor":1,"turns":3},{"damage":16,"enemies":"Hallownest:monsterHuskGuard","floor":5,"turns":4},{"damage":0,"enemies":"Hallownest:eliteMossKnight","floor":6,"turns":4},{"damage":0,"enemies":"Hallownest:eliteVengeflyKing","floor":8,"turns":4},{"damage":0,"enemies":"Hallownest:2_Tiktiks_and_1_Crawlid","floor":10,"turns":2},{"damage":12,"enemies":"Hallownest:eliteMossKnight","floor":14,"turns":6},{"damage":20,"enemies":"Hallownest:BossBrokenVessel","floor":16,"turns":8},{"damage":16,"enemies":"Gensokyo:Chomper","floor":18,"turns":4},{"damage":6,"enemies":"Gensokyo:AngelMirror","floor":19,"turns":2},{"damage":29,"enemies":"Gensokyo:Swordslinger","floor":21,"turns":4},{"damage":29,"enemies":"Gensokyo:Tenshi","floor":23,"turns":3},{"damage":3,"enemies":"Gensokyo:Reisen","floor":25,"turns":6},{"damage":28,"enemies":"Gensokyo:Slime_Group","floor":27,"turns":4},{"damage":20,"enemies":"Gensokyo:Mirror_and_Dog","floor":28,"turns":4},{"damage":3,"enemies":"Gensokyo:3_Gloops","floor":30,"turns":3},{"damage":18,"enemies":"Gensokyo:Eiki","floor":33,"turns":7},{"damage":47,"enemies":"Hallownest:2_Littles","floor":35,"turns":7},{"damage":51,"enemies":"Hallownest:3_Siblings","floor":36,"turns":6}],"seed_played":"-4775304205940551432","potions_obtained":[{"floor":5,"key":"SpeedPotion"},{"floor":8,"key":"PowerPotion"},{"floor":18,"key":"LifebloodPotion"},{"floor":19,"key":"Weak Potion"},{"floor":27,"key":"ColorlessPotion"},{"floor":30,"key":"Reflective Coating"}],"is_trial":false,"path_per_floor":["M","?","?","$","M","E","R","E","T","M","R","$","?","E","R","B",null,"M","M","?","M","?","E","COS","E","T","M","M","$","M","?","R","B",null,"M","M"],"character_chosen":"THE_POKER_PLAYER","items_purchased":["PokerPlayerMod:ClubShade"],"campfire_rested":0,"item_purchase_floors":[4],"current_hp_per_floor":[52,52,52,52,38,42,42,45,45,52,52,52,52,40,40,30,52,41,45,50,41,41,58,58,59,59,39,37,37,56,56,56,53,59,32,0,0],"gold":161,"neow_bonus":"NOSTALGIA","is_daily":false,"chose_seed":false,"campfire_upgraded":4,"win_rate":0.0,"timestamp":1611145527,"path_taken":["M","?","?","$","M","E","R","E","T","M","R","$","?","E","R","BOSS","M","?","?","?","?","E","COS","E","T","?","M","?","M","?","R","BOSS","M","M"],"items_purchased_type":["Card"],"build_version":"2020-12-22","purchased_purges":1,"victory":false,"max_hp_per_floor":[52,52,52,52,52,52,52,52,52,52,52,52,52,52,52,52,52,52,52,52,52,52,59,59,59,59,59,59,59,59,59,59,59,59,59,59,59],"card_choices":[{"not_picked":["PokerPlayerMod:Spade4","PokerPlayerMod:Diamond1"],"picked":"PokerPlayerMod:Club4","floor":1},{"not_picked":["PokerPlayerMod:Club3","PokerPlayerMod:Diamond4"],"picked":"PokerPlayerMod:Club6","floor":5},{"not_picked":["PokerPlayerMod:Raise","PokerPlayerMod:RiskyBet"],"picked":"PokerPlayerMod:Heart2","floor":6},{"not_picked":["PokerPlayerMod:Spade4","PokerPlayerMod:Diamond1"],"picked":"PokerPlayerMod:Spade9","floor":8},{"not_picked":["PokerPlayerMod:CardBurn","PokerPlayerMod:HotShotCut"],"picked":"PokerPlayerMod:SecondChance","floor":10},{"not_picked":["PokerPlayerMod:Spade4","PokerPlayerMod:Diamond2"],"picked":"PokerPlayerMod:Configure","floor":14},{"not_picked":["PokerPlayerMod:Spade8","PokerPlayerMod:Duplicate"],"picked":"PokerPlayerMod:Promotion","floor":16},{"not_picked":["PokerPlayerMod:CloakAndDiamond","PokerPlayerMod:CardBurn"],"picked":"PokerPlayerMod:DamnStraight","floor":18},{"not_picked":["PokerPlayerMod:SpadeStrike","PokerPlayerMod:Club1"],"picked":"PokerPlayerMod:HeartStrike+1","floor":19},{"not_picked":["PokerPlayerMod:CloakAndDiamond","PokerPlayerMod:Diamond1"],"picked":"PokerPlayerMod:FlyingCard","floor":21},{"not_picked":["PokerPlayerMod:Spade5","PokerPlayerMod:Diamond2","PokerPlayerMod:Diamond1"],"picked":"SKIP","floor":23},{"not_picked":["PokerPlayerMod:Diamond5","PokerPlayerMod:Diamond2","PokerPlayerMod:PoorCopy"],"picked":"SKIP","floor":25},{"not_picked":["PokerPlayerMod:Spade4","PokerPlayerMod:RiskyBet"],"picked":"PokerPlayerMod:ClubsClub+1","floor":27},{"not_picked":["PokerPlayerMod:Diamond4","PokerPlayerMod:Spade1"],"picked":"PokerPlayerMod:DiamondStrike","floor":28},{"not_picked":["PokerPlayerMod:CloakAndDiamond","PokerPlayerMod:Club2"],"picked":"PokerPlayerMod:Extraction+1","floor":30},{"not_picked":["PokerPlayerMod:Diamond7","PokerPlayerMod:VarietyAttack"],"picked":"PokerPlayerMod:Club8","floor":33},{"not_picked":["PokerPlayerMod:CardBurn","PokerPlayerMod:Diamond1","PokerPlayerMod:Club1"],"picked":"SKIP","floor":35}],"player_experience":331702,"relics_obtained":[{"floor":1,"key":"LetterFromLob"},{"floor":6,"key":"Garlic"},{"floor":8,"key":"HollowMod:LifeEnderRelic"},{"floor":9,"key":"Bird Faced Urn"},{"floor":14,"key":"Meat on the Bone"},{"floor":23,"key":"Strawberry"},{"floor":25,"key":"Snack Pack"},{"floor":26,"key":"Bottled Tornado"}],"event_choices":[],"is_beta":false,"boss_relics":[{"not_picked":["Philosopher\u0027s Stone","Ring of Chaos"],"picked":"energizedSpire:RedRose"},{"not_picked":["hubris:RunicObelisk","energizedSpire:EnergizedDie"],"picked":"Coffee Dripper"}],"items_purged_floors":[29],"is_endless":false,"potions_floor_spawned":[5,8,18,19,27,30],"killed_by":"Hallownest:3_Siblings","ascension_level":0}}