{"host":"pxmwci5ksxda8grt","time":1611122940,"event":{"mods":["BaseMod","Better Third Choice","BetterRewards","Colored Map","Colored Powertips","Defuse TimeMaze Blight","Energized Spire","GifTheSpireLib","Minty Spire (QoL Compilation)","Quick Restart","Rare Cards Sparkle","Relic Stats","StSLib","SuperFastMode"],"gold_per_floor":[113,130,305,316,266,266,341,191,191,191,191,249,299,315,315,410,410,423,423,441,295,323,323,358,358,408,528,528,555,555,555,555,660,660,679,979,411,427,445,479,363,383,407,112,127,138,153,165,165,165],"floor_reached":51,"language":"ENG","playtime":4922,"items_purged":["Armaments+1"],"score":940,"play_id":"5e7eac3b-f19f-47d3-9b2a-6855309c6d6e","local_time":"20210120190900","is_ascension_mode":false,"campfire_choices":[{"data":"Armaments","floor":6.0,"key":"SMITH"},{"data":"Jack Of All Trades","floor":11.0,"key":"SMITH"},{"data":"True Grit","floor":15.0,"key":"SMITH"},{"data":"Offering","floor":23,"key":"SMITH"},{"data":"Bludgeon","floor":25,"key":"SMITH"},{"data":"Uppercut","floor":28,"key":"SMITH"},{"data":"Rage","floor":32,"key":"SMITH"},{"data":"Flex","floor":49,"key":"SMITH"}],"circlet_count":0,"master_deck":["Strike_R+1","Strike_R+1","Strike_R+1","Strike_R+1","Defend_R+1","Defend_R+1","Defend_R+1","Defend_R+1","Bash","Jack Of All Trades+1","Inflame+1","Rampage+1","Uppercut+1","Rage+1","True Grit+1","Offering+1","Bloodletting+1","Iron Wave+1","Pommel Strike+1","Bludgeon+1","Flex+1","Demon Form+1","Reaper","Twin Strike+1","Immolate","Body Slam+1","Body Slam+1","Rage+1"],"relics":["Black Blood","Frozen Egg 2","Pocketwatch","ClockworkSouvenir","Blue Candle","HornCleat","MutagenicStrength","OrangePellets","Red Mask","The Courier","Nunchaku","Thread and Needle","Meat on the Bone","MealTicket","energizedSpire:MagnifyingGlass","Pantograph","Frozen Eye","Self Forming Clay","InkBottle","HandDrill","Bag of Marbles","Membership Card","Calipers","Blood Vial"],"acts_visited":["Exordium","TheCity","TheBeyond"],"potions_floor_usage":[50,50],"damage_taken":[{"damage":6.0,"enemies":"Jaw Worm","floor":1.0,"turns":3.0},{"damage":8.0,"enemies":"2 Louse","floor":2.0,"turns":3.0},{"damage":5.0,"enemies":"Small Slimes","floor":4.0,"turns":4.0},{"damage":5.0,"enemies":"3 Louse","floor":12.0,"turns":3.0},{"damage":7.0,"enemies":"Gremlin Nob","floor":13.0,"turns":4.0},{"damage":0.0,"enemies":"Large Slime","floor":14.0,"turns":3.0},{"damage":20,"enemies":"Slime Boss","floor":16,"turns":6},{"damage":11,"enemies":"2 Thieves","floor":18,"turns":5},{"damage":10,"enemies":"Shell Parasite","floor":20,"turns":5},{"damage":6,"enemies":"Masked Bandits","floor":22,"turns":4},{"damage":27,"enemies":"Slavers","floor":24,"turns":5},{"damage":9,"enemies":"Colosseum Slavers","floor":27,"turns":5},{"damage":18,"enemies":"Colosseum Nobs","floor":27,"turns":4},{"damage":3,"enemies":"Book of Stabbing","floor":29,"turns":4},{"damage":18,"enemies":"Automaton","floor":33,"turns":8},{"damage":12,"enemies":"3 Darklings","floor":35,"turns":5},{"damage":12,"enemies":"3 Shapes","floor":38,"turns":5},{"damage":13,"enemies":"3 Darklings","floor":39,"turns":5},{"damage":9,"enemies":"Giant Head","floor":40,"turns":6},{"damage":6,"enemies":"Sphere and 2 Shapes","floor":42,"turns":4},{"damage":6,"enemies":"Jaw Worm Horde","floor":45,"turns":2},{"damage":9,"enemies":"Transient","floor":46,"turns":5},{"damage":7,"enemies":"Sphere and 2 Shapes","floor":47,"turns":6},{"damage":6,"enemies":"Jaw Worm Horde","floor":48,"turns":2},{"damage":40,"enemies":"Awakened One","floor":50,"turns":8}],"seed_played":"6838356462307770476","potions_obtained":[{"floor":4.0,"key":"SpeedPotion"},{"floor":12.0,"key":"CultistPotion"},{"floor":16,"key":"Explosive Potion"},{"floor":24,"key":"SteroidPotion"},{"floor":35,"key":"PowerPotion"},{"floor":48,"key":"AttackPotion"}],"is_trial":false,"path_per_floor":["M","M","?","M","?","R","?","$","T","?","R","M","E","M","R","B",null,"M","?","M","$","?","R","E","R","T","?","R","E","?","?","R","B",null,"M","?","$","M","M","E","$","M","T","$","M","M","M","M","R","B",null],"character_chosen":"IRONCLAD","items_purchased":["Frozen Egg 2","ClockworkSouvenir","OrangePellets","Pantograph","Frozen Eye","Self Forming Clay","HandDrill","Membership Card","Calipers","Blood Vial"],"campfire_rested":0,"item_purchase_floors":[0,8,21,37,37,37,41,44,44,44],"current_hp_per_floor":[80,78,78,79,79,79,68,68,68,52,52,53,52,58,58,44,80,80,80,80,80,80,80,65,65,65,62,62,71,71,71,71,65,80,80,80,80,80,79,80,80,80,80,80,80,80,80,80,80,76],"gold":165,"neow_bonus":"","is_daily":false,"chose_seed":false,"campfire_upgraded":8,"win_rate":0.0,"timestamp":1611122940,"path_taken":["M","M","?","M","?","R","?","$","T","?","R","M","E","M","R","BOSS","M","?","M","$","?","R","E","R","T","?","R","E","?","?","R","BOSS","M","?","$","M","M","E","?","M","T","$","M","M","M","M","R","BOSS"],"items_purchased_type":["Relic","Relic","Relic","Relic","Relic","Relic","Relic","Relic","Relic","Relic"],"build_version":"2020-12-22","purchased_purges":1,"victory":true,"max_hp_per_floor":[80,80,80,80,80,80,80,80,80,80,80,80,80,80,80,80,80,80,80,80,80,80,80,80,80,80,80,80,80,80,80,80,80,80,80,80,80,80,80,80,80,80,80,80,80,80,80,80,80,80],"relic_stats":{"counters":[25,114],"Self Forming Clay":[66],"Blue Candle":[0],"Black Blood":221,"Blood Vial":0,"OrangePellets":[11],"Nunchaku":[15],"Pantograph":0,"MealTicket":0,"HandDrill":[20],"obtain_stats":[{"Calipers":44,"Black Blood":17,"Burning Blood":0,"ClockworkSouvenir":8,"Blood Vial":44,"Frozen Eye":37,"Nunchaku":26,"HornCleat":13,"Pantograph":37,"MealTicket":29,"Red Mask":22,"HandDrill":41,"InkBottle":40,"Self Forming Clay":37,"Blue Candle":9,"Thread and Needle":27,"The Courier":24,"Frozen Egg 2":0,"OrangePellets":21,"MutagenicStrength":19,"energizedSpire:MagnifyingGlass":34,"Bag of Marbles":43,"Membership Card":44,"Pocketwatch":0,"Meat on the Bone":27},{"Calipers":20,"Black Blood":7,"Burning Blood":0,"ClockworkSouvenir":3,"Blood Vial":20,"Frozen Eye":16,"Nunchaku":11,"HornCleat":5,"Pantograph":16,"MealTicket":14,"Red Mask":10,"HandDrill":19,"InkBottle":19,"Self Forming Clay":16,"Blue Candle":3,"Thread and Needle":13,"The Courier":11,"Frozen Egg 2":0,"OrangePellets":9,"MutagenicStrength":8,"energizedSpire:MagnifyingGlass":15,"Bag of Marbles":20,"Membership Card":20,"Pocketwatch":0,"Meat on the Bone":13},{"Calipers":91,"Black Blood":26,"Burning Blood":0,"ClockworkSouvenir":10,"Blood Vial":91,"Frozen Eye":71,"Nunchaku":45,"HornCleat":17,"Pantograph":71,"MealTicket":58,"Red Mask":40,"HandDrill":87,"InkBottle":87,"Self Forming Clay":71,"Blue Candle":10,"Thread and Needle":54,"The Courier":45,"Frozen Egg 2":0,"OrangePellets":36,"MutagenicStrength":31,"energizedSpire:MagnifyingGlass":66,"Bag of Marbles":91,"Membership Card":91,"Pocketwatch":0,"Meat on the Bone":54}],"InkBottle":[12],"Pocketwatch":[126],"Meat on the Bone":0},"card_choices":[{"not_picked":["Rampage","Rage"],"picked":"Armaments","floor":1.0},{"not_picked":["Battle Trance","Sword Boomerang"],"picked":"Inflame+1","floor":2.0},{"not_picked":["Evolve+1","Shrug It Off"],"picked":"Rampage","floor":4.0},{"not_picked":["Blood for Blood","Warcry"],"picked":"Uppercut","floor":12.0},{"not_picked":["Perfected Strike","Shrug It Off"],"picked":"Rage","floor":13.0},{"not_picked":["Twin Strike","Perfected Strike"],"picked":"True Grit","floor":14.0},{"not_picked":["Impervious","Immolate"],"picked":"Offering","floor":16},{"not_picked":["True Grit","Second Wind+1"],"picked":"Bloodletting+1","floor":18},{"not_picked":["Havoc+1","Rage"],"picked":"Iron Wave+1","floor":20},{"not_picked":["Anger","True Grit"],"picked":"Pommel Strike+1","floor":22},{"not_picked":["Warcry","Body Slam+1"],"picked":"Bludgeon","floor":24},{"not_picked":["Perfected Strike+1","Clash"],"picked":"Flex","floor":27},{"not_picked":["Pommel Strike","Sword Boomerang"],"picked":"Demon Form+1","floor":29},{"not_picked":["Offering","Fiend Fire"],"picked":"Reaper","floor":33},{"not_picked":["Thunderclap","Warcry+1"],"picked":"Twin Strike+1","floor":35},{"not_picked":["Power Through+1","Pommel Strike","Disarm"],"picked":"SKIP","floor":38},{"not_picked":["Sword Boomerang","Shrug It Off"],"picked":"Immolate","floor":39},{"not_picked":["Twin Strike+1","Sword Boomerang+1"],"picked":"Body Slam+1","floor":40},{"not_picked":["Dropkick","Pommel Strike+1"],"picked":"Body Slam+1","floor":42},{"not_picked":["Armaments+1","Whirlwind+1","Searing Blow"],"picked":"SKIP","floor":45},{"not_picked":["Whirlwind+1","Sentinel"],"picked":"Rage+1","floor":46},{"not_picked":["Twin Strike+1","Havoc","Headbutt"],"picked":"SKIP","floor":47},{"not_picked":["Dual Wield+1","Power Through+1","Heavy Blade+1"],"picked":"SKIP","floor":48}],"player_experience":556968,"relics_obtained":[{"floor":9.0,"key":"Blue Candle"},{"floor":13.0,"key":"HornCleat"},{"floor":22,"key":"Red Mask"},{"floor":24,"key":"The Courier"},{"floor":26,"key":"Nunchaku"},{"floor":27,"key":"Thread and Needle"},{"floor":27,"key":"Meat on the Bone"},{"floor":29,"key":"MealTicket"},{"floor":40,"key":"InkBottle"},{"floor":43,"key":"Bag of Marbles"}],"event_choices":[{"damage_healed":0.0,"max_hp_gain":0.0,"max_hp_loss":0.0,"gold_gain":175.0,"event_name":"betterThird:BetterSerpent","player_choice":"AGREE","floor":3.0,"gold_loss":0.0,"damage_taken":130.0},{"cards_removed":["Doubt"],"damage_healed":0.0,"max_hp_gain":0.0,"max_hp_loss":0.0,"gold_gain":0.0,"event_name":"The Cleric","player_choice":"Card Removal","floor":5.0,"gold_loss":50.0,"damage_taken":0.0},{"damage_healed":0.0,"max_hp_gain":0.0,"max_hp_loss":0.0,"gold_gain":75.0,"event_name":"betterThird:BetterGoop","player_choice":"Gold","floor":7.0,"gold_loss":0.0,"damage_taken":11.0},{"damage_healed":68.0,"max_hp_gain":0.0,"max_hp_loss":80.0,"gold_gain":0.0,"event_name":"betterThird:BetterShining","player_choice":"Upgrade","floor":10.0,"gold_loss":0.0,"damage_taken":16.0,"cards_upgraded":["Rampage","Defend_R"]},{"damage_healed":0,"gold_gain":0,"player_choice":"Inject Mutagens","damage_taken":0,"relics_obtained":["MutagenicStrength"],"max_hp_gain":0,"max_hp_loss":0,"event_name":"Drug Dealer","floor":19,"gold_loss":0},{"damage_healed":0,"gold_gain":0,"player_choice":"Fought Bandits","damage_taken":0,"max_hp_gain":0,"max_hp_loss":0,"event_name":"Masked Bandits","floor":22,"gold_loss":0},{"damage_healed":0,"gold_gain":0,"player_choice":"Fight","damage_taken":0,"max_hp_gain":0,"max_hp_loss":0,"event_name":"Colosseum","floor":27,"gold_loss":0},{"damage_healed":0,"gold_gain":0,"player_choice":"Fought Nobs","damage_taken":0,"max_hp_gain":0,"max_hp_loss":0,"event_name":"Colosseum","floor":27,"gold_loss":0},{"damage_healed":0,"gold_gain":0,"player_choice":"Simplicity","damage_taken":0,"max_hp_gain":0,"max_hp_loss":7,"event_name":"betterThird:BetterWriting","floor":30,"gold_loss":0},{"damage_healed":0,"gold_gain":0,"player_choice":"Ignored","damage_taken":0,"max_hp_gain":0,"max_hp_loss":0,"event_name":"Beggar","floor":31,"gold_loss":0},{"damage_healed":0,"gold_gain":300,"player_choice":"Gold","damage_taken":0,"max_hp_gain":0,"max_hp_loss":0,"event_name":"Wheel of Change","floor":36,"gold_loss":0}],"is_beta":false,"boss_relics":[{"not_picked":["Snecko Eye","Tiny House"],"picked":"Black Blood"},{"not_picked":["energizedSpire:TabascoSauce","Astrolabe"],"picked":"energizedSpire:MagnifyingGlass"}],"items_purged_floors":[37],"is_endless":false,"potions_floor_spawned":[4,12,16,24,27,35,39,40,48],"ascension_level":0}}