{"host":"gqw4el7xk6pl8jgw","time":1611100993,"event":{"mods":["BaseMod","BetterRewards","Colored Map","Hermit","Highlight Path","Minty Spire (QoL Compilation)","Spicy Shops","StSLib","SuperFastMode","The Cursed","The Hierophant"],"gold_per_floor":[116,116,116,139,139,139,182,182,236,236,261,281,281,302,302,302,302],"floor_reached":16,"language":"ENG","playtime":174,"items_purged":[],"score":100,"play_id":"8ad3efe9-689d-4b15-aed6-ef946a41f985","local_time":"20210120010313","is_ascension_mode":false,"campfire_choices":[{"data":"Cleave","floor":6,"key":"SMITH"},{"data":"Immolate","floor":8,"key":"SMITH"},{"floor":15,"key":"REST"}],"circlet_count":0,"master_deck":["Strike_R","Strike_R","Strike_R","Strike_R","Defend_R","Defend_R","Defend_R","Defend_R","Bash","Cleave+1","Flame Barrier","Immolate+1","Flex","Heavy Blade","Offering"],"relics":["Burning Blood","Lantern","Golden Idol","Dream Catcher","Juzu Bracelet","Happy Flower"],"acts_visited":["Exordium"],"potions_floor_usage":[],"damage_taken":[{"damage":6,"enemies":"Cultist","floor":1,"turns":3},{"damage":6,"enemies":"Jaw Worm","floor":4,"turns":3},{"damage":14,"enemies":"3 Sentries","floor":7,"turns":7},{"damage":0,"enemies":"Small Slimes","floor":11,"turns":1},{"damage":8,"enemies":"Exordium Thugs","floor":12,"turns":3},{"damage":0,"enemies":"Blue Slaver","floor":14,"turns":2},{"damage":78,"enemies":"Hexaghost","floor":16,"turns":9}],"seed_played":"2736031374776752145","potions_obtained":[{"floor":7,"key":"DistilledChaos"},{"floor":11,"key":"BlessingOfTheForge"}],"is_trial":false,"path_per_floor":["M","?","?","M","?","R","E","R","T","?","M","M","?","M","R","B"],"character_chosen":"IRONCLAD","items_purchased":[],"campfire_rested":1,"item_purchase_floors":[],"current_hp_per_floor":[80,73,53,53,53,53,45,45,45,42,48,46,46,52,76,0,0],"gold":302,"neow_bonus":"RANDOM_COMMON_RELIC","is_daily":false,"chose_seed":false,"campfire_upgraded":2,"win_rate":0.0,"timestamp":1611100993,"path_taken":["M","?","?","M","?","R","E","R","T","?","M","M","?","M","R","BOSS"],"items_purchased_type":[],"build_version":"2020-12-22","purchased_purges":0,"victory":false,"max_hp_per_floor":[80,80,80,80,80,80,80,80,80,80,80,80,80,80,80,80,80],"card_choices":[{"not_picked":["Sword Boomerang","Fire Breathing","Dark Embrace"],"picked":"SKIP","floor":1},{"not_picked":["Body Slam","Dual Wield"],"picked":"Cleave","floor":4},{"not_picked":["Clothesline","Perfected Strike"],"picked":"Immolate","floor":7},{"not_picked":["Immolate","Headbutt"],"picked":"Flex","floor":11},{"not_picked":["True Grit","Twin Strike"],"picked":"Heavy Blade","floor":12},{"not_picked":["Dual Wield","Havoc","Warcry"],"picked":"SKIP","floor":14},{"not_picked":["Havoc","Iron Wave"],"picked":"Offering","floor":15}],"player_experience":714440,"relics_obtained":[{"floor":7,"key":"Dream Catcher"},{"floor":9,"key":"Juzu Bracelet"}],"event_choices":[{"cards_removed":["Strike_R"],"damage_healed":0,"gold_gain":0,"player_choice":"Card Removal","damage_taken":7,"max_hp_gain":0,"max_hp_loss":0,"event_name":"Golden Wing","floor":2,"gold_loss":0},{"damage_healed":0,"gold_gain":0,"player_choice":"Take Damage","damage_taken":20,"relics_obtained":["Golden Idol"],"max_hp_gain":0,"max_hp_loss":0,"event_name":"Golden Idol","floor":3,"gold_loss":0},{"damage_healed":0,"gold_gain":0,"player_choice":"1 cards matched","damage_taken":0,"max_hp_gain":0,"max_hp_loss":0,"event_name":"Match and Keep!","floor":5,"gold_loss":0,"cards_obtained":["Flame Barrier"]},{"damage_healed":0,"gold_gain":0,"player_choice":"Success","damage_taken":3,"relics_obtained":["Happy Flower"],"max_hp_gain":0,"max_hp_loss":0,"event_name":"Scrap Ooze","floor":10,"gold_loss":0},{"damage_healed":0,"gold_gain":0,"player_choice":"Ignored","damage_taken":0,"max_hp_gain":0,"max_hp_loss":0,"event_name":"Liars Game","floor":13,"gold_loss":0}],"is_beta":false,"boss_relics":[],"items_purged_floors":[],"is_endless":false,"potions_floor_spawned":[7,11],"killed_by":"Hexaghost","ascension_level":0}}