{"host":"8i58hvcssdezoe94","time":1611172162,"event":{"mods":["Act Like it!","BaseMod","Colored Map","Conspire","Gensokyo","KinomotoSakuraMod(木之本樱)","Marisa（F雨　魔理沙）","Minty Spire (QoL Compilation)","Quick Restart","Remilia（蕾米莉亚）","Replay The Spire","StSLib","The Animator","The Bug Knight","The Construct","The Cursed","The Hierophant","The Jungle","The Servant 0.9.4"],"gold_per_floor":[111,7,25,25,45,375,375,391,391,391,402,402,422,438,438,438,438],"floor_reached":16,"language":"ZHS","playtime":665,"items_purged":[],"score":104,"play_id":"316866fd-846c-4c23-a459-0809947748f9","local_time":"20210121034922","is_ascension_mode":false,"campfire_choices":[{"floor":7,"key":"RECALL"},{"data":"ReplayTheSpireMod:Dual Polarity","floor":10,"key":"SMITH"},{"data":"Zap","floor":15,"key":"SMITH"}],"circlet_count":0,"master_deck":["Strike_B","Strike_B","Strike_B","Strike_B","Defend_B","Defend_B","Defend_B","Defend_B","Zap+1","Dualcast","Capacitor","Cold Snap","Rebound","ReplayTheSpireMod:Dual Polarity+1","Conserve Battery","Leap","Sweeping Beam","Streamline"],"relics":["Cracked Core","NeowsBlessing","ReplayFunnel","Ginger","Strawberry"],"acts_visited":["Gensokyo:Gensokyo"],"potions_floor_usage":[],"damage_taken":[{"damage":0,"enemies":"Gensokyo:Python","floor":1,"turns":1},{"damage":4,"enemies":"Gensokyo:3_Fairies","floor":3,"turns":2},{"damage":0,"enemies":"Gensokyo:Gryphon","floor":5,"turns":1},{"damage":11,"enemies":"Gensokyo:Mamizou","floor":6,"turns":8},{"damage":0,"enemies":"Gensokyo:LivingMonolith","floor":8,"turns":3},{"damage":12,"enemies":"Gensokyo:2_Rabbits","floor":11,"turns":5},{"damage":8,"enemies":"Gensokyo:3_Kodama","floor":13,"turns":4},{"damage":1,"enemies":"Gensokyo:VengefulSpirit","floor":14,"turns":4},{"damage":56,"enemies":"Gensokyo:Kokoro","floor":16,"turns":13}],"seed_played":"5366478722853295111","potions_obtained":[{"floor":3,"key":"AttackPotion"},{"floor":5,"key":"Energy Potion"},{"floor":11,"key":"FocusPotion"},{"floor":13,"key":"EssenceOfSteel"}],"is_trial":false,"path_per_floor":["M","COS","M","?","M","E","R","M","T","R","M","?","M","M","R","B"],"character_chosen":"DEFECT","items_purchased":[],"campfire_rested":0,"item_purchase_floors":[],"current_hp_per_floor":[75,75,71,71,71,60,60,60,60,60,48,45,37,36,36,0,0],"gold":438,"neow_bonus":"THREE_ENEMY_KILL","is_daily":false,"chose_seed":false,"campfire_upgraded":2,"win_rate":0.0,"timestamp":1611172162,"path_taken":["M","COS","?","?","M","E","R","M","T","R","M","?","M","M","R","BOSS"],"items_purchased_type":[],"build_version":"2020-12-22","purchased_purges":0,"victory":false,"max_hp_per_floor":[75,75,75,75,75,75,75,75,75,75,75,82,82,82,82,82,82],"card_choices":[{"not_picked":["Gash","Compile Driver"],"picked":"Capacitor","floor":1},{"not_picked":["Recycle","Streamline"],"picked":"Cold Snap","floor":3},{"not_picked":["Steam","Streamline"],"picked":"Rebound","floor":5},{"not_picked":["Lockon","Fusion"],"picked":"ReplayTheSpireMod:Dual Polarity","floor":6},{"not_picked":["Redo","Reboot"],"picked":"Conserve Battery","floor":8},{"not_picked":["Coolheaded","White Noise"],"picked":"Leap","floor":11},{"not_picked":["ReplaySort","Beam Cell"],"picked":"Sweeping Beam","floor":13},{"not_picked":["ReplayGash","Panic Button"],"picked":"Streamline","floor":14}],"player_experience":62032,"relics_obtained":[{"floor":6,"key":"ReplayFunnel"}],"event_choices":[],"is_beta":false,"boss_relics":[],"items_purged_floors":[],"is_endless":false,"potions_floor_spawned":[3,5,11,13],"killed_by":"Gensokyo:Kokoro","ascension_level":0}}