{"host":"684z1xpuwaoqmmh1","time":1611141012,"event":{"mods":["Bard","BaseMod","Downfall","Hermit","Jorbs\u0027s Wanderer Trilogy","Marisa????????","Minty Spire (QoL Compilation)","Robot Space Explorer","Shade Mod","StSLib","The Bug Knight","The Cursed","The Hayseed","The Hierophant","The Marked","The Mystic","The Runesmith","The Senshi","The Spell Scribe"],"gold_per_floor":[99,114,114,130,40,69,95,38,38,38,66,66,96,113,129,202,202,2,13,0,18,35,13,13,31,31,57,70,70,70,105,115,115,115,115],"floor_reached":33,"language":"ENG","playtime":2771,"items_purged":["champ:Strike","champ:Strike"],"score":657,"play_id":"0a670597-e630-4741-b3f7-fb8c2618b992","local_time":"20210120131012","is_ascension_mode":true,"campfire_choices":[{"floor":1.0,"key":"RECALL"},{"floor":9.0,"key":"REST"},{"data":"champ:Execute","floor":12.0,"key":"SMITH"},{"data":"champ:CheapShot","floor":18.0,"key":"SMITH"},{"data":"champ:EnchantCrown","floor":26,"key":"SMITH"}],"circlet_count":0,"master_deck":["AscendersBane","champ:Strike","champ:Strike","champ:Defend","champ:Defend+1","champ:Defend","champ:Defend","champ:Execute+1","champ:Taunt+1","champ:Endure","champ:PreciseThrust","champ:RageSigil","champ:GladiatorStyle","champ:Backstep+1","champ:ShieldWall","champ:RisingSlash","champ:CheapShot+1","champ:AdrenalArmor","champ:ShieldThrow","champ:BerserkerStyle","champ:FanOfKnives","champ:BringItOn","champ:EnchantCrown+1","champ:Duel","champ:DefensiveShout","champ:EnchantSword"],"relics":["champ:ChampionCrown","War Paint","downfall:ShatteredFragment","InkBottle","PreservedInsect","champ:FightingForDummies","Eternal Feather","theSenshi:MoonKaleidoScopeRelic","downfall:HeartBlessingRed","downfall:HeartBlessingGreen","hexamod:CandleOfCauterizing","Dream Catcher","Toy Ornithopter"],"acts_visited":["Exordium","TheCity"],"potions_floor_usage":[27,31],"damage_taken":[{"damage":10.0,"enemies":"2 Louse","floor":2.0,"turns":4.0},{"damage":14.0,"enemies":"Small Slimes","floor":4.0,"turns":3.0},{"damage":23.0,"enemies":"downfall:FleeingMerchant","floor":5.0,"turns":4.0},{"damage":50.0,"enemies":"HollowMod:MossKnight","floor":6.0,"turns":7.0},{"damage":15.0,"enemies":"downfall:FleeingMerchant","floor":8.0,"turns":4.0},{"damage":20.0,"enemies":"Gremlin Nob","floor":11.0,"turns":3.0},{"damage":12.0,"enemies":"Lagavulin","floor":13.0,"turns":4.0},{"damage":10.0,"enemies":"Jaw Worm","floor":14.0,"turns":2.0},{"damage":10.0,"enemies":"2 Fungi Beasts","floor":15.0,"turns":3.0},{"damage":82.0,"enemies":"IC_STATUS_ARCHETYPE","floor":16.0,"turns":9.0},{"damage":25.0,"enemies":"Snake Plant","floor":19.0,"turns":4.0},{"damage":40.0,"enemies":"downfall:FleeingMerchant","floor":20.0,"turns":5.0},{"damage":79,"enemies":"Sentry and Sphere","floor":21,"turns":5},{"damage":61,"enemies":"Centurion and Healer","floor":22,"turns":4},{"damage":35,"enemies":"downfall:FleeingMerchant","floor":23,"turns":5},{"damage":19,"enemies":"Snake Plant","floor":25,"turns":4},{"damage":29,"enemies":"HollowMod:Nosk","floor":27,"turns":6},{"damage":17,"enemies":"3 Cultists","floor":28,"turns":5},{"damage":20,"enemies":"Book of Stabbing","floor":31,"turns":3},{"damage":38,"enemies":"Centurion and Healer","floor":32,"turns":5},{"damage":44,"enemies":"SI_MIRROR_ARCHETYPE","floor":33,"turns":4}],"seed_played":"4655007552943489586","potions_obtained":[{"floor":2.0,"key":"Strength Potion"},{"floor":11.0,"key":"Block Potion"},{"floor":16.0,"key":"champ:OpenerPotion"},{"floor":21,"key":"SteroidPotion"},{"floor":27,"key":"hexamod:SoulburnPotion"}],"is_trial":false,"path_per_floor":["R","M","?","M","$","E","T","$","R","?","E","R","E","M","M","B",null,"R","M","$","M","M","$","T","M","R","E","M","?","?","E","M","B"],"character_chosen":"THE_CHAMP","items_purchased":["champ:ShieldWall","hexamod:CandleOfCauterizing"],"campfire_rested":1,"item_purchase_floors":[8,23],"current_hp_per_floor":[73,73,46,42,39,39,39,39,63,63,53,53,51,51,51,19,66,78,68,68,62,53,53,53,41,53,43,43,43,43,43,43,0,0,0],"gold":115,"neow_bonus":"RANDOM_COMMON_RELIC","is_daily":false,"chose_seed":false,"campfire_upgraded":3,"win_rate":0.0,"timestamp":1611141012,"path_taken":["R","M","?","M","$","E","T","$","R","?","E","R","E","M","M","BOSS","R","M","$","M","M","$","T","M","R","E","M","?","?","E","M","BOSS"],"items_purchased_type":["Card","Relic"],"build_version":"2020-12-22","purchased_purges":2,"victory":false,"max_hp_per_floor":[81,81,81,81,81,81,81,81,81,81,81,81,81,81,81,81,81,81,81,81,81,81,81,81,81,81,81,81,81,81,81,81,81,81,81],"card_choices":[{"not_picked":["champ:IronFortress","champ:RapidStrikes"],"picked":"champ:Endure","floor":2.0},{"not_picked":["champ:ShieldSigil","champ:AdrenalArmor"],"picked":"champ:PreciseThrust","floor":4.0},{"not_picked":["champ:EndlessRage","champ:Circumvent"],"picked":"champ:RageSigil","floor":5.0},{"not_picked":["champ:GutPunch","champ:Parry"],"picked":"champ:GladiatorStyle","floor":6.0},{"not_picked":["champ:Haymaker","champ:ShieldSlam"],"picked":"champ:Backstep","floor":8.0},{"not_picked":["champ:HeartStrike","champ:TornadoPunch"],"picked":"champ:RisingSlash","floor":11.0},{"not_picked":["champ:SteelEdge","champ:CalledShot"],"picked":"champ:CheapShot","floor":13.0},{"not_picked":["champ:Circumvent","champ:Parry","champ:Endure"],"picked":"SKIP","floor":14.0},{"not_picked":["champ:EnGarde","champ:StanceDance"],"picked":"champ:AdrenalArmor","floor":15.0},{"not_picked":["champ:SwordThrow","champ:MurderStrike"],"picked":"champ:ShieldThrow","floor":16.0},{"not_picked":["champ:SetATrap","champ:Circumvent","champ:RapidStrikes"],"picked":"SKIP","floor":19.0},{"not_picked":["champ:RapidStrikes","champ:LastStand"],"picked":"champ:BerserkerStyle","floor":20.0},{"not_picked":["champ:EnGarde","champ:ShieldWall"],"picked":"champ:FanOfKnives","floor":21},{"not_picked":["champ:RecklessLeap","champ:EndlessRage"],"picked":"champ:BringItOn","floor":22},{"not_picked":["champ:FalseCounter","champ:ShieldSigil+1"],"picked":"champ:EnchantCrown","floor":23},{"not_picked":["champ:Encircle","champ:RecklessLeap+1"],"picked":"champ:Duel","floor":25},{"not_picked":["champ:RecklessLeap","champ:ShieldSigil"],"picked":"champ:DefensiveShout","floor":27},{"not_picked":["champ:Haymaker","champ:CrownThrow","champ:HeartStrike"],"picked":"SKIP","floor":28},{"not_picked":["champ:Encircle+1","champ:FlashCut"],"picked":"champ:EnchantSword","floor":31},{"not_picked":["champ:PreciseThrust","champ:FocusedDefense","champ:FalseCounter"],"picked":"SKIP","floor":32}],"player_experience":2923984,"relics_obtained":[{"floor":6.0,"key":"InkBottle"},{"floor":7.0,"key":"PreservedInsect"},{"floor":11.0,"key":"champ:FightingForDummies"},{"floor":13.0,"key":"Eternal Feather"},{"floor":27,"key":"Dream Catcher"},{"floor":31,"key":"Toy Ornithopter"}],"event_choices":[{"damage_healed":0.0,"max_hp_gain":0.0,"max_hp_loss":0.0,"gold_gain":0.0,"event_name":"Living Wall","player_choice":"Grow","floor":10.0,"gold_loss":0.0,"damage_taken":0.0,"cards_upgraded":["champ:Backstep"]}],"is_beta":false,"boss_relics":[{"not_picked":["Runesmith:UraniumAnvil","Runic Dome"],"picked":"theSenshi:MoonKaleidoScopeRelic"}],"items_purged_floors":[5,23],"is_endless":false,"potions_floor_spawned":[2,11,16,21,25,27],"killed_by":"SI_MIRROR_ARCHETYPE","ascension_level":17}}