{"host":"jpzdg3po3tjxdjri","time":1611182905,"event":{"mods":["BaseMod","Better Third Choice","Colored Map","Colored Powertips","Minty Spire (QoL Compilation)","StSLib"],"gold_per_floor":[116,126,76,86,14,14,43,43,43,43,59,6,18,50,50,128,128,147,157,168,168,21,46,60,60,60],"floor_reached":25,"language":"ENG","playtime":681,"items_purged":["Strike_G"],"score":439,"play_id":"a3af4e88-b57b-4209-a12f-d7f6149e31e6","local_time":"20210120224825","is_ascension_mode":true,"campfire_choices":[{"data":"Blade Dance","floor":6,"key":"SMITH"},{"floor":8,"key":"REST"},{"data":"Blade Dance","floor":15,"key":"SMITH"}],"circlet_count":0,"master_deck":["AscendersBane","Strike_G","Strike_G","Strike_G","Defend_G","Defend_G","Defend_G","Defend_G","Defend_G","Survivor","Neutralize","Sucker Punch","Blade Dance+1","Dagger Throw","Accuracy+1","Backflip","Accuracy","Blade Dance+1","Blade Dance","Malaise","Dagger Spray","Finisher","Quick Slash"],"relics":["Ring of the Snake","Turnip","Letter Opener","Smiling Mask","Paper Crane","Busted Crown","PreservedInsect"],"acts_visited":["Exordium","TheCity"],"potions_floor_usage":[13,13,20,23,23],"damage_taken":[{"damage":0,"enemies":"Small Slimes","floor":1,"turns":5},{"damage":2,"enemies":"Jaw Worm","floor":2,"turns":5},{"damage":0,"enemies":"Cultist","floor":4,"turns":3},{"damage":25,"enemies":"3 Sentries","floor":7,"turns":9},{"damage":3,"enemies":"2 Fungi Beasts","floor":11,"turns":3},{"damage":0,"enemies":"Exordium Wildlife","floor":13,"turns":1},{"damage":0,"enemies":"Gremlin Nob","floor":14,"turns":2},{"damage":13,"enemies":"Hexaghost","floor":16,"turns":5},{"damage":16,"enemies":"Shell Parasite","floor":18,"turns":4},{"damage":0,"enemies":"Spheric Guardian","floor":19,"turns":2},{"damage":6,"enemies":"Cultist and Chosen","floor":20,"turns":5},{"damage":22,"enemies":"Book of Stabbing","floor":23,"turns":4},{"damage":5,"enemies":"Snake Plant","floor":24,"turns":4},{"damage":7,"enemies":"3 Cultists","floor":25,"turns":2}],"seed_played":"7517237058644113044","potions_obtained":[{"floor":2,"key":"LiquidMemories"},{"floor":4,"key":"GamblersBrew"},{"floor":16,"key":"ColorlessPotion"},{"floor":19,"key":"Block Potion"},{"floor":20,"key":"SteroidPotion"}],"is_trial":false,"path_per_floor":["M","M","?","M","$","R","E","R","T","?","M","$","M","E","R","B",null,"M","M","M","?","$","E","M","M"],"character_chosen":"THE_SILENT","items_purchased":["Accuracy","Blade Dance","Finisher","Quick Slash"],"campfire_rested":1,"item_purchase_floors":[5,12,22,22],"current_hp_per_floor":[59,57,57,57,57,57,32,50,50,50,47,47,47,47,47,34,54,38,38,32,32,32,10,5,0,0],"gold":60,"neow_bonus":"ONE_RARE_RELIC","is_daily":false,"chose_seed":false,"campfire_upgraded":2,"win_rate":0.0,"timestamp":1611182905,"path_taken":["M","M","?","M","$","R","E","R","T","?","?","$","M","E","R","BOSS","M","M","M","?","$","E","M","M"],"items_purchased_type":["Card","Card","Card","Card"],"build_version":"2020-12-22","purchased_purges":1,"victory":false,"max_hp_per_floor":[60,60,60,60,60,60,60,60,60,60,60,60,60,60,60,60,60,60,60,60,60,60,60,60,60,60],"card_choices":[{"not_picked":["Backflip","Caltrops"],"picked":"Sucker Punch","floor":1},{"not_picked":["Quick Slash","Bane"],"picked":"Blade Dance","floor":2},{"not_picked":["Riddle With Holes","Calculated Gamble"],"picked":"Dagger Throw","floor":4},{"not_picked":["Well Laid Plans","Acrobatics"],"picked":"Backflip","floor":7},{"not_picked":["Acrobatics","Backflip"],"picked":"Accuracy","floor":11},{"not_picked":["Deflect","Bane","Unload"],"picked":"SKIP","floor":13},{"not_picked":["Prepared","Backflip"],"picked":"Blade Dance","floor":14},{"not_picked":["Venomology","Storm of Steel"],"picked":"Malaise","floor":16},{"not_picked":["Deflect"],"picked":"SKIP","floor":18},{"not_picked":["Distraction"],"picked":"SKIP","floor":19},{"not_picked":[],"picked":"Dagger Spray","floor":20},{"not_picked":["Outmaneuver"],"picked":"SKIP","floor":23},{"not_picked":["Acrobatics"],"picked":"SKIP","floor":24}],"player_experience":847474,"relics_obtained":[{"floor":7,"key":"Letter Opener"},{"floor":9,"key":"Smiling Mask"},{"floor":14,"key":"Paper Crane"},{"floor":23,"key":"PreservedInsect"}],"event_choices":[{"cards_removed":["Strike_G"],"damage_healed":0,"gold_gain":0,"player_choice":"Card Removal","damage_taken":0,"max_hp_gain":0,"max_hp_loss":0,"event_name":"The Cleric","floor":3,"gold_loss":50},{"damage_healed":0,"gold_gain":0,"player_choice":"Upgraded","damage_taken":0,"max_hp_gain":0,"max_hp_loss":0,"event_name":"Upgrade Shrine","floor":10,"gold_loss":0,"cards_upgraded":["Accuracy"]},{"damage_healed":0,"gold_gain":0,"player_choice":"Ignored","damage_taken":0,"max_hp_gain":0,"max_hp_loss":0,"event_name":"Ghosts","floor":21,"gold_loss":0}],"is_beta":false,"boss_relics":[{"not_picked":["Empty Cage","SacredBark"],"picked":"Busted Crown"}],"items_purged_floors":[22],"is_endless":false,"potions_floor_spawned":[2,4,7,11,16,19,20],"killed_by":"3 Cultists","ascension_level":14}}