{"host":"e2ju6k0wppswbhbd","time":1611163887,"event":{"mods":["BaseMod","Minty Spire (QoL Compilation)","Rare Cards Sparkle","StSLib"],"gold_per_floor":[118,118,138,151,167,167,198,50,50,66,91,91,91,104,104,209,209,227,241,241,260,6,36,36,49,49,87,87,114,114,143,143,253,253,274,293,32,52,75,117,117,117,117],"floor_reached":42,"language":"FRA","playtime":6076,"items_purged":["Strike_G"],"score":482,"play_id":"3c073b04-3e1a-49e3-adb0-4a89d3799d6e","local_time":"20210120183127","is_ascension_mode":false,"campfire_choices":[{"floor":6,"key":"RECALL"},{"data":"Neutralize","floor":12,"key":"SMITH"},{"data":"Backflip","floor":15,"key":"SMITH"},{"data":"Deflect","floor":28,"key":"SMITH"},{"data":"Dash","floor":30,"key":"SMITH"},{"data":"Survivor","floor":32,"key":"SMITH"},{"data":"Deadly Poison","floor":41,"key":"SMITH"}],"circlet_count":0,"master_deck":["Strike_G","Strike_G","Strike_G","Defend_G","Defend_G","Defend_G","Defend_G","Survivor+1","Neutralize+1","Malaise+1","Sucker Punch","Slice","Corpse Explosion","Noxious Fumes","Backflip+1","Flying Knee+1","Calculated Gamble","Dash+1","A Thousand Cuts","Prepared","Finisher+1","Prepared+1","Blind","Caltrops","Deflect+1","Underhanded Strike+1","Backflip+1","Deadly Poison+1","Burst","Flechettes+1","Dagger Throw+1","Cloak And Dagger+1","PiercingWail"],"relics":["Ring of the Serpent","Bronze Scales","Omamori","Vajra","Eternal Feather","MutagenicStrength","CeramicFish","Lantern","Coffee Dripper","Shuriken","Potion Belt"],"acts_visited":["Exordium","TheCity","TheBeyond"],"potions_floor_usage":[11,16,18,23,31,38,39,40],"damage_taken":[{"damage":0,"enemies":"Jaw Worm","floor":1,"turns":5},{"damage":0,"enemies":"Small Slimes","floor":3,"turns":4},{"damage":0,"enemies":"2 Louse","floor":4,"turns":3},{"damage":2,"enemies":"Large Slime","floor":5,"turns":5},{"damage":8,"enemies":"3 Sentries","floor":7,"turns":5},{"damage":0,"enemies":"2 Fungi Beasts","floor":10,"turns":2},{"damage":16,"enemies":"Gremlin Nob","floor":11,"turns":4},{"damage":0,"enemies":"Blue Slaver","floor":14,"turns":3},{"damage":10,"enemies":"Slime Boss","floor":16,"turns":8},{"damage":9,"enemies":"2 Thieves","floor":18,"turns":2},{"damage":2,"enemies":"Shell Parasite","floor":19,"turns":6},{"damage":6,"enemies":"Snake Plant","floor":21,"turns":3},{"damage":18,"enemies":"Gremlin Leader","floor":23,"turns":7},{"damage":5,"enemies":"Centurion and Healer","floor":25,"turns":7},{"damage":17,"enemies":"Book of Stabbing","floor":27,"turns":6},{"damage":1,"enemies":"Shelled Parasite and Fungi","floor":29,"turns":4},{"damage":0,"enemies":"Chosen and Byrds","floor":31,"turns":4},{"damage":21,"enemies":"Collector","floor":33,"turns":11},{"damage":7,"enemies":"Orb Walker","floor":35,"turns":4},{"damage":0,"enemies":"3 Shapes","floor":36,"turns":4},{"damage":5,"enemies":"Spire Growth","floor":38,"turns":5},{"damage":5,"enemies":"Sphere and 2 Shapes","floor":39,"turns":3},{"damage":48,"enemies":"Nemesis","floor":40,"turns":7},{"damage":29,"enemies":"Giant Head","floor":42,"turns":8}],"seed_played":"405216804453491887","potions_obtained":[{"floor":5,"key":"Regen Potion"},{"floor":10,"key":"Regen Potion"},{"floor":14,"key":"Fire Potion"},{"floor":16,"key":"CunningPotion"},{"floor":29,"key":"EssenceOfSteel"},{"floor":31,"key":"Dexterity Potion"},{"floor":33,"key":"Strength Potion"},{"floor":35,"key":"Explosive Potion"}],"is_trial":false,"path_per_floor":["M","?","M","M","M","R","E","$","T","M","E","R","?","M","R","B",null,"M","M","?","M","$","E","?","M","T","E","R","M","R","M","R","B",null,"M","M","$","M","M","E","R","E"],"character_chosen":"THE_SILENT","items_purchased":["Omamori","Blind","Caltrops","Deflect","Shuriken"],"campfire_rested":0,"item_purchase_floors":[8,22,22,22,37],"current_hp_per_floor":[70,70,70,70,68,68,60,60,60,60,56,65,51,51,60,50,70,61,59,59,53,53,50,50,45,45,28,43,42,57,57,70,49,70,63,63,63,58,53,5,23,0,0],"gold":117,"neow_bonus":"TRANSFORM_CARD","is_daily":false,"chose_seed":false,"campfire_upgraded":6,"win_rate":0.0,"timestamp":1611163887,"path_taken":["M","?","M","M","M","R","E","$","T","M","E","R","?","M","R","BOSS","M","M","?","M","$","E","?","M","T","E","R","M","R","M","R","BOSS","M","M","$","M","M","E","R","E"],"items_purchased_type":["Relic","Card","Card","Card","Relic"],"build_version":"2020-12-22","purchased_purges":1,"victory":false,"max_hp_per_floor":[70,70,70,70,70,70,70,70,70,70,70,70,70,70,70,70,70,70,70,70,70,70,70,70,70,70,70,70,70,70,70,70,70,70,70,70,70,70,70,70,70,70,70],"card_choices":[{"not_picked":["Deflect","Acrobatics"],"picked":"Sucker Punch","floor":1},{"not_picked":["Blade Dance","Concentrate"],"picked":"Slice","floor":3},{"not_picked":["Reflex","Underhanded Strike"],"picked":"Corpse Explosion","floor":4},{"not_picked":["Skewer","Sucker Punch"],"picked":"Noxious Fumes","floor":5},{"not_picked":["Outmaneuver","Bane"],"picked":"Backflip","floor":7},{"not_picked":["Dodge and Roll","Sucker Punch"],"picked":"Flying Knee","floor":10},{"not_picked":["Expertise","Setup"],"picked":"Calculated Gamble","floor":11},{"not_picked":["Dodge and Roll","Quick Slash"],"picked":"Dash","floor":14},{"not_picked":["Phantasmal Killer","Burst"],"picked":"A Thousand Cuts","floor":16},{"not_picked":["Blade Dance","Finisher"],"picked":"Prepared","floor":18},{"not_picked":["Underhanded Strike","Escape Plan"],"picked":"Finisher+1","floor":19},{"not_picked":["Distraction","Flying Knee"],"picked":"Prepared+1","floor":21},{"not_picked":["Slice+1","Night Terror","Bane"],"picked":"SKIP","floor":23},{"not_picked":["Flechettes","Prepared","Caltrops"],"picked":"SKIP","floor":25},{"not_picked":["Bane+1","Catalyst"],"picked":"Underhanded Strike+1","floor":27},{"not_picked":["Prepared","Deadly Poison"],"picked":"Backflip+1","floor":29},{"not_picked":["A Thousand Cuts","Deflect+1"],"picked":"Deadly Poison","floor":31},{"not_picked":["Storm of Steel","Corpse Explosion"],"picked":"Burst","floor":33},{"not_picked":["Bane","Leg Sweep"],"picked":"Flechettes+1","floor":35},{"not_picked":["Predator","Deflect+1","Cloak And Dagger"],"picked":"SKIP","floor":36},{"not_picked":["Sucker Punch+1","Backflip"],"picked":"Dagger Throw+1","floor":38},{"not_picked":["Dagger Spray","Dodge and Roll+1"],"picked":"Cloak And Dagger+1","floor":39},{"not_picked":["Caltrops+1","Flying Knee"],"picked":"PiercingWail","floor":40}],"player_experience":2743171,"relics_obtained":[{"floor":7,"key":"Bronze Scales"},{"floor":9,"key":"Vajra"},{"floor":11,"key":"Eternal Feather"},{"floor":23,"key":"CeramicFish"},{"floor":27,"key":"Lantern"},{"floor":40,"key":"Potion Belt"}],"event_choices":[{"cards_removed":["Defend_G"],"damage_healed":0,"gold_gain":0,"player_choice":"Forget","damage_taken":0,"max_hp_gain":0,"max_hp_loss":0,"event_name":"Living Wall","floor":2,"gold_loss":0},{"damage_healed":0,"gold_gain":0,"player_choice":"Entered Light","damage_taken":14,"max_hp_gain":0,"max_hp_loss":0,"event_name":"Shining Light","floor":13,"gold_loss":0,"cards_upgraded":["Malaise","Flying Knee"]},{"damage_healed":0,"gold_gain":0,"player_choice":"Inject Mutagens","damage_taken":0,"relics_obtained":["MutagenicStrength"],"max_hp_gain":0,"max_hp_loss":0,"event_name":"Drug Dealer","floor":20,"gold_loss":0},{"damage_healed":0,"gold_gain":0,"player_choice":"Ignored","damage_taken":0,"max_hp_gain":0,"max_hp_loss":0,"event_name":"Ghosts","floor":24,"gold_loss":0}],"is_beta":false,"boss_relics":[{"not_picked":["Fusion Hammer","SacredBark"],"picked":"Ring of the Serpent"},{"not_picked":["Snecko Eye","Philosopher\u0027s Stone"],"picked":"Coffee Dripper"}],"items_purged_floors":[22],"is_endless":false,"potions_floor_spawned":[5,10,14,16,29,31,33,35],"killed_by":"Giant Head","ascension_level":0}}