{"host":"cf32014d19ld5mat","time":1611147474,"event":{"mods":["AchievementEnabler","BaseMod","Block Reminder","Minty Spire (QoL Compilation)","Random Character Button","Relic Stats","StSLib"],"gold_per_floor":[113,188,244,60,76,104,33,33,33,43,53,86,86,86,86,186,186,202,202,202,477,496,496,509,509,509,509,542,115,40,16,16,118,118,133,152,5,0,0,0,25,75,75,90,106,106,140,153,153,153,153,153,33,61,61,61],"floor_reached":55,"language":"ENG","playtime":2649,"items_purged":["Venomology"],"score":1249,"play_id":"8d41d523-27ab-48bd-9783-f4b531c5e263","local_time":"20210120125754","is_ascension_mode":true,"campfire_choices":[{"data":"Apotheosis","floor":8,"key":"SMITH"},{"floor":15,"key":"REST"},{"floor":23,"key":"REST"},{"floor":25,"key":"REST"},{"floor":27,"key":"REST"},{"data":"Acrobatics","floor":32,"key":"SMITH"},{"data":"Acrobatics","floor":40,"key":"SMITH"},{"floor":46,"key":"RECALL"},{"floor":49,"key":"REST"},{"data":"1","floor":52,"key":"LIFT"}],"circlet_count":0,"master_deck":["AscendersBane","Strike_G+1","Strike_G+1","Strike_G+1","Defend_G+1","Defend_G+1","Defend_G+1","Defend_G+1","Defend_G+1","Survivor","Neutralize","Predator+1","Apotheosis+1","Endless Agony","Blade Dance","Noxious Fumes","Catalyst","Bullet Time","PiercingWail","Escape Plan+1","Envenom","Acrobatics+1","Acrobatics+1","Tools of the Trade","Reflex+1","Backflip+1","Caltrops","Backflip"],"relics":["Ring of the Snake","NeowsBlessing","Omamori","Gremlin Horn","PreservedInsect","Boot","Sozu","Snake Skull","Bag of Marbles","Regal Pillow","Torii","Cursed Key","ClockworkSouvenir","Red Mask","Calipers","Girya","Anchor","Mercury Hourglass"],"acts_visited":["Exordium","TheCity","TheBeyond","TheEnding"],"potions_floor_usage":[12,50,55,55],"damage_taken":[{"damage":0,"enemies":"Jaw Worm","floor":1,"turns":1},{"damage":0,"enemies":"2 Louse","floor":5,"turns":1},{"damage":0,"enemies":"3 Sentries","floor":6,"turns":1},{"damage":0,"enemies":"Small Slimes","floor":10,"turns":2},{"damage":4,"enemies":"Blue Slaver","floor":11,"turns":4},{"damage":18,"enemies":"Gremlin Nob","floor":12,"turns":3},{"damage":21,"enemies":"The Guardian","floor":16,"turns":10},{"damage":36,"enemies":"3 Byrds","floor":18,"turns":5},{"damage":0,"enemies":"Chosen","floor":22,"turns":4},{"damage":26,"enemies":"Snake Plant","floor":24,"turns":4},{"damage":0,"enemies":"Book of Stabbing","floor":28,"turns":5},{"damage":31,"enemies":"Collector","floor":33,"turns":7},{"damage":1,"enemies":"Orb Walker","floor":35,"turns":2},{"damage":0,"enemies":"3 Shapes","floor":36,"turns":4},{"damage":2,"enemies":"Giant Head","floor":41,"turns":6},{"damage":0,"enemies":"Mind Bloom Boss Battle","floor":42,"turns":3},{"damage":1,"enemies":"Spire Growth","floor":44,"turns":4},{"damage":1,"enemies":"Maw","floor":45,"turns":4},{"damage":0,"enemies":"Nemesis","floor":47,"turns":3},{"damage":0,"enemies":"3 Darklings","floor":48,"turns":4},{"damage":41,"enemies":"Donu and Deca","floor":50,"turns":9},{"damage":46,"enemies":"Shield and Spear","floor":54,"turns":6},{"damage":1,"enemies":"The Heart","floor":55,"turns":3}],"seed_played":"7822583657714989082","potions_obtained":[{"floor":1,"key":"DistilledChaos"},{"floor":11,"key":"Energy Potion"},{"floor":12,"key":"CultistPotion"},{"floor":16,"key":"Weak Potion"}],"is_trial":false,"path_per_floor":["M","?","?","$","M","E","$","R","T","M","M","E","?","?","R","B",null,"M","?","?","?","M","R","M","R","T","R","E","$","?","$","R","B",null,"M","M","$","?","?","R","E","?","T","M","M","R","E","M","R","B",null,"R","$","E","B"],"character_chosen":"THE_SILENT","items_purchased":["Apotheosis","Noxious Fumes","Torii","Acrobatics","Acrobatics","ClockworkSouvenir","Caltrops","Backflip"],"campfire_rested":5,"item_purchase_floors":[4,7,29,29,31,37,53,53],"current_hp_per_floor":[63,52,52,52,52,52,52,52,52,52,48,30,30,16,37,16,57,21,21,21,21,21,42,16,37,37,58,58,58,58,58,58,27,59,58,58,58,58,58,58,56,56,56,55,54,54,54,54,70,29,60,60,60,14,13,13],"gold":61,"neow_bonus":"THREE_ENEMY_KILL","is_daily":false,"chose_seed":false,"campfire_upgraded":3,"win_rate":0.0,"timestamp":1611147474,"path_taken":["M","?","?","?","M","E","$","R","T","?","M","E","?","?","R","BOSS","M","?","?","?","M","R","?","R","T","R","E","$","?","?","R","BOSS","M","M","$","?","?","R","E","?","T","M","M","R","E","M","R","BOSS","R","$","E","BOSS"],"items_purchased_type":["Card","Card","Relic","Card","Card","Relic","Card","Card"],"build_version":"2020-12-22","purchased_purges":1,"victory":false,"max_hp_per_floor":[70,70,70,70,70,70,70,70,70,70,70,70,70,70,70,70,70,70,70,70,70,70,70,70,70,70,70,70,70,70,70,70,70,70,70,70,70,70,70,70,70,70,70,70,70,70,70,70,70,70,70,70,70,70,70,70],"relic_stats":{"Sozu":9,"Regal Pillow":0,"Gremlin Horn":[12,11],"Torii":9,"counters":[23,95],"PreservedInsect":300,"Snake Skull":[232],"Boot":[169],"Cursed Key":1,"obtain_stats":[{"Girya":42,"Regal Pillow":28,"Calipers":41,"NeowsBlessing":0,"Gremlin Horn":9,"Torii":29,"PreservedInsect":12,"Snake Skull":20,"Omamori":6,"Boot":13,"Cursed Key":34,"ClockworkSouvenir":37,"Mercury Hourglass":54,"Sozu":17,"Anchor":47,"Bag of Marbles":26,"Red Mask":38,"Ring of the Snake":0},{"Girya":16,"Regal Pillow":11,"Calipers":15,"NeowsBlessing":0,"Gremlin Horn":3,"Torii":11,"PreservedInsect":6,"Snake Skull":8,"Omamori":3,"Boot":6,"Cursed Key":12,"ClockworkSouvenir":14,"Mercury Hourglass":22,"Sozu":7,"Anchor":19,"Bag of Marbles":10,"Red Mask":14,"Ring of the Snake":0},{"Girya":62,"Regal Pillow":40,"Calipers":59,"NeowsBlessing":0,"Gremlin Horn":3,"Torii":40,"PreservedInsect":12,"Snake Skull":27,"Omamori":3,"Boot":12,"Cursed Key":47,"ClockworkSouvenir":53,"Mercury Hourglass":92,"Sozu":22,"Anchor":73,"Bag of Marbles":35,"Red Mask":53,"Ring of the Snake":0}],"Ring of the Snake":[48],"Mercury Hourglass":[9]},"card_choices":[{"not_picked":["Accuracy","Deadly Poison"],"picked":"Predator","floor":1},{"not_picked":["Cloak And Dagger","Choke"],"picked":"Endless Agony","floor":5},{"not_picked":["All Out Attack","Expertise"],"picked":"Blade Dance","floor":6},{"not_picked":["Quick Slash","Accuracy"],"picked":"Catalyst","floor":10},{"not_picked":["Accuracy","Bane","All Out Attack"],"picked":"SKIP","floor":11},{"not_picked":["Bane","Escape Plan"],"picked":"Bullet Time","floor":12},{"not_picked":["Phantasmal Killer","Grand Finale"],"picked":"Venomology","floor":16},{"not_picked":["Predator","Catalyst+1"],"picked":"PiercingWail","floor":18},{"not_picked":["Deflect","Eviscerate"],"picked":"Escape Plan+1","floor":22},{"not_picked":["Bane+1","Eviscerate","Terror"],"picked":"SKIP","floor":24},{"not_picked":["Dagger Throw","Riddle With Holes"],"picked":"Envenom","floor":28},{"not_picked":["Storm of Steel","Bullet Time"],"picked":"Tools of the Trade","floor":33},{"not_picked":["Riddle With Holes","Predator+1"],"picked":"Reflex+1","floor":35},{"not_picked":["Underhanded Strike","Terror","Quick Slash+1"],"picked":"SKIP","floor":36},{"not_picked":["Flechettes+1","Quick Slash+1","Heel Hook+1"],"picked":"SKIP","floor":41},{"not_picked":["Dagger Throw","Outmaneuver"],"picked":"Backflip+1","floor":44},{"not_picked":["Outmaneuver","Deadly Poison+1","Prepared"],"picked":"SKIP","floor":45},{"not_picked":["All Out Attack","Bane","Dagger Spray"],"picked":"SKIP","floor":47},{"not_picked":["Cloak And Dagger+1","Quick Slash+1","Flying Knee"],"picked":"SKIP","floor":48},{"not_picked":["A Thousand Cuts","Terror+1","Masterful Stab+1"],"picked":"SKIP","floor":54}],"player_experience":990177,"relics_obtained":[{"floor":6,"key":"Omamori"},{"floor":9,"key":"Gremlin Horn"},{"floor":12,"key":"PreservedInsect"},{"floor":26,"key":"Bag of Marbles"},{"floor":28,"key":"Regal Pillow"},{"floor":41,"key":"Calipers"},{"floor":42,"key":"Girya"},{"floor":47,"key":"Anchor"},{"floor":54,"key":"Mercury Hourglass"}],"event_choices":[{"damage_healed":0,"gold_gain":75,"player_choice":"Gather Gold","damage_taken":11,"max_hp_gain":0,"max_hp_loss":0,"event_name":"World of Goop","floor":2,"gold_loss":0},{"damage_healed":0,"gold_gain":56,"player_choice":"Gained Gold","damage_taken":0,"max_hp_gain":0,"max_hp_loss":0,"event_name":"Golden Wing","floor":3,"gold_loss":0},{"damage_healed":0,"gold_gain":0,"player_choice":"Searched \u00271\u0027 times","damage_taken":0,"relics_obtained":["Boot"],"max_hp_gain":0,"max_hp_loss":0,"event_name":"Dead Adventurer","floor":13,"gold_loss":0},{"damage_healed":0,"gold_gain":0,"player_choice":"Entered Light","damage_taken":14,"max_hp_gain":0,"max_hp_loss":0,"event_name":"Shining Light","floor":14,"gold_loss":0,"cards_upgraded":["Strike_G","Predator"]},{"damage_healed":0,"gold_gain":0,"player_choice":"Simplicity","damage_taken":0,"max_hp_gain":0,"max_hp_loss":0,"event_name":"Back to Basics","floor":19,"gold_loss":0,"cards_upgraded":["Strike_G","Strike_G","Strike_G","Strike_G","Defend_G","Defend_G","Defend_G","Defend_G","Defend_G"]},{"damage_healed":0,"gold_gain":0,"player_choice":"Opened","damage_taken":0,"relics_obtained":["Snake Skull"],"max_hp_gain":0,"max_hp_loss":0,"event_name":"The Mausoleum","floor":20,"gold_loss":0},{"damage_healed":0,"gold_gain":275,"player_choice":"Desecrate","damage_taken":0,"max_hp_gain":0,"max_hp_loss":0,"event_name":"Golden Shrine","floor":21,"gold_loss":0,"cards_obtained":["Regret"]},{"cards_removed":["Strike_G"],"damage_healed":0,"gold_gain":0,"player_choice":"Gave Gold","damage_taken":0,"max_hp_gain":0,"max_hp_loss":0,"event_name":"Beggar","floor":30,"gold_loss":75},{"damage_healed":0,"gold_gain":0,"player_choice":"Paid","damage_taken":0,"relics_obtained":["Red Mask"],"max_hp_gain":0,"max_hp_loss":0,"event_name":"Tomb of Lord Red Mask","floor":38,"gold_loss":5},{"cards_removed":["Strike_G"],"damage_healed":0,"gold_gain":0,"player_choice":"Removed Attack","damage_taken":0,"max_hp_gain":0,"max_hp_loss":0,"event_name":"Falling","floor":39,"gold_loss":0},{"damage_healed":0,"gold_gain":0,"player_choice":"Fight","damage_taken":0,"max_hp_gain":0,"max_hp_loss":0,"event_name":"MindBloom","floor":42,"gold_loss":0}],"is_beta":false,"boss_relics":[{"not_picked":["Philosopher\u0027s Stone","Astrolabe"],"picked":"Sozu"},{"not_picked":["WristBlade","SacredBark"],"picked":"Cursed Key"}],"items_purged_floors":[29],"is_endless":false,"potions_floor_spawned":[1,11,12,16,28,35,36,44,45,47,54],"killed_by":"The Heart","ascension_level":10}}