{"host":"1ekl8hlbnopmdapi","time":1611109389,"event":{"mods":["AchievementEnabler","BaseMod","Colored Map","Colored Powertips","DeckTracker","Googly Eyes","Highlight Path","Minty Spire (QoL Compilation)","Relic Sorter","StSLib","Synergy Search"],"gold_per_floor":[111,111,130,150,168,168,183,183,183,183,208,242,242,255,255,255,255],"floor_reached":16,"language":"ENG","playtime":475,"items_purged":[],"score":130,"play_id":"78a8da6d-ca53-466f-938f-a664ed0376f8","local_time":"20210119212309","is_ascension_mode":true,"campfire_choices":[{"floor":6,"key":"RECALL"},{"data":"Neutralize","floor":8,"key":"SMITH"},{"floor":15,"key":"REST"}],"circlet_count":0,"master_deck":["Strike_G","Strike_G","Strike_G","Strike_G","Strike_G","Defend_G","Defend_G","Defend_G","Defend_G","Defend_G","Survivor","Neutralize+1","Dagger Spray","Injury","Dodge and Roll","All Out Attack","Cloak And Dagger","Sucker Punch","Caltrops","Poisoned Stab","Cloak And Dagger"],"relics":["Ring of the Snake","Golden Idol","Dream Catcher"],"acts_visited":["Exordium"],"potions_floor_usage":[16,16],"damage_taken":[{"damage":0,"enemies":"Cultist","floor":1,"turns":3},{"damage":2,"enemies":"Small Slimes","floor":3,"turns":3},{"damage":0,"enemies":"2 Louse","floor":4,"turns":3},{"damage":7,"enemies":"Looter","floor":5,"turns":4},{"damage":6,"enemies":"2 Fungi Beasts","floor":7,"turns":4},{"damage":10,"enemies":"Large Slime","floor":11,"turns":7},{"damage":32,"enemies":"3 Sentries","floor":12,"turns":9},{"damage":4,"enemies":"3 Louse","floor":14,"turns":3},{"damage":43,"enemies":"Slime Boss","floor":16,"turns":8}],"seed_played":"100753012025865723","potions_obtained":[{"floor":1,"key":"SpeedPotion"},{"floor":5,"key":"LiquidBronze"},{"floor":12,"key":"CultistPotion"}],"is_trial":false,"path_per_floor":["M","?","M","M","M","R","M","R","T","?","M","E","?","M","R","B"],"character_chosen":"THE_SILENT","items_purchased":[],"campfire_rested":1,"item_purchase_floors":[],"current_hp_per_floor":[77,77,75,75,68,68,62,62,62,62,52,20,20,16,39,0,0],"gold":255,"neow_bonus":"TEN_PERCENT_HP_BONUS","is_daily":false,"chose_seed":false,"campfire_upgraded":1,"win_rate":0.0,"timestamp":1611109389,"path_taken":["M","?","M","M","M","R","M","R","T","?","M","E","?","M","R","BOSS"],"items_purchased_type":[],"build_version":"2020-12-22","purchased_purges":0,"victory":false,"max_hp_per_floor":[77,77,77,77,77,77,77,77,77,77,77,77,77,77,77,77,77],"card_choices":[{"not_picked":["Terror","Well Laid Plans"],"picked":"Dagger Spray","floor":1},{"not_picked":["Slice","Eviscerate"],"picked":"Dodge and Roll","floor":3},{"not_picked":["Concentrate","Prepared"],"picked":"All Out Attack","floor":4},{"not_picked":["Setup","Prepared"],"picked":"Cloak And Dagger","floor":5},{"not_picked":["Backflip","Bane"],"picked":"Sucker Punch","floor":7},{"not_picked":["Phantasmal Killer","Expertise"],"picked":"Caltrops","floor":11},{"not_picked":["Quick Slash","Concentrate"],"picked":"Poisoned Stab","floor":12},{"not_picked":["Bane","Backflip"],"picked":"Cloak And Dagger","floor":14}],"player_experience":475168,"relics_obtained":[{"floor":12,"key":"Dream Catcher"}],"event_choices":[{"damage_healed":0,"gold_gain":0,"player_choice":"Take Wound","damage_taken":0,"relics_obtained":["Golden Idol"],"max_hp_gain":0,"max_hp_loss":0,"event_name":"Golden Idol","floor":2,"gold_loss":0,"cards_obtained":["Injury"]},{"damage_healed":0,"gold_gain":0,"player_choice":"Searched \u00271\u0027 times","damage_taken":0,"max_hp_gain":0,"max_hp_loss":0,"event_name":"Dead Adventurer","floor":10,"gold_loss":0},{"damage_healed":0,"gold_gain":0,"player_choice":"Ignored","damage_taken":0,"max_hp_gain":0,"max_hp_loss":0,"event_name":"Shining Light","floor":13,"gold_loss":0}],"is_beta":false,"boss_relics":[],"items_purged_floors":[],"is_endless":false,"potions_floor_spawned":[1,5,12],"killed_by":"Slime Boss","ascension_level":5}}