{"host":"daa8jqyg4gqfaysm","time":1611166762,"event":{"mods":["BaseMod","Colored Powertips","Minty Spire (QoL Compilation)","StSLib"],"gold_per_floor":[114,114,130,145,65,65,77,77,77,112,36,62,62,91,91,91,91],"floor_reached":16,"language":"ENG","playtime":520,"items_purged":[],"score":236,"play_id":"b0d26034-437b-4db7-957d-25d51c20f324","local_time":"20210121021922","is_ascension_mode":true,"campfire_choices":[{"floor":6.0,"key":"REST"},{"data":"Bullet Time","floor":8.0,"key":"SMITH"},{"floor":13.0,"key":"REST"},{"floor":15,"key":"REST"}],"circlet_count":0,"master_deck":["AscendersBane","Strike_G","Strike_G","Strike_G","Strike_G","Strike_G","Defend_G","Defend_G","Defend_G","Defend_G","Defend_G","Survivor","Neutralize","Dagger Spray","Eviscerate","Flying Knee","Bullet Time+1","Backflip","Blur","Terror","Blade Dance"],"relics":["Ring of the Snake","Pen Nib","Mercury Hourglass","MealTicket","Shovel","Omamori","PreservedInsect","Bottled Flame"],"acts_visited":["Exordium"],"potions_floor_usage":[14],"damage_taken":[{"damage":0.0,"enemies":"Small Slimes","floor":1.0,"turns":4.0},{"damage":0.0,"enemies":"Cultist","floor":3.0,"turns":3.0},{"damage":9.0,"enemies":"Jaw Worm","floor":4.0,"turns":4.0},{"damage":9.0,"enemies":"Exordium Wildlife","floor":7.0,"turns":3.0},{"damage":3.0,"enemies":"Gremlin Nob","floor":10.0,"turns":3.0},{"damage":10.0,"enemies":"3 Sentries","floor":12.0,"turns":10.0},{"damage":9,"enemies":"Lagavulin","floor":14,"turns":6},{"damage":33,"enemies":"The Guardian","floor":16,"turns":8}],"seed_played":"-2297220983313297450","potions_obtained":[{"floor":3.0,"key":"LiquidBronze"},{"floor":4.0,"key":"FearPotion"},{"floor":10.0,"key":"FearPotion"},{"floor":14,"key":"Energy Potion"}],"is_trial":false,"path_per_floor":["M","?","M","M","$","R","M","R","T","E","?","E","R","E","R","B"],"character_chosen":"THE_SILENT","items_purchased":["Bullet Time"],"campfire_rested":3,"item_purchase_floors":[5],"current_hp_per_floor":[59,14,14,5,5,24,15,15,15,12,12,2,21,12,31,0,0],"gold":91,"neow_bonus":"RANDOM_COMMON_RELIC","is_daily":false,"chose_seed":false,"campfire_upgraded":1,"win_rate":0.0,"timestamp":1611166762,"path_taken":["M","?","M","M","$","R","M","R","T","E","?","E","R","E","R","BOSS"],"items_purchased_type":["Card"],"build_version":"2020-12-22","purchased_purges":0,"victory":false,"max_hp_per_floor":[66,66,66,66,66,66,66,66,66,66,66,66,66,66,66,66,66],"card_choices":[{"not_picked":["PiercingWail","Dagger Throw"],"picked":"Dagger Spray","floor":1.0},{"not_picked":["Escape Plan","Crippling Poison"],"picked":"Eviscerate","floor":3.0},{"not_picked":["Expertise","Backflip"],"picked":"Flying Knee","floor":4.0},{"not_picked":["Dodge and Roll","Poisoned Stab"],"picked":"Backflip","floor":7.0},{"not_picked":["Skewer","Noxious Fumes"],"picked":"Blur","floor":10.0},{"not_picked":["Acrobatics","Deadly Poison"],"picked":"Terror","floor":12.0},{"not_picked":["Slice","Noxious Fumes"],"picked":"Blade Dance","floor":14}],"player_experience":842823,"relics_obtained":[{"floor":9.0,"key":"MealTicket"},{"floor":10.0,"key":"Shovel"},{"floor":12.0,"key":"PreservedInsect"},{"floor":14,"key":"Bottled Flame"}],"event_choices":[{"damage_healed":0.0,"max_hp_gain":0.0,"max_hp_loss":0.0,"gold_gain":0.0,"event_name":"Scrap Ooze","player_choice":"Success","floor":2.0,"gold_loss":0.0,"damage_taken":45.0,"relics_obtained":["Mercury Hourglass"]},{"damage_healed":0.0,"max_hp_gain":0.0,"max_hp_loss":0.0,"gold_gain":0.0,"event_name":"WeMeetAgain","player_choice":"Paid Gold","floor":11.0,"gold_loss":76.0,"damage_taken":0.0,"relics_obtained":["Omamori"]}],"is_beta":false,"boss_relics":[],"items_purged_floors":[],"is_endless":false,"potions_floor_spawned":[3,4,10,14],"killed_by":"The Guardian","ascension_level":20}}