{"host":"0bf1j2iyw2812bby","time":1611170006,"event":{"mods":["BaseMod","Colored Map","Downfall","Minty Spire (QoL Compilation)","StSLib"],"gold_per_floor":[99,112,124,224,399,427,427,327,338,348,348,366,376,69,83,83,83],"floor_reached":16,"language":"ENG","playtime":933,"items_purged":["downfall:Malfunctioning"],"score":114,"play_id":"5beed8cf-5e0c-40b2-90d6-119caed9c9d8","local_time":"20210120141326","is_ascension_mode":true,"campfire_choices":[{"floor":1,"key":"RECALL"},{"data":"bronze:Terminator","floor":8,"key":"SMITH"}],"circlet_count":0,"master_deck":["bronze:Strike","bronze:Strike+1","bronze:Strike","bronze:Strike","bronze:Defend","bronze:Defend","bronze:Defend+1","bronze:Defend","bronze:Replicate","bronze:Goto","bronze:HyperBeam","bronze:WildBeam","bronze:Shield","Doubt","bronze:Terminator+1","bronze:Separator","bronze:CutThrough","bronze:CutThrough","bronze:Iterate","expansioncontent:DashGenerateEvil","bronze:Constructor","bronze:FunctionCard","bronze:ChosenStrike"],"relics":["bronze:BronzeCore","Pear","Question Card","downfall:HeartBlessingRed"],"acts_visited":["Exordium"],"potions_floor_usage":[16],"damage_taken":[{"damage":3,"enemies":"Jaw Worm","floor":2,"turns":5},{"damage":4,"enemies":"2 Louse","floor":3,"turns":3},{"damage":20,"enemies":"Lagavulin","floor":6,"turns":7},{"damage":10,"enemies":"Small Slimes","floor":9,"turns":4},{"damage":7,"enemies":"Exordium Wildlife","floor":10,"turns":4},{"damage":0,"enemies":"2 Fungi Beasts","floor":12,"turns":4},{"damage":7,"enemies":"3 Louse","floor":13,"turns":4},{"damage":10,"enemies":"downfall:FleeingMerchant","floor":14,"turns":4},{"damage":2,"enemies":"Exordium Wildlife","floor":15,"turns":5},{"damage":15,"enemies":"WA_ARCHETYPE_RETAIN","floor":16,"turns":4}],"seed_played":"1967744243137337053","potions_obtained":[{"floor":3,"key":"LiquidMemories"},{"floor":12,"key":"bronze:FreeFunctionsPotion"},{"floor":13,"key":"Dexterity Potion"},{"floor":15,"key":"bronze:FreeFunctionsPotion"}],"is_trial":false,"path_per_floor":["R","M","M","?","?","E","T","R","M","M","?","M","M","$","M","B"],"character_chosen":"THE_AUTOMATON","items_purchased":["expansioncontent:DashGenerateEvil","bronze:Constructor"],"campfire_rested":0,"item_purchase_floors":[14,14],"current_hp_per_floor":[63,60,56,56,56,46,46,46,36,29,29,29,22,12,10,0,0],"gold":83,"neow_bonus":"THREE_RARE_CARDS","is_daily":false,"chose_seed":false,"campfire_upgraded":1,"win_rate":0.0,"timestamp":1611170006,"path_taken":["R","M","M","?","?","E","T","R","M","M","?","M","M","$","M","BOSS"],"items_purchased_type":["Card","Card"],"build_version":"2020-12-13","purchased_purges":1,"victory":false,"max_hp_per_floor":[63,63,63,63,63,73,73,73,73,73,73,73,73,73,73,73,73],"card_choices":[{"not_picked":["bronze:Break","bronze:BurnOut"],"picked":"bronze:HyperBeam","floor":0},{"not_picked":["bronze:Overheat","bronze:Branch"],"picked":"bronze:WildBeam","floor":2},{"not_picked":["bronze:Constructor","bronze:Shell"],"picked":"bronze:Shield","floor":3},{"not_picked":["bronze:WhirlingStrike","bronze:ForceShield"],"picked":"bronze:Terminator","floor":6},{"not_picked":["bronze:FineTuning","bronze:Backtrace","bronze:ItsAFeature"],"picked":"bronze:Separator","floor":9},{"not_picked":["bronze:BugBarrage","bronze:CutThrough","bronze:Constructor"],"picked":"bronze:Hardcode","floor":10},{"not_picked":["bronze:Deprecate","bronze:WildBeam","bronze:DelayedGuard"],"picked":"bronze:CutThrough","floor":12},{"not_picked":["bronze:BronzeArmor","bronze:TinkerersToolbox","bronze:WildBeam"],"picked":"bronze:CutThrough","floor":13},{"not_picked":["bronze:Invalidate","bronze:Separator","bronze:DelayedSlice"],"picked":"bronze:Iterate","floor":14},{"not_picked":["bronze:Flail","bronze:Constructor","bronze:Backtrace"],"picked":"bronze:ChosenStrike","floor":15}],"player_experience":373347,"relics_obtained":[{"floor":6,"key":"Pear"},{"floor":7,"key":"Question Card"}],"event_choices":[],"is_beta":false,"boss_relics":[],"items_purged_floors":[14],"is_endless":false,"potions_floor_spawned":[3,12,13,15],"killed_by":"WA_ARCHETYPE_RETAIN","ascension_level":2}}