{"host":"3y2rtlgteqp2nuo3","time":1611141985,"event":{"mods":["2.2 Compatiblity","AchievementEnabler","BaseMod","Colored Map","DeckTracker","Highlight Path","Keyboard Shortcuts","Minty Spire (QoL Compilation)","Permanent Neow","Quick Restart","StSLib","SuperFastMode","everything is the same but u backflip on backflip"],"gold_per_floor":[364,539,539,67,78,78,107,107,107,124,143,98,114,141,141,218,218,235,0,15,15,15,15],"floor_reached":22,"language":"KOR","playtime":499,"items_purged":["Doubt"],"score":330,"play_id":"19372d9a-cceb-4576-8759-c2670abb5d59","local_time":"20210120202625","is_ascension_mode":true,"campfire_choices":[{"data":"Dagger Spray","floor":6.0,"key":"SMITH"},{"floor":8.0,"key":"REST"},{"data":"Poisoned Stab","floor":15.0,"key":"SMITH"}],"circlet_count":0,"master_deck":["AscendersBane","Strike_G","Strike_G","Strike_G","Strike_G","Strike_G","Defend_G","Defend_G","Defend_G","Defend_G","Defend_G","Survivor","Neutralize","Dagger Spray+1","Phantasmal Killer","Crippling Poison","Footwork","Dodge and Roll","Noxious Fumes","Cloak And Dagger","Poisoned Stab+1","Blade Dance","Phantasmal Killer","Deadly Poison","Escape Plan","Footwork","Well Laid Plans"],"relics":["Ring of the Snake","Meat on the Bone","Mummified Hand","Gremlin Horn","Bag of Marbles","SlaversCollar","Membership Card"],"acts_visited":["Exordium","TheCity"],"potions_floor_usage":[],"damage_taken":[{"damage":9.0,"enemies":"Jaw Worm","floor":1.0,"turns":5.0},{"damage":5.0,"enemies":"Cultist","floor":5.0,"turns":4.0},{"damage":55.0,"enemies":"Lagavulin","floor":7.0,"turns":10.0},{"damage":0.0,"enemies":"Small Slimes","floor":10.0,"turns":2.0},{"damage":0.0,"enemies":"Gremlin Gang","floor":11.0,"turns":1.0},{"damage":1.0,"enemies":"Looter","floor":12.0,"turns":5.0},{"damage":4.0,"enemies":"Red Slaver","floor":13.0,"turns":3.0},{"damage":24.0,"enemies":"3 Sentries","floor":14.0,"turns":8.0},{"damage":28.0,"enemies":"Slime Boss","floor":16.0,"turns":9.0},{"damage":8,"enemies":"3 Byrds","floor":18,"turns":4},{"damage":35,"enemies":"Shell Parasite","floor":20,"turns":6},{"damage":0,"enemies":"Shelled Parasite and Fungi","floor":22,"turns":1}],"seed_played":"4948678677456198855","potions_obtained":[{"floor":1.0,"key":"LiquidMemories"},{"floor":11.0,"key":"DuplicationPotion"},{"floor":13.0,"key":"LiquidBronze"}],"is_trial":false,"path_per_floor":["M","?","?","$","M","R","E","R","T","M","M","M","M","E","R","B",null,"M","$","M","$","M"],"character_chosen":"THE_SILENT","items_purchased":["Meat on the Bone","Phantasmal Killer","Membership Card","Escape Plan","Footwork"],"campfire_rested":1,"item_purchase_floors":[4,4,19,19,19],"current_hp_per_floor":[35,35,66,66,61,61,18,37,37,37,37,36,44,32,32,16,54,46,46,23,23,23,23],"gold":15,"neow_bonus":"TWO_FIFTY_GOLD","is_daily":false,"chose_seed":false,"campfire_upgraded":2,"win_rate":0.0,"timestamp":1611141985,"path_taken":["M","?","?","$","M","R","E","R","T","M","M","M","?","E","R","BOSS","M","$","M","$","M"],"items_purchased_type":["Relic","Card","Relic","Card","Card"],"build_version":"2020-12-22","purchased_purges":1,"victory":false,"max_hp_per_floor":[66,66,66,66,66,66,66,66,66,66,66,66,66,66,66,66,66,66,66,66,66,66,66],"card_choices":[{"not_picked":["Leg Sweep","Deflect"],"picked":"Dagger Spray","floor":1.0},{"not_picked":["Backflip","Dagger Spray"],"picked":"Crippling Poison","floor":5.0},{"not_picked":["Outmaneuver","Expertise"],"picked":"Footwork","floor":7.0},{"not_picked":["PiercingWail","Backflip"],"picked":"Dodge and Roll","floor":10.0},{"not_picked":["Deflect","Bane"],"picked":"Noxious Fumes","floor":11.0},{"not_picked":["Acrobatics","Malaise"],"picked":"Cloak And Dagger","floor":12.0},{"not_picked":["Deflect","Underhanded Strike"],"picked":"Poisoned Stab","floor":13.0},{"not_picked":["Dagger Spray","Accuracy"],"picked":"Blade Dance","floor":14.0},{"not_picked":["Bullet Time","Night Terror"],"picked":"Phantasmal Killer","floor":16.0},{"not_picked":["Flechettes","Blade Dance"],"picked":"Deadly Poison","floor":18},{"not_picked":["Cloak And Dagger","Tactician"],"picked":"Well Laid Plans","floor":20}],"player_experience":701493,"relics_obtained":[{"floor":7.0,"key":"Mummified Hand"},{"floor":9.0,"key":"Gremlin Horn"},{"floor":14.0,"key":"Bag of Marbles"}],"event_choices":[{"damage_healed":0.0,"max_hp_gain":0.0,"max_hp_loss":0.0,"gold_gain":175.0,"event_name":"Liars Game","player_choice":"AGREE","floor":2.0,"gold_loss":0.0,"damage_taken":0.0,"cards_obtained":["Doubt"]},{"damage_healed":31.0,"max_hp_gain":0.0,"max_hp_loss":0.0,"gold_gain":0.0,"event_name":"Wheel of Change","player_choice":"Full Heal","floor":3.0,"gold_loss":0.0,"damage_taken":0.0}],"is_beta":false,"boss_relics":[{"not_picked":["Velvet Choker","Tiny House"],"picked":"SlaversCollar"}],"items_purged_floors":[4],"is_endless":false,"potions_floor_spawned":[1,11,13,14],"killed_by":"Shelled Parasite and Fungi","ascension_level":14}}