{"host":"ojezjkpqju62j8xy","time":1611130353,"event":{"mods":["ATMod(°¢èªMod)","Act Like it!","Aspiration","BaseMod","Conspire","Hermit","Minty Spire (QoL Compilation)","Pale of the Ancients","Replay The Spire","Spicy Shops","StSLib","¡¾ÒÅÎï¿¨ÅÆ¡¿REMEMod","²ÐÁôÖ®Îï"],"gold_per_floor":[133,171,226,258,258,310,310,364,364,404,404,404,417,452,452,572,572,586,586],"floor_reached":18,"language":"ZHS","playtime":569,"items_purged":[],"score":282,"play_id":"47bbb400-8472-4f0c-9dd3-d5310b20228c","local_time":"20210120161233","is_ascension_mode":true,"campfire_choices":[{"floor":7.0,"key":"RECALL"},{"floor":12.0,"key":"REST"}],"circlet_count":0,"master_deck":["AscendersBane","Strike_B","Strike_B","Strike_B","Defend_B","Defend_B","Defend_B","Defend_B","Zap","Dualcast","AT_FamilyPortrait","HandOfGreed","Recycle","Redo","Ball Lightning+1","Barrage","White Noise","Rebound","Hello World","Compile Driver+1","Ball Lightning","Buffer","Gash+1"],"relics":["Cracked Core","AT_ATBox","REME_ComplimentaryCards","Replay:Bottled Flurry","Meat on the Bone","aspiration:EnhancedActuators","Black Star"],"acts_visited":["Exordium","TheCity"],"potions_floor_usage":[],"damage_taken":[{"damage":9.0,"enemies":"Jaw Worm","floor":1.0,"turns":3.0},{"damage":8.0,"enemies":"2 Louse","floor":2.0,"turns":2.0},{"damage":0.0,"enemies":"Cultist","floor":4.0,"turns":3.0},{"damage":22.0,"enemies":"3 Sentries","floor":6.0,"turns":3.0},{"damage":13.0,"enemies":"Lagavulin","floor":8.0,"turns":6.0},{"damage":0.0,"enemies":"Large Slime","floor":10.0,"turns":5.0},{"damage":9.0,"enemies":"Exordium Wildlife","floor":13.0,"turns":3.0},{"damage":25.0,"enemies":"3 Sentries","floor":14.0,"turns":3.0},{"damage":59.0,"enemies":"The Guardian","floor":16.0,"turns":9.0},{"damage":51.0,"enemies":"Shell Parasite","floor":18.0,"turns":6.0}],"seed_played":"-7059244793971594603","potions_obtained":[{"floor":1.0,"key":"Death Potion"},{"floor":6.0,"key":"Swift Potion"},{"floor":16.0,"key":"Doom Potion"}],"is_trial":false,"path_per_floor":["M","M","?","M","?","E","R","E","T","M","?","R","M","E","R","B",null,"M"],"character_chosen":"DEFECT","items_purchased":[],"campfire_rested":1,"item_purchase_floors":[],"current_hp_per_floor":[66,58,58,58,58,36,36,23,23,35,35,59,50,37,61,14,65,26,26],"gold":586,"neow_bonus":"TEN_PERCENT_HP_BONUS","is_daily":false,"chose_seed":false,"campfire_upgraded":0,"win_rate":0.0,"timestamp":1611130353,"path_taken":["M","M","?","M","?","E","R","E","T","M","?","R","M","E","R","BOSS","M"],"items_purchased_type":[],"build_version":"2020-12-22","purchased_purges":0,"victory":false,"max_hp_per_floor":[82,82,82,82,82,82,82,82,82,82,82,82,82,82,82,82,82,82,82],"card_choices":[{"not_picked":["Steam","AT_HeatAcrobatics"],"picked":"Recycle","floor":1.0},{"not_picked":["Loop","conspire:Rain"],"picked":"Sweeping Beam","floor":2.0},{"not_picked":["AT_StudyProgram","Hologram"],"picked":"Redo","floor":4.0},{"not_picked":["Compile Driver","ReplaySolidLightProjector"],"picked":"Barrage","floor":6.0},{"not_picked":["AT_RobotInSpace","Steam"],"picked":"White Noise","floor":8.0},{"not_picked":["Stack","Hologram"],"picked":"Rebound","floor":10.0},{"not_picked":["AT_ThreeBodyProblem","conspire:SharedLibrary"],"picked":"Compile Driver","floor":13.0},{"not_picked":["Tempest","Echo Form"],"picked":"Ball Lightning","floor":14.0},{"not_picked":["REME_Shoggoth","Echo Form"],"picked":"Buffer","floor":16.0},{"not_picked":["REME_Whirling+1","AT_HeatAcrobatics"],"picked":"Gash+1","floor":18}],"player_experience":1433328,"relics_obtained":[{"floor":6.0,"key":"Replay:Bottled Flurry"},{"floor":8.0,"key":"Meat on the Bone"},{"floor":14.0,"key":"aspiration:EnhancedActuators"}],"event_choices":[{"damage_healed":0.0,"max_hp_gain":0.0,"max_hp_loss":0.0,"gold_gain":55.0,"event_name":"Golden Wing","player_choice":"Gained Gold","floor":3.0,"gold_loss":0.0,"damage_taken":0.0},{"damage_healed":0.0,"max_hp_gain":0.0,"max_hp_loss":0.0,"gold_gain":0.0,"cards_transformed":["Strike_B"],"event_name":"Transmorgrifier","player_choice":"Transformed","floor":11.0,"gold_loss":0.0,"damage_taken":0.0,"cards_obtained":["Hello World"]}],"is_beta":false,"boss_relics":[{"not_picked":["Astrolabe","Runic Pyramid"],"picked":"Black Star"}],"items_purged_floors":[],"is_endless":false,"potions_floor_spawned":[1,6,16],"killed_by":"Shell Parasite","ascension_level":11}}