{"host":"e6sgj53qqwx3piqv","time":1611154647,"event":{"mods":["AchievementEnabler","Aspiration","BaseMod","BetterRewards","Colored Powertips","Downfall","Hermit","Highlight Path","Hubris","Infinite Spire","Minty Spire (QoL Compilation)","Quick Restart","Rare Cards Sparkle","Shop Mod","StSLib","The Cursed","The Disciple","The Jungle","The Runesmith"],"gold_per_floor":[118,118,118,131,58,91,91,119,119,45,45,61,61,81,81,184,184,203,218,218,71,91,91,101,129,129,12,29,29,29,42,42,146,146,161,171,171,171,181,181,197,197,269,269,269],"floor_reached":44,"language":"ENG","playtime":1604,"items_purged":[],"score":568,"play_id":"b2e6d06a-908f-4675-82ee-66354e680453","local_time":"20210120095727","is_ascension_mode":false,"campfire_choices":[{"floor":7,"key":"RECALL"},{"data":"Zap","floor":13,"key":"SMITH"},{"data":"Hyperbeam","floor":15,"key":"SMITH"},{"data":"Buffer","floor":23,"key":"SMITH"},{"data":"infinitespire:Punishment","floor":30,"key":"SMITH"},{"data":"Dramatic Entrance","floor":32,"key":"SMITH"}],"circlet_count":0,"master_deck":["Strike_B","Strike_B","Strike_B","Strike_B","Defend_B","Defend_B","Defend_B","Defend_B","Zap+1","Dualcast","Beam Cell","Sweeping Beam","Coolheaded","Gash","Conserve Battery","Hyperbeam+1","Chill","Auto Shields","Lockon","Buffer+1","Storm","Fusion","Double Energy+1","Capacitor+1","Echo Form","Dramatic Entrance+1","Gash","Ball Lightning+1","infinitespire:Punishment+1","Sweeping Beam","Fission","Heatsinks+1","Redo","Mind Blast","Swift Strike","Trip","Coolheaded+1","Stack+1","Machine Learning"],"relics":["Cracked Core","NeowsBlessing","Regal Pillow","Meat on the Bone","aspiration:PoetsPen_weak","Vajra","Red Mask","Mummified Hand","hubris:Spice","hubris:Icosahedron","infinitespire:Lucky Rock","hubris:RGBLights"],"acts_visited":["Exordium","TheCity","TheBeyond"],"potions_floor_usage":[8,8,22,22,24,39,41],"damage_taken":[{"damage":0,"enemies":"Jaw Worm","floor":1,"turns":1},{"damage":0,"enemies":"Cultist","floor":4,"turns":1},{"damage":0,"enemies":"Gremlin Nob","floor":6,"turns":1},{"damage":14,"enemies":"3 Sentries","floor":8,"turns":6},{"damage":0,"enemies":"2 Louse","floor":12,"turns":1},{"damage":5,"enemies":"Gremlin Gang","floor":14,"turns":3},{"damage":39,"enemies":"Slime Boss","floor":16,"turns":11},{"damage":5,"enemies":"3 Byrds","floor":18,"turns":5},{"damage":15,"enemies":"2 Thieves","floor":19,"turns":3},{"damage":14,"enemies":"Cultist and Chosen","floor":22,"turns":6},{"damage":0,"enemies":"Sentry and Sphere","floor":24,"turns":3},{"damage":0,"enemies":"Masked Bandits","floor":25,"turns":2},{"damage":15,"enemies":"Snake Plant","floor":28,"turns":4},{"damage":0,"enemies":"Centurion and Healer","floor":31,"turns":1},{"damage":12,"enemies":"Champ","floor":33,"turns":5},{"damage":19,"enemies":"3 Shapes","floor":35,"turns":2},{"damage":0,"enemies":"Orb Walker","floor":36,"turns":2},{"damage":7,"enemies":"4 Shapes","floor":39,"turns":3},{"damage":6,"enemies":"Transient","floor":41,"turns":5},{"damage":0,"enemies":"infinitespire:Three Voidlings","floor":44,"turns":2},{"damage":64,"enemies":"Nightmare_Alpha","floor":44,"turns":6}],"seed_played":"-5505856737024442236","potions_obtained":[{"floor":4,"key":"Swift Potion"},{"floor":6,"key":"Fire Potion"},{"floor":11,"key":"SkillPotion"},{"floor":11,"key":"Strength Potion"},{"floor":11,"key":"PotionOfCapacity"},{"floor":12,"key":"Slimebound:ThreeZeroPotion"},{"floor":14,"key":"infinitespire:BlackPotion"},{"floor":28,"key":"champ:CounterPotion"},{"floor":33,"key":"Energy Potion"},{"floor":36,"key":"Fire Potion"},{"floor":39,"key":"BlessingOfTheForge"},{"floor":41,"key":"Fruit Juice"}],"is_trial":false,"path_per_floor":["M","?","?","M","$","E","R","E","T","$","?","M","R","M","R","B",null,"M","M","?","$","M","R","M","?","T","$","M","AVR","R","M","R","B",null,"M","M","?","?","M","?","M","?","T","?"],"character_chosen":"DEFECT","items_purchased":["Coolheaded","Gash","Chill","Vajra","Dramatic Entrance","Gash"],"campfire_rested":0,"item_purchase_floors":[5,5,10,21,27,27],"current_hp_per_floor":[75,80,80,80,80,80,80,66,66,66,66,66,66,61,61,34,80,75,60,45,45,43,43,43,43,43,43,40,48,48,48,48,48,101,82,82,72,72,65,65,64,64,64,0,0],"gold":269,"neow_bonus":"THREE_ENEMY_KILL","is_daily":false,"chose_seed":false,"campfire_upgraded":5,"win_rate":0.0,"timestamp":1611154647,"path_taken":["M","?","?","?","$","E","R","E","T","$","?","?","R","M","R","BOSS","M","M","?","?","?","R","M","?","T","?","M","AVR","R","?","R","BOSS","M","M","?","?","M","?","?","?","T","?"],"items_purchased_type":["Card","Card","Card","Relic","Card","Card"],"build_version":"2020-12-22","purchased_purges":0,"victory":false,"max_hp_per_floor":[75,80,80,80,80,80,80,80,80,80,80,80,80,80,80,80,80,80,80,85,85,85,85,85,85,85,85,85,93,93,93,93,93,101,101,101,101,101,101,101,106,106,106,106,106],"card_choices":[{"not_picked":["Turbo","Rebound"],"picked":"Beam Cell","floor":1},{"not_picked":["Barrage","Cold Snap"],"picked":"Sweeping Beam","floor":4},{"not_picked":["Tempest","Hologram"],"picked":"Conserve Battery","floor":6},{"not_picked":["Ball Lightning","Static Discharge"],"picked":"Hyperbeam","floor":8},{"not_picked":["Hologram","Doom and Gloom"],"picked":"Auto Shields","floor":12},{"not_picked":["Consume","Recycle"],"picked":"Lockon","floor":14},{"not_picked":["Reboot","hubris:SpecializedCircuitry"],"picked":"Buffer","floor":16},{"not_picked":["Compile Driver","Cold Snap"],"picked":"Storm","floor":18},{"not_picked":["Beam Cell","Reprogram"],"picked":"Fusion","floor":19},{"not_picked":["Ball Lightning","Beam Cell+1"],"picked":"Double Energy+1","floor":22},{"not_picked":["Scrape","Consume"],"picked":"Capacitor+1","floor":24},{"not_picked":["Redo","Loop"],"picked":"Echo Form","floor":25},{"not_picked":["Leap+1","Turbo+1"],"picked":"Ball Lightning+1","floor":28},{"not_picked":["Gash","Cold Snap"],"picked":"Sweeping Beam","floor":31},{"not_picked":["Echo Form","Meteor Strike"],"picked":"Fission","floor":33},{"not_picked":["Leap","Rebound+1"],"picked":"Heatsinks+1","floor":35},{"not_picked":["Hologram","Compile Driver+1"],"picked":"Redo","floor":36},{"not_picked":["Violence","Flash of Steel"],"picked":"Mind Blast","floor":37},{"not_picked":["Purity","Finesse"],"picked":"Swift Strike","floor":37},{"not_picked":["hubris:Ssssneak","Dramatic Entrance"],"picked":"Trip","floor":37},{"not_picked":["Streamline+1","Compile Driver"],"picked":"Coolheaded+1","floor":39},{"not_picked":["Beam Cell+1","Rebound+1"],"picked":"Stack+1","floor":41}],"player_experience":197719,"relics_obtained":[{"floor":6,"key":"Regal Pillow"},{"floor":8,"key":"Meat on the Bone"},{"floor":25,"key":"Red Mask"},{"floor":26,"key":"Mummified Hand"},{"floor":43,"key":"hubris:RGBLights"}],"event_choices":[{"damage_healed":0,"gold_gain":0,"player_choice":"Donut","damage_taken":0,"max_hp_gain":5,"max_hp_loss":0,"event_name":"Big Fish","floor":2,"gold_loss":0},{"damage_healed":0,"gold_gain":0,"player_choice":"Full Heal","damage_taken":0,"max_hp_gain":0,"max_hp_loss":0,"event_name":"Wheel of Change","floor":3,"gold_loss":0},{"damage_healed":0,"gold_gain":0,"player_choice":"Got Potions","damage_taken":0,"max_hp_gain":0,"max_hp_loss":0,"event_name":"Lab","floor":11,"gold_loss":0},{"damage_healed":0,"gold_gain":0,"player_choice":"Shed Blood","damage_taken":20,"max_hp_gain":5,"max_hp_loss":0,"event_name":"Forgotten Altar","floor":20,"gold_loss":0},{"damage_healed":0,"gold_gain":0,"player_choice":"Fought Bandits","damage_taken":0,"max_hp_gain":0,"max_hp_loss":0,"event_name":"Masked Bandits","floor":25,"gold_loss":0},{"damage_healed":0,"gold_gain":0,"player_choice":"Memory 3","damage_taken":10,"max_hp_gain":0,"max_hp_loss":0,"event_name":"SensoryStone","floor":37,"gold_loss":0},{"damage_healed":0,"gold_gain":0,"player_choice":"Gave Potion","damage_taken":0,"relics_obtained":["infinitespire:Lucky Rock"],"max_hp_gain":0,"max_hp_loss":0,"event_name":"WeMeetAgain","floor":40,"gold_loss":0}],"is_beta":false,"boss_relics":[{"not_picked":["infinitespire:Cupcake","Velvet Choker"],"picked":"aspiration:PoetsPen_weak"},{"not_picked":["Philosopher\u0027s Stone","hubris:RunicObelisk"],"picked":"hubris:Spice"}],"items_purged_floors":[],"is_endless":false,"potions_floor_spawned":[4,6,12,14,18,28,33,36,39,41],"killed_by":"Nightmare_Alpha","ascension_level":0}}