{"host":"fc97bmrl7qvj4ruk","time":1611115397,"event":{"mods":["AchievementEnabler","BaseMod","Colored Map","Downfall","Minty Spire (QoL Compilation)","StSLib"],"gold_per_floor":[99,99,199,215,215,225,252,252,271,303,52,85,100,117,128,225,225,125,141,153,253,453,453,530,540,573,583,383,400,400,184,195,295,295,295,307,319,319,335,25,25,25,60,60,90,106,106,106,116,116,116,116,116,116],"floor_reached":52,"language":"ZHS","playtime":6395,"items_purged":["downfall:Malfunctioning","Pride"],"score":1019,"play_id":"555dbd5b-482a-4961-bf4c-e20ed59f01ef","local_time":"20210120000317","is_ascension_mode":false,"campfire_choices":[{"floor":1.0,"key":"RECALL"},{"data":"bronze:FindAndReplace","floor":8.0,"key":"SMITH"},{"data":"bronze:Repulsor","floor":18.0,"key":"SMITH"},{"data":"bronze:Return","floor":28,"key":"SMITH"},{"data":"bronze:Goto","floor":30,"key":"SMITH"},{"data":"bronze:Return","floor":35,"key":"SMITH"},{"data":"1","floor":42,"key":"LIFT"},{"data":"2","floor":44,"key":"LIFT"},{"data":"3","floor":47,"key":"LIFT"}],"circlet_count":0,"master_deck":["bronze:Replicate","bronze:Goto+1","bronze:Boost","Doubt","Injury","Doubt","bronze:FindAndReplace+1","bronze:Deprecate","bronze:Turbo","bronze:RecursiveStrike","bronze:FollowUp","bronze:OilSpill","bronze:Repulsor","bronze:Branch","bronze:Return+1","bronze:Fortify","bronze:Repair","bronze:CloningBeam","bronze:Repulsor+1","bronze:SpaghettiCode","bronze:CutThrough+1","Master of Strategy","bronze:Constructor+1","bronze:CloningBeam","bronze:ChildClass","bronze:AlphaBuild","bronze:ForLoop+1","bronze:BronzeOrb+1","bronze:HyperBeam","bronze:ClassDefault","bronze:Branch","bronze:Allocate","bronze:Virus","bronze:Repair","bronze:Fortify","bronze:Return+1","bronze:Overheat","bronze:NullPointer","bronze:DelayedSlice","bronze:Philosophize+1","bronze:Invalidate+1","bronze:BuggyMess+1","bronze:MaxOutput","bronze:Frontload+1","bronze:HardenedForm","bronze:Turbo+1","bronze:Separator+1","bronze:HardenedForm","bronze:Branch"],"relics":["bronze:BronzeCore","Pocketwatch","Du-Vu Doll","Potion Belt","Strawberry","Thread and Needle","Coffee Dripper","downfall:HeartBlessingRed","MutagenicStrength","MealTicket","Vajra","downfall:HeartBlessingBlue","downfall:HeartBlessingGreen","Pandora\u0027s Box","Toxic Egg 2","Gremlin Horn","Girya","Bottled Tornado","Regal Pillow","Ice Cream"],"acts_visited":["Exordium","TheCity","TheBeyond","TheEnding"],"potions_floor_usage":[31,31,31,31,50,50,50,50],"damage_taken":[{"damage":0.0,"enemies":"2 Louse","floor":4.0,"turns":4.0},{"damage":0.0,"enemies":"Small Slimes","floor":6.0,"turns":4.0},{"damage":0.0,"enemies":"Jaw Worm","floor":9.0,"turns":5.0},{"damage":27.0,"enemies":"Gremlin Nob","floor":10.0,"turns":5.0},{"damage":0.0,"enemies":"downfall:FleeingMerchant","floor":11.0,"turns":4.0},{"damage":5.0,"enemies":"3 Sentries","floor":12.0,"turns":6.0},{"damage":3.0,"enemies":"3 Louse","floor":13.0,"turns":2.0},{"damage":0.0,"enemies":"Exordium Wildlife","floor":14.0,"turns":2.0},{"damage":0.0,"enemies":"2 Fungi Beasts","floor":15.0,"turns":3.0},{"damage":4.0,"enemies":"SI_SHIV_ARCHETYPE","floor":16.0,"turns":11.0},{"damage":10.0,"enemies":"Spheric Guardian","floor":19.0,"turns":4.0},{"damage":0.0,"enemies":"Snake Plant","floor":20.0,"turns":4.0},{"damage":19.0,"enemies":"downfall:Augmenter","floor":21.0,"turns":8.0},{"damage":20.0,"enemies":"downfall:Augmenter","floor":22.0,"turns":4.0},{"damage":10.0,"enemies":"Shelled Parasite and Fungi","floor":25.0,"turns":5.0},{"damage":0,"enemies":"Book of Stabbing","floor":26,"turns":3},{"damage":2,"enemies":"Centurion and Healer","floor":27,"turns":4},{"damage":0,"enemies":"Snake Plant","floor":29,"turns":2},{"damage":3,"enemies":"downfall:FleeingMerchant","floor":31,"turns":4},{"damage":12,"enemies":"Chosen and Byrds","floor":32,"turns":7},{"damage":75,"enemies":"DF_ARCHETYPE_CLAW","floor":33,"turns":10},{"damage":0,"enemies":"Orb Walker","floor":36,"turns":2},{"damage":0,"enemies":"3 Darklings","floor":37,"turns":6},{"damage":10,"enemies":"4 Shapes","floor":39,"turns":4},{"damage":3,"enemies":"downfall:FleeingMerchant","floor":40,"turns":3},{"damage":0,"enemies":"Reptomancer","floor":43,"turns":3},{"damage":5,"enemies":"Giant Head","floor":45,"turns":5},{"damage":5,"enemies":"Spire Growth","floor":46,"turns":3},{"damage":0,"enemies":"3 Darklings","floor":49,"turns":2},{"damage":122,"enemies":"IC_BLOCK_ARCHETYPE","floor":50,"turns":9},{"damage":126,"enemies":"downfall:CharBossMerchant","floor":52,"turns":8}],"seed_played":"-2656152186854121952","potions_obtained":[{"floor":9.0,"key":"SpeedPotion"},{"floor":10.0,"key":"LiquidMemories"},{"floor":13.0,"key":"EssenceOfSteel"},{"floor":14.0,"key":"LiquidMemories"},{"floor":15.0,"key":"bronze:BurnAndBuffPotion"},{"floor":21.0,"key":"LiquidMemories"},{"floor":26,"key":"LiquidBronze"},{"floor":32,"key":"CultistPotion"},{"floor":33,"key":"Weak Potion"},{"floor":39,"key":"EssenceOfSteel"},{"floor":43,"key":"PowerPotion"},{"floor":49,"key":"FairyPotion"}],"is_trial":false,"path_per_floor":["R","?","?","M","?","M","T","R","M","E","$","E","M","M","M","B",null,"R","M","M","?","?","?","T","M","E","M","R","M","R","$","M","B",null,"R","M","M","?","M","$","T","R","E","R","E","M","R","?","M","B",null,"E"],"character_chosen":"THE_AUTOMATON","items_purchased":["bronze:Repulsor","bronze:Branch","bronze:Return","bronze:ClassDefault","bronze:Branch","bronze:MaxOutput","Gremlin Horn","Girya","bronze:Frontload+1"],"campfire_rested":0,"item_purchase_floors":[11,11,11,31,31,40,40,40,40],"current_hp_per_floor":[49,49,54,54,54,54,54,54,54,34,34,29,26,26,33,36,82,82,79,79,66,60,60,60,57,64,69,79,79,79,89,81,13,92,92,92,92,92,85,89,89,89,92,92,87,87,87,87,92,30,92,0,0,0],"gold":116,"neow_bonus":"ONE_RARE_RELIC","is_daily":false,"chose_seed":false,"campfire_upgraded":5,"win_rate":0.0,"timestamp":1611115397,"path_taken":["R","?","?","M","?","?","T","R","M","E","$","E","M","M","M","BOSS","R","M","M","?","?","?","T","?","E","M","R","M","R","$","M","BOSS","R","M","M","?","M","$","T","R","E","R","E","M","R","?","M","BOSS","E"],"items_purchased_type":["Card","Card","Card","Card","Card","Card","Relic","Relic","Card"],"build_version":"2020-12-22","purchased_purges":2,"victory":false,"max_hp_per_floor":[70,70,75,75,75,75,75,75,75,82,82,82,82,82,82,82,82,82,82,82,82,82,82,82,82,82,82,92,92,92,92,92,92,92,92,92,92,92,92,92,92,92,92,92,92,92,92,92,92,92,92,92,92,92],"card_choices":[{"not_picked":["bronze:DelayedSlice","bronze:Frontload"],"picked":"bronze:Deprecate","floor":4.0},{"not_picked":["bronze:BitShift","bronze:CloningBeam"],"picked":"bronze:Turbo","floor":6.0},{"not_picked":["bronze:BuggyMess","bronze:Invalidate"],"picked":"bronze:RecursiveStrike","floor":9.0},{"not_picked":["bronze:Overload","bronze:BuggyMess"],"picked":"bronze:FollowUp","floor":10.0},{"not_picked":["bronze:FineTuning","bronze:Constructor"],"picked":"bronze:OilSpill","floor":11.0},{"not_picked":["bronze:BronzeArmor","bronze:FineTuning"],"picked":"bronze:Fortify","floor":12.0},{"not_picked":["bronze:Constructor","bronze:Turbo"],"picked":"bronze:Repair","floor":13.0},{"not_picked":["bronze:Turbo","bronze:Overheat"],"picked":"bronze:CloningBeam","floor":14.0},{"not_picked":["bronze:Return","bronze:Iterate"],"picked":"bronze:Repulsor","floor":15.0},{"not_picked":["bronze:BurnOut","bronze:HyperBeam"],"picked":"bronze:SpaghettiCode","floor":16.0},{"not_picked":["bronze:Separator","bronze:DelayedGuard","bronze:Safeguard"],"picked":"SKIP","floor":19.0},{"not_picked":["bronze:Turbo","bronze:Branch"],"picked":"bronze:CutThrough+1","floor":20.0},{"not_picked":[],"picked":"J.A.X.","floor":21.0},{"not_picked":["bronze:DelayedGuard+1","bronze:ForceShield+1"],"picked":"bronze:Constructor+1","floor":21.0},{"not_picked":["bronze:Branch","bronze:FineTuning"],"picked":"bronze:ChildClass","floor":25.0},{"not_picked":["bronze:ChosenStrike","bronze:Branch"],"picked":"bronze:AlphaBuild","floor":26},{"not_picked":["bronze:Separator+1","bronze:Turbo"],"picked":"bronze:ForLoop+1","floor":27},{"not_picked":["bronze:Turbo","bronze:BugBarrage"],"picked":"bronze:BronzeOrb+1","floor":29},{"not_picked":["bronze:BronzeArmor","bronze:Separator+1"],"picked":"bronze:HyperBeam","floor":31},{"not_picked":["bronze:WildBeam","bronze:Overheat+1"],"picked":"bronze:Allocate","floor":32},{"not_picked":["bronze:RecursiveStrike","bronze:BurnOut"],"picked":"bronze:Virus","floor":33},{"not_picked":["bronze:DelayedGuard","bronze:NullPointer","bronze:FineTuning"],"picked":"SKIP","floor":36},{"not_picked":["bronze:Allocate+1","bronze:Invalidate"],"picked":"bronze:Philosophize+1","floor":37},{"not_picked":["bronze:Separator","bronze:Shield+1"],"picked":"bronze:Invalidate+1","floor":39},{"not_picked":["bronze:BitShift+1","bronze:Iterate"],"picked":"bronze:BuggyMess+1","floor":40},{"not_picked":["bronze:Safeguard+1","bronze:Allocate+1"],"picked":"bronze:HardenedForm","floor":43},{"not_picked":["bronze:FollowUp","bronze:Optimize+1"],"picked":"bronze:Turbo+1","floor":45},{"not_picked":["bronze:DelayedGuard+1","bronze:Iterate"],"picked":"bronze:Separator+1","floor":46},{"not_picked":["bronze:Shield+1","bronze:WhirlingStrike"],"picked":"bronze:Branch","floor":49}],"player_experience":197425,"relics_obtained":[{"floor":7.0,"key":"Potion Belt"},{"floor":10.0,"key":"Strawberry"},{"floor":12.0,"key":"Thread and Needle"},{"floor":21.0,"key":"MutagenicStrength"},{"floor":26,"key":"Vajra"},{"floor":38,"key":"Toxic Egg 2"},{"floor":41,"key":"Bottled Tornado"},{"floor":43,"key":"Regal Pillow"},{"floor":45,"key":"Ice Cream"}],"event_choices":[{"cards_removed":["downfall:Malfunctioning"],"damage_healed":0.0,"max_hp_gain":0.0,"max_hp_loss":0.0,"gold_gain":0.0,"event_name":"The Cleric","player_choice":"Card Removal","floor":5.0,"gold_loss":0.0,"damage_taken":0.0},{"damage_healed":0.0,"max_hp_gain":0.0,"max_hp_loss":0.0,"gold_gain":0.0,"event_name":"Addict","player_choice":"Stole Relic","floor":23.0,"gold_loss":0.0,"damage_taken":0.0,"relics_obtained":["MealTicket"],"cards_obtained":["Pride"]}],"is_beta":false,"boss_relics":[{"not_picked":["Philosopher\u0027s Stone","SacredBark"],"picked":"Coffee Dripper"},{"not_picked":["Runic Dome","Empty Cage"],"picked":"Pandora\u0027s Box"}],"items_purged_floors":[11,31],"is_endless":false,"potions_floor_spawned":[9,10,13,14,15,21,22,26,32,33,39,43,45,49],"killed_by":"downfall:CharBossMerchant","ascension_level":0}}