{"host":"1a3cjta80tad0aqj","time":1611143110,"event":{"mods":["2.2 Compatiblity","AchievementEnabler","BaseMod","Colored Map","DeckTracker","KOR Keyword Fix","Keyboard Shortcuts","Minty Spire (QoL Compilation)","Permanent Neow","Quick Restart","Random Character Button","StSLib","SuperFastMode","everything is the same but u backflip on backflip"],"gold_per_floor":[112,124,136,153,153,153,184,201,201,220,220,239,258,273,273,350,350,350,290,290,290,290,290,205,205,205,205,205,205,205,205,205,205,205,205,205,205,150,0,0,0,0,0,0,0,0,0,0,0,0,0],"floor_reached":50,"language":"KOR","playtime":1627,"items_purged":[],"score":986,"play_id":"c1bc2ea3-91fd-40e8-ab0e-fa0f4b3457cb","local_time":"20210120204510","is_ascension_mode":true,"campfire_choices":[{"floor":6.0,"key":"REST"},{"data":"BowlingBash","floor":11.0,"key":"SMITH"},{"data":"CrushJoints","floor":15.0,"key":"SMITH"},{"data":"Scrawl","floor":23.0,"key":"SMITH"},{"floor":25.0,"key":"REST"},{"floor":30.0,"key":"REST"},{"data":"SashWhip","floor":32.0,"key":"SMITH"},{"data":"Halt","floor":40.0,"key":"SMITH"},{"floor":44.0,"key":"REST"},{"floor":49.0,"key":"REST"}],"circlet_count":0,"master_deck":["AscendersBane","Strike_P","Strike_P","Strike_P","Strike_P+1","Defend_P","Defend_P","Defend_P","Eruption+1","Vigilance+1","CrushJoints+1","BowlingBash+1","SashWhip+1","CutThroughFate+1","Conclude+1","FlurryOfBlows+1","FollowUp+1","TalkToTheHand+1","Scrawl+1","Halt+1","MentalFortress+1","InnerPeace","Parasite","Consecrate+1"],"relics":["PureWater","Molten Egg 2","Mummified Hand","Ectoplasm","Yang","Eternal Feather","Frozen Egg 2","Tiny House","Red Mask","Blue Candle","Pocketwatch"],"acts_visited":["Exordium","TheCity","TheBeyond"],"potions_floor_usage":[50],"damage_taken":[{"damage":2.0,"enemies":"Jaw Worm","floor":1.0,"turns":3.0},{"damage":0.0,"enemies":"Cultist","floor":2.0,"turns":2.0},{"damage":7.0,"enemies":"2 Louse","floor":3.0,"turns":3.0},{"damage":12.0,"enemies":"Blue Slaver","floor":4.0,"turns":4.0},{"damage":0.0,"enemies":"Gremlin Nob","floor":7.0,"turns":2.0},{"damage":0.0,"enemies":"Red Slaver","floor":8.0,"turns":1.0},{"damage":11.0,"enemies":"3 Louse","floor":10.0,"turns":2.0},{"damage":0.0,"enemies":"2 Fungi Beasts","floor":12.0,"turns":1.0},{"damage":4.0,"enemies":"Blue Slaver","floor":13.0,"turns":2.0},{"damage":0.0,"enemies":"Looter","floor":14.0,"turns":1.0},{"damage":27.0,"enemies":"The Guardian","floor":16.0,"turns":4.0},{"damage":6.0,"enemies":"3 Byrds","floor":18.0,"turns":3.0},{"damage":14.0,"enemies":"2 Thieves","floor":19.0,"turns":3.0},{"damage":6.0,"enemies":"Snake Plant","floor":20.0,"turns":3.0},{"damage":15.0,"enemies":"Snecko","floor":22.0,"turns":3.0},{"damage":10.0,"enemies":"Book of Stabbing","floor":28.0,"turns":4.0},{"damage":0.0,"enemies":"Cultist and Chosen","floor":29.0,"turns":4.0},{"damage":30.0,"enemies":"Collector","floor":33.0,"turns":5.0},{"damage":0.0,"enemies":"3 Shapes","floor":35.0,"turns":3.0},{"damage":13.0,"enemies":"3 Darklings","floor":41.0,"turns":2.0},{"damage":44.0,"enemies":"Maw","floor":42.0,"turns":7.0},{"damage":0.0,"enemies":"Mind Bloom Boss Battle","floor":45.0,"turns":2.0},{"damage":1.0,"enemies":"Writhing Mass","floor":46.0,"turns":4.0},{"damage":6.0,"enemies":"Jaw Worm Horde","floor":48.0,"turns":3.0},{"damage":24,"enemies":"Awakened One","floor":50,"turns":7}],"seed_played":"-6570999199841119582","potions_obtained":[{"floor":1.0,"key":"SneckoOil"},{"floor":4.0,"key":"EssenceOfSteel"},{"floor":10.0,"key":"Fruit Juice"},{"floor":12.0,"key":"Ambrosia"},{"floor":19.0,"key":"Dexterity Potion"},{"floor":29.0,"key":"Strength Potion"},{"floor":33.0,"key":"SpeedPotion"},{"floor":34.0,"key":"Fruit Juice"},{"floor":42.0,"key":"Ambrosia"},{"floor":48.0,"key":"DuplicationPotion"}],"is_trial":false,"path_per_floor":["M","M","M","M","?","R","E","M","T","M","R","M","M","M","R","B",null,"M","M","M","$","M","R","?","R","T","?","E","M","R","?","R","B",null,"M","?","?","$","?","R","M","M","T","R","?","M","$","M","R","B"],"character_chosen":"WATCHER","items_purchased":["FearPotion"],"campfire_rested":5,"item_purchase_floors":[38],"current_hp_per_floor":[59,59,52,40,40,60,60,60,60,54,54,54,50,50,50,23,61,55,41,35,35,20,20,20,41,41,41,31,31,64,64,73,43,76,76,76,76,76,76,83,70,26,26,62,62,61,61,55,83,59,59],"gold":0,"neow_bonus":"TRANSFORM_CARD","is_daily":false,"chose_seed":false,"campfire_upgraded":5,"win_rate":0.0,"timestamp":1611143110,"path_taken":["M","M","M","M","?","R","E","M","T","M","R","M","M","M","R","BOSS","M","M","?","$","M","R","?","R","T","?","E","?","R","?","R","BOSS","M","?","?","$","?","R","M","M","T","R","?","M","$","M","R","BOSS"],"items_purchased_type":["Potion"],"build_version":"2020-12-22","purchased_purges":0,"victory":false,"max_hp_per_floor":[68,68,68,68,68,68,68,68,68,73,73,73,73,73,73,73,73,73,73,73,73,73,73,73,73,73,73,73,73,73,73,73,73,83,83,83,83,83,83,83,83,83,83,83,83,83,83,83,83,83,83],"card_choices":[{"not_picked":["WindmillStrike","EmptyBody"],"picked":"BowlingBash","floor":1.0},{"not_picked":["ClearTheMind","Weave","Prostrate"],"picked":"SKIP","floor":2.0},{"not_picked":["Protect","ClearTheMind"],"picked":"SashWhip","floor":3.0},{"not_picked":["FollowUp","DeceiveReality","Perseverance"],"picked":"SKIP","floor":4.0},{"not_picked":["FlurryOfBlows+1","Consecrate+1"],"picked":"CutThroughFate+1","floor":7.0},{"not_picked":["Evaluate","Worship"],"picked":"Conclude+1","floor":8.0},{"not_picked":["WheelKick+1","SashWhip+1"],"picked":"EmptyBody","floor":10.0},{"not_picked":["Establishment","Swivel"],"picked":"FlurryOfBlows+1","floor":12.0},{"not_picked":["BattleHymn","WreathOfFlame"],"picked":"FollowUp+1","floor":13.0},{"not_picked":["Halt","CutThroughFate+1"],"picked":"TalkToTheHand+1","floor":14.0},{"not_picked":["Devotion","Alpha"],"picked":"Scrawl","floor":16.0},{"not_picked":["Evaluate","Conclude+1","CutThroughFate+1"],"picked":"SKIP","floor":18.0},{"not_picked":["Crescendo","EmptyBody+1"],"picked":"Halt","floor":19.0},{"not_picked":["Worship","ClearTheMind","SashWhip+1"],"picked":"SKIP","floor":20.0},{"not_picked":["Vengeance","ThirdEye","ClearTheMind"],"picked":"SKIP","floor":22.0},{"not_picked":["Perseverance","CutThroughFate+1","Prostrate"],"picked":"SKIP","floor":28.0},{"not_picked":["Devotion+1","Prostrate","EmptyBody"],"picked":"SKIP","floor":29.0},{"not_picked":["PathToVictory","Worship","EmptyBody+1"],"picked":"SKIP","floor":35.0},{"not_picked":["EmptyFist+1","Evaluate+1"],"picked":"MentalFortress+1","floor":41.0},{"not_picked":["JustLucky+1","Prostrate+1"],"picked":"InnerPeace","floor":42.0},{"not_picked":["BattleHymn+1","EmptyBody"],"picked":"Consecrate+1","floor":46.0},{"not_picked":["WindmillStrike+1","Judgement","Vengeance"],"picked":"SKIP","floor":48.0}],"player_experience":811849,"relics_obtained":[{"floor":7.0,"key":"Molten Egg 2"},{"floor":9.0,"key":"Mummified Hand"},{"floor":26.0,"key":"Eternal Feather"},{"floor":28.0,"key":"Frozen Egg 2"},{"floor":43.0,"key":"Blue Candle"},{"floor":45.0,"key":"Pocketwatch"}],"event_choices":[{"damage_healed":0.0,"max_hp_gain":0.0,"max_hp_loss":0.0,"gold_gain":0.0,"event_name":"Accursed Blacksmith","player_choice":"Forge","floor":5.0,"gold_loss":0.0,"damage_taken":0.0,"cards_upgraded":["Eruption"]},{"damage_healed":0.0,"max_hp_gain":0.0,"max_hp_loss":0.0,"gold_gain":0.0,"event_name":"Addict","player_choice":"Obtained Relic","floor":24.0,"gold_loss":85.0,"damage_taken":0.0,"relics_obtained":["Yang"]},{"damage_healed":0.0,"max_hp_gain":0.0,"max_hp_loss":0.0,"gold_gain":0.0,"event_name":"Upgrade Shrine","player_choice":"Upgraded","floor":27.0,"gold_loss":0.0,"damage_taken":0.0,"cards_upgraded":["Vigilance"]},{"damage_healed":0.0,"max_hp_gain":0.0,"max_hp_loss":0.0,"gold_gain":0.0,"event_name":"Ghosts","player_choice":"Ignored","floor":31.0,"gold_loss":0.0,"damage_taken":0.0},{"cards_removed":["EmptyBody"],"damage_healed":0.0,"max_hp_gain":0.0,"max_hp_loss":0.0,"gold_gain":0.0,"event_name":"Falling","player_choice":"Removed Skill","floor":36.0,"gold_loss":0.0,"damage_taken":0.0},{"damage_healed":0.0,"max_hp_gain":0.0,"max_hp_loss":0.0,"gold_gain":0.0,"event_name":"Mysterious Sphere","player_choice":"Ignored","floor":37.0,"gold_loss":0.0,"damage_taken":0.0},{"damage_healed":0.0,"max_hp_gain":0.0,"max_hp_loss":0.0,"gold_gain":0.0,"event_name":"Tomb of Lord Red Mask","player_choice":"Paid","floor":39.0,"gold_loss":150.0,"damage_taken":0.0,"relics_obtained":["Red Mask"]},{"damage_healed":0.0,"max_hp_gain":0.0,"max_hp_loss":0.0,"gold_gain":0.0,"event_name":"MindBloom","player_choice":"Fight","floor":45.0,"gold_loss":0.0,"damage_taken":0.0}],"is_beta":false,"boss_relics":[{"not_picked":["Runic Pyramid","Black Star"],"picked":"Ectoplasm"},{"not_picked":["Busted Crown","Runic Dome"],"picked":"Tiny House"}],"items_purged_floors":[],"is_endless":false,"potions_floor_spawned":[1,4,10,12,13,19,29,33,42,45,48],"killed_by":"Awakened One","ascension_level":20}}