{"host":"f0gpob8hq9vgebej","time":1611110641,"event":{"mods":["AchievementEnabler","BaseMod","Minty Spire (QoL Compilation)","Quick Restart","SuperFastMode"],"gold_per_floor":[20,34,54,129,141,141,176,176,176,193,193,193,8,24,24,119,119,131,131,151,164,182,182,211,211,211],"floor_reached":25,"language":"KOR","playtime":619,"items_purged":["Strike_R"],"score":488,"play_id":"d44bc895-1dc7-4dbc-9890-f8cc405697bc","local_time":"20210120114401","is_ascension_mode":true,"campfire_choices":[{"data":"Armaments","floor":6.0,"key":"SMITH"},{"data":"Uppercut","floor":8.0,"key":"SMITH"},{"data":"Whirlwind","floor":12.0,"key":"SMITH"},{"data":"Spot Weakness","floor":15.0,"key":"SMITH"},{"data":"Exhume","floor":23.0,"key":"SMITH"}],"circlet_count":0,"master_deck":["AscendersBane","Strike_R","Strike_R","Defend_R","Defend_R","Defend_R","Bash","Uppercut+1","Whirlwind+1","Armaments+1","Seeing Red","Battle Trance","Spot Weakness+1","Shockwave","Exhume+1","Dropkick","Battle Trance","Fire Breathing+1"],"relics":["Burning Blood","Blood Vial","Pantograph","Black Star","Meat on the Bone","Toy Ornithopter"],"acts_visited":["Exordium","TheCity"],"potions_floor_usage":[24,25],"damage_taken":[{"damage":6.0,"enemies":"2 Louse","floor":1.0,"turns":3.0},{"damage":0.0,"enemies":"Small Slimes","floor":2.0,"turns":3.0},{"damage":14.0,"enemies":"Jaw Worm","floor":3.0,"turns":4.0},{"damage":0.0,"enemies":"Large Slime","floor":5.0,"turns":5.0},{"damage":41.0,"enemies":"Gremlin Nob","floor":7.0,"turns":5.0},{"damage":24.0,"enemies":"Lots of Slimes","floor":10.0,"turns":5.0},{"damage":5.0,"enemies":"Blue Slaver","floor":14.0,"turns":3.0},{"damage":12.0,"enemies":"Hexaghost","floor":16.0,"turns":8.0},{"damage":23.0,"enemies":"Shell Parasite","floor":18.0,"turns":6.0},{"damage":0.0,"enemies":"3 Byrds","floor":20.0,"turns":3.0},{"damage":9.0,"enemies":"Cultist and Chosen","floor":21.0,"turns":3.0},{"damage":27.0,"enemies":"Centurion and Healer","floor":22.0,"turns":7.0},{"damage":42,"enemies":"Slavers","floor":24,"turns":5},{"damage":27,"enemies":"Snake Plant","floor":25,"turns":2}],"seed_played":"-1381373037573943400","potions_obtained":[{"floor":3.0,"key":"DuplicationPotion"},{"floor":10.0,"key":"SkillPotion"},{"floor":22.0,"key":"Strength Potion"},{"floor":24,"key":"Regen Potion"}],"is_trial":false,"path_per_floor":["M","M","M","?","M","R","E","R","T","M","?","R","$","M","R","B",null,"M","?","M","M","M","R","E","M"],"character_chosen":"IRONCLAD","items_purchased":["Spot Weakness","Shockwave"],"campfire_rested":0,"item_purchase_floors":[13,13],"current_hp_per_floor":[72,78,70,59,65,65,30,30,30,14,14,14,14,17,17,38,70,55,55,63,62,43,43,9,0,0],"gold":211,"neow_bonus":"TRANSFORM_TWO_CARDS","is_daily":false,"chose_seed":false,"campfire_upgraded":5,"win_rate":0.0,"timestamp":1611110641,"path_taken":["M","M","M","?","M","R","E","R","T","M","?","R","?","M","R","BOSS","M","?","M","?","M","R","E","M"],"items_purchased_type":["Card","Card"],"build_version":"2020-12-22","purchased_purges":1,"victory":false,"max_hp_per_floor":[80,80,80,80,80,80,80,80,80,80,80,80,80,80,80,80,80,80,80,80,80,80,80,80,80,80],"card_choices":[{"not_picked":["Wild Strike","Combust"],"picked":"Uppercut","floor":1.0},{"not_picked":["Cleave","Wild Strike"],"picked":"Whirlwind","floor":2.0},{"not_picked":["Flex","Headbutt"],"picked":"Armaments","floor":3.0},{"not_picked":["Thunderclap","Carnage"],"picked":"Seeing Red","floor":5.0},{"not_picked":["Headbutt","Heavy Blade","Evolve"],"picked":"SKIP","floor":7.0},{"not_picked":["Havoc","Headbutt"],"picked":"Battle Trance","floor":10.0},{"not_picked":["Twin Strike","Bloodletting","Infernal Blade"],"picked":"SKIP","floor":14.0},{"not_picked":["Immolate","Brutality"],"picked":"Exhume","floor":16.0},{"not_picked":["Body Slam","Wild Strike"],"picked":"Dropkick","floor":18.0},{"not_picked":["Iron Wave","Infernal Blade","Anger+1"],"picked":"SKIP","floor":20.0},{"not_picked":["Reckless Charge","Clothesline"],"picked":"Fire Breathing+1","floor":21.0},{"not_picked":["Blood for Blood+1","Armaments","Wild Strike"],"picked":"SKIP","floor":22.0},{"not_picked":["Headbutt","Flex","Armaments"],"picked":"SKIP","floor":24}],"player_experience":178901,"relics_obtained":[{"floor":7.0,"key":"Blood Vial"},{"floor":9.0,"key":"Pantograph"},{"floor":24,"key":"Meat on the Bone"},{"floor":24,"key":"Toy Ornithopter"}],"event_choices":[{"damage_healed":0.0,"max_hp_gain":0.0,"max_hp_loss":0.0,"gold_gain":75.0,"event_name":"World of Goop","player_choice":"Gather Gold","floor":4.0,"gold_loss":0.0,"damage_taken":11.0},{"cards_removed":["Strike_R"],"damage_healed":0.0,"max_hp_gain":0.0,"max_hp_loss":0.0,"gold_gain":0.0,"event_name":"Living Wall","player_choice":"Forget","floor":11.0,"gold_loss":0.0,"damage_taken":0.0},{"damage_healed":0.0,"max_hp_gain":0.0,"max_hp_loss":0.0,"gold_gain":0.0,"event_name":"Duplicator","player_choice":"Copied","floor":19.0,"gold_loss":0.0,"damage_taken":0.0,"cards_obtained":["Battle Trance"]}],"is_beta":false,"boss_relics":[{"not_picked":["Ectoplasm","Runic Cube"],"picked":"Black Star"}],"items_purged_floors":[13],"is_endless":false,"potions_floor_spawned":[3,10,22,24],"killed_by":"Snake Plant","ascension_level":10}}