{"host":"sav7uxregyirlf69","time":1611136637,"event":{"mods":["AchievementEnabler","BaseMod","Colored Map","DeckTracker","Keyboard Shortcuts","Minty Spire (QoL Compilation)","READ ME - Guardian Mod","StSLib","SuperFastMode"],"gold_per_floor":[118,43,43,56,56,56,68,68,68,87,87,67,82,102,102,176,176,196,196,196,210,24,57,57,71,71,88,99,115,115,133,133,212,212,231,244,244,244,259,259,259],"floor_reached":40,"language":"KOR","playtime":1745,"items_purged":["Strike_G","Defend_G"],"score":854,"play_id":"3bde8c94-b21e-4db2-a345-b166706c2d22","local_time":"20210120185717","is_ascension_mode":true,"campfire_choices":[{"data":"Neutralize","floor":6.0,"key":"SMITH"},{"data":"Blade Dance","floor":8.0,"key":"SMITH"},{"data":"Reflex","floor":15.0,"key":"SMITH"},{"data":"Acrobatics","floor":24.0,"key":"SMITH"},{"data":"Well Laid Plans","floor":32.0,"key":"SMITH"}],"circlet_count":0,"master_deck":["AscendersBane","Survivor","Neutralize+1","Blade Dance+1","Dagger Throw","Prepared","Reflex+1","Malaise","Backflip+1","After Image+1","Prepared+1","Deadly Poison","Acrobatics+1","Noxious Fumes","Well Laid Plans+1","Adrenaline+1","Well Laid Plans","Glass Knife","Riddle With Holes"],"relics":["Ring of the Snake","Toy Ornithopter","Sundial","Astrolabe","Letter Opener","Toxic Egg 2","Pandora\u0027s Box"],"acts_visited":["Exordium","TheCity","TheBeyond"],"potions_floor_usage":[40],"damage_taken":[{"damage":5.0,"enemies":"Cultist","floor":1.0,"turns":5.0},{"damage":0.0,"enemies":"2 Louse","floor":4.0,"turns":4.0},{"damage":2.0,"enemies":"Jaw Worm","floor":7.0,"turns":6.0},{"damage":4.0,"enemies":"Large Slime","floor":10.0,"turns":6.0},{"damage":0.0,"enemies":"Exordium Thugs","floor":13.0,"turns":4.0},{"damage":2.0,"enemies":"Red Slaver","floor":14.0,"turns":3.0},{"damage":24.0,"enemies":"The Guardian","floor":16.0,"turns":12.0},{"damage":0.0,"enemies":"Shell Parasite","floor":18.0,"turns":4.0},{"damage":0.0,"enemies":"3 Byrds","floor":21.0,"turns":4.0},{"damage":5.0,"enemies":"Gremlin Leader","floor":23.0,"turns":6.0},{"damage":5.0,"enemies":"3 Cultists","floor":25.0,"turns":3.0},{"damage":13.0,"enemies":"Cultist and Chosen","floor":27.0,"turns":6.0},{"damage":3.0,"enemies":"Centurion and Healer","floor":28.0,"turns":4.0},{"damage":0.0,"enemies":"3 Cultists","floor":29.0,"turns":2.0},{"damage":5.0,"enemies":"Shelled Parasite and Fungi","floor":31.0,"turns":3.0},{"damage":6.0,"enemies":"Automaton","floor":33.0,"turns":7.0},{"damage":0.0,"enemies":"3 Shapes","floor":35.0,"turns":5.0},{"damage":0.0,"enemies":"Orb Walker","floor":36.0,"turns":2.0},{"damage":0.0,"enemies":"Spire Growth","floor":39.0,"turns":2.0},{"damage":76,"enemies":"Nemesis","floor":40,"turns":10}],"seed_played":"-1260256220960088854","potions_obtained":[{"floor":1.0,"key":"ColorlessPotion"},{"floor":10.0,"key":"Block Potion"},{"floor":12.0,"key":"CultistPotion"},{"floor":16.0,"key":"EssenceOfSteel"},{"floor":25.0,"key":"Weak Potion"},{"floor":27.0,"key":"ColorlessPotion"},{"floor":28.0,"key":"Block Potion"},{"floor":39.0,"key":"Dexterity Potion"}],"is_trial":false,"path_per_floor":["M","$","?","M","$","R","M","R","T","M","?","?","M","M","R","B",null,"M","?","?","M","$","E","R","M","T","M","M","M","?","M","R","B",null,"M","M","?","?","M","E"],"character_chosen":"THE_SILENT","items_purchased":["Noxious Fumes"],"campfire_rested":0,"item_purchase_floors":[22],"current_hp_per_floor":[54,54,59,59,59,59,57,57,57,53,46,46,46,44,44,25,60,65,45,45,45,45,45,45,40,40,27,29,29,29,24,24,23,63,63,63,63,63,63,0,0],"gold":259,"neow_bonus":"RANDOM_COMMON_RELIC","is_daily":false,"chose_seed":false,"campfire_upgraded":5,"win_rate":0.0,"timestamp":1611136637,"path_taken":["M","?","?","M","?","R","M","R","T","M","?","?","?","M","R","BOSS","M","?","?","M","$","E","R","M","T","M","M","?","?","M","R","BOSS","M","M","?","?","M","E"],"items_purchased_type":["Card"],"build_version":"2020-12-22","purchased_purges":2,"victory":false,"max_hp_per_floor":[66,66,71,71,71,71,71,71,71,71,71,71,71,71,71,71,71,71,76,76,76,76,76,76,76,76,76,76,76,76,76,76,76,76,76,76,76,76,76,76,76],"card_choices":[{"not_picked":["Well Laid Plans","Sucker Punch"],"picked":"Blade Dance","floor":1.0},{"not_picked":["Acrobatics","Underhanded Strike","Sucker Punch"],"picked":"SKIP","floor":4.0},{"not_picked":["Endless Agony","PiercingWail"],"picked":"Dagger Throw","floor":7.0},{"not_picked":["Quick Slash","PiercingWail"],"picked":"Prepared","floor":10.0},{"not_picked":["Blade Dance","Heel Hook"],"picked":"Reflex","floor":13.0},{"not_picked":["Prepared","Eviscerate","All Out Attack"],"picked":"SKIP","floor":14.0},{"not_picked":["Burst","Night Terror"],"picked":"Malaise","floor":16.0},{"not_picked":["PiercingWail+1","Bouncing Flask","Choke"],"picked":"SKIP","floor":18.0},{"not_picked":["Deflect","Prepared"],"picked":"Acrobatics","floor":21.0},{"not_picked":["All Out Attack","Slice","Blade Dance"],"picked":"SKIP","floor":23.0},{"not_picked":["Predator","Quick Slash","Slice"],"picked":"SKIP","floor":25.0},{"not_picked":["Expertise+1","PiercingWail+1","Outmaneuver+1"],"picked":"SKIP","floor":27.0},{"not_picked":["Outmaneuver+1","Phantasmal Killer+1","Dash"],"picked":"SKIP","floor":28.0},{"not_picked":["Dodge and Roll+1","PiercingWail+1","Backflip+1"],"picked":"SKIP","floor":29.0},{"not_picked":["Underhanded Strike","Bullet Time+1"],"picked":"Well Laid Plans","floor":31.0},{"not_picked":["Grand Finale","Malaise+1"],"picked":"Adrenaline+1","floor":33.0},{"not_picked":["All Out Attack","Dash","Underhanded Strike"],"picked":"SKIP","floor":35.0},{"not_picked":["Infinite Blades","Backstab","Deflect+1"],"picked":"SKIP","floor":36.0},{"not_picked":["Dagger Spray","Cloak And Dagger+1","Deadly Poison+1"],"picked":"SKIP","floor":39.0}],"player_experience":1328754,"relics_obtained":[{"floor":9.0,"key":"Sundial"},{"floor":23.0,"key":"Letter Opener"},{"floor":26.0,"key":"Toxic Egg 2"}],"event_choices":[{"damage_healed":0.0,"max_hp_gain":5.0,"max_hp_loss":0.0,"gold_gain":0.0,"event_name":"Big Fish","player_choice":"Donut","floor":3.0,"gold_loss":0.0,"damage_taken":0.0},{"cards_removed":["Strike_G"],"damage_healed":0.0,"max_hp_gain":0.0,"max_hp_loss":0.0,"gold_gain":0.0,"event_name":"Golden Wing","player_choice":"Card Removal","floor":11.0,"gold_loss":0.0,"damage_taken":7.0},{"damage_healed":0.0,"max_hp_gain":0.0,"max_hp_loss":0.0,"gold_gain":0.0,"event_name":"The Woman in Blue","player_choice":"Bought 1 Potion","floor":12.0,"gold_loss":0.0,"damage_taken":0.0},{"damage_healed":0.0,"max_hp_gain":5.0,"max_hp_loss":0.0,"gold_gain":0.0,"event_name":"Forgotten Altar","player_choice":"Shed Blood","floor":19.0,"gold_loss":0.0,"damage_taken":25.0},{"damage_healed":0.0,"max_hp_gain":0.0,"max_hp_loss":0.0,"gold_gain":0.0,"cards_transformed":["Defend_G"],"event_name":"Transmorgrifier","player_choice":"Transformed","floor":20.0,"gold_loss":0.0,"damage_taken":0.0,"cards_obtained":["Deadly Poison"]},{"damage_healed":0.0,"max_hp_gain":0.0,"max_hp_loss":0.0,"gold_gain":0.0,"event_name":"Vampires","player_choice":"Ignored","floor":30.0,"gold_loss":0.0,"damage_taken":0.0},{"damage_healed":0.0,"max_hp_gain":0.0,"max_hp_loss":0.0,"gold_gain":0.0,"event_name":"Mysterious Sphere","player_choice":"Ignored","floor":37.0,"gold_loss":0.0,"damage_taken":0.0},{"damage_healed":0.0,"max_hp_gain":0.0,"max_hp_loss":0.0,"gold_gain":0.0,"event_name":"Tomb of Lord Red Mask","player_choice":"Ignored","floor":38.0,"gold_loss":0.0,"damage_taken":0.0}],"is_beta":false,"boss_relics":[{"not_picked":["Busted Crown","Coffee Dripper"],"picked":"Astrolabe"},{"not_picked":["Runic Dome","Calling Bell"],"picked":"Pandora\u0027s Box"}],"items_purged_floors":[2,22],"is_endless":false,"potions_floor_spawned":[1,10,16,25,27,28,29,39],"killed_by":"Nemesis","ascension_level":20}}