{"host":"zj59u6rib3fz4c79","time":1611113847,"event":{"mods":["AchievementEnabler","BaseMod","Colored Map","Colored Powertips","Highlight Path","Minty Spire (QoL Compilation)","StSLib"],"gold_per_floor":[112,125,151,170,189,189,213,227,227,260,274,286,251,266,266,362,362,372,383,395,395,395,395],"floor_reached":22,"language":"ENG","playtime":1699,"items_purged":[],"score":211,"play_id":"fc9de3ef-51dc-465b-a83f-dd631a444dff","local_time":"20210119213727","is_ascension_mode":true,"campfire_choices":[{"floor":6,"key":"RECALL"},{"floor":15,"key":"REST"}],"circlet_count":0,"master_deck":["Strike_R","Strike_R","Strike_R","Strike_R","Strike_R","Defend_R","Defend_R","Defend_R","Defend_R","Bash","Disarm","Infernal Blade","Armaments","Infernal Blade","Armaments","Metallicize","Cleave","Demon Form","Anger+1","Body Slam+1"],"relics":["Burning Blood","NeowsBlessing","Odd Mushroom","Blood Vial","Eternal Feather","Sozu"],"acts_visited":["Exordium","TheCity"],"potions_floor_usage":[8,16,16,16],"damage_taken":[{"damage":0,"enemies":"Cultist","floor":1,"turns":1},{"damage":0,"enemies":"Jaw Worm","floor":2,"turns":1},{"damage":0,"enemies":"2 Louse","floor":4,"turns":1},{"damage":10,"enemies":"2 Fungi Beasts","floor":5,"turns":3},{"damage":29,"enemies":"The Mushroom Lair","floor":7,"turns":5},{"damage":14,"enemies":"Lots of Slimes","floor":8,"turns":4},{"damage":64,"enemies":"Lagavulin","floor":10,"turns":11},{"damage":8,"enemies":"Blue Slaver","floor":11,"turns":2},{"damage":9,"enemies":"Looter","floor":12,"turns":4},{"damage":15,"enemies":"Red Slaver","floor":14,"turns":4},{"damage":48,"enemies":"Hexaghost","floor":16,"turns":17},{"damage":21,"enemies":"Chosen","floor":18,"turns":6},{"damage":21,"enemies":"Shell Parasite","floor":19,"turns":5},{"damage":18,"enemies":"Snecko","floor":20,"turns":4},{"damage":29,"enemies":"Snake Plant","floor":22,"turns":3}],"seed_played":"508233931106220077","potions_obtained":[{"floor":1,"key":"FairyPotion"},{"floor":4,"key":"DistilledChaos"},{"floor":7,"key":"GamblersBrew"},{"floor":12,"key":"BloodPotion"},{"floor":14,"key":"HeartOfIron"}],"is_trial":false,"path_per_floor":["M","M","T","M","M","R","?","M","T","E","M","M","?","M","R","B",null,"M","M","M","?","M"],"character_chosen":"IRONCLAD","items_purchased":[],"campfire_rested":1,"item_purchase_floors":[],"current_hp_per_floor":[80,80,80,80,76,76,53,45,45,14,14,13,33,26,59,35,80,65,52,42,27,0,0],"gold":395,"neow_bonus":"THREE_ENEMY_KILL","is_daily":false,"chose_seed":false,"campfire_upgraded":0,"win_rate":0.0,"timestamp":1611113847,"path_taken":["M","?","?","M","M","R","?","M","T","E","M","?","?","M","R","BOSS","M","M","M","?","M"],"items_purchased_type":[],"build_version":"2020-12-22","purchased_purges":0,"victory":false,"max_hp_per_floor":[80,80,80,80,80,80,80,80,80,80,80,80,80,80,80,80,80,80,80,80,85,85,85],"card_choices":[{"not_picked":["Bloodletting","Spot Weakness"],"picked":"Disarm","floor":1},{"not_picked":["Perfected Strike","Twin Strike"],"picked":"Infernal Blade","floor":2},{"not_picked":["Anger","Combust"],"picked":"Armaments","floor":4},{"not_picked":["Iron Wave","Intimidate","Wild Strike"],"picked":"SKIP","floor":5},{"not_picked":["Clash","Sword Boomerang"],"picked":"Infernal Blade","floor":7},{"not_picked":["Headbutt","Perfected Strike","Hemokinesis"],"picked":"SKIP","floor":8},{"not_picked":["Searing Blow","Twin Strike"],"picked":"Armaments","floor":10},{"not_picked":["Warcry","Entrench"],"picked":"Metallicize","floor":11},{"not_picked":["Flex","Second Wind"],"picked":"Cleave","floor":12},{"not_picked":["Clash","Pommel Strike","Headbutt"],"picked":"SKIP","floor":14},{"not_picked":["Offering","Feed"],"picked":"Demon Form","floor":16},{"not_picked":["Iron Wave","Uppercut"],"picked":"Anger+1","floor":18},{"not_picked":["Clothesline","True Grit"],"picked":"Body Slam+1","floor":19},{"not_picked":["Battle Trance","Pummel","Feel No Pain+1"],"picked":"SKIP","floor":20}],"player_experience":56565,"relics_obtained":[{"floor":7,"key":"Odd Mushroom"},{"floor":9,"key":"Blood Vial"},{"floor":10,"key":"Eternal Feather"}],"event_choices":[{"damage_healed":0,"gold_gain":0,"player_choice":"Fought Mushrooms","damage_taken":0,"max_hp_gain":0,"max_hp_loss":0,"event_name":"Mushrooms","floor":7,"gold_loss":0},{"damage_healed":20,"gold_gain":0,"player_choice":"Healed","damage_taken":0,"max_hp_gain":0,"max_hp_loss":0,"event_name":"The Cleric","floor":13,"gold_loss":35},{"damage_healed":0,"gold_gain":0,"player_choice":"Shed Blood","damage_taken":20,"max_hp_gain":5,"max_hp_loss":0,"event_name":"Forgotten Altar","floor":21,"gold_loss":0}],"is_beta":false,"boss_relics":[{"not_picked":["Fusion Hammer","Empty Cage"],"picked":"Sozu"}],"items_purged_floors":[],"is_endless":false,"potions_floor_spawned":[1,4,7,12,14],"killed_by":"Snake Plant","ascension_level":2}}