{"host":"yqveedbda5h7irme","time":1611136956,"event":{"mods":["AchievementEnabler","Aspiration","BaseMod","BetterRewards","Colored Powertips","Conspire","GifTheSpireLib","Hubris","Infinite Spire","Marked Mod","Minty Spire (QoL Compilation)","Replay The Spire","StSLib","Stuff the Spire","The Jungle","The Necromancer","The Servant 0.9.4"],"gold_per_floor":[112,112,112,131,146,146,177,189,261,261,261,261,291,258,258,355,355,374,374,473,383,383,412,430,430,480,480,491,508,598,22,22,120,120,136,136,148,148,148,175,199,209,234,51,51,66,66,82,82,82],"floor_reached":51,"language":"ENG","playtime":2805,"items_purged":["Defend_W"],"score":997,"play_id":"ebb18865-0d1d-4d3c-910f-45ae85e99f27","local_time":"20210120110236","is_ascension_mode":true,"campfire_choices":[{"data":"Summon_Undead_Army","floor":6,"key":"SMITH"},{"floor":11,"key":"REST"},{"floor":15,"key":"REST"},{"floor":25,"key":"REST"},{"floor":27,"key":"REST"},{"floor":32,"key":"REST"},{"floor":45,"key":"REST"},{"data":"Storm","floor":49,"key":"SMITH"}],"circlet_count":0,"master_deck":["Strike_W","Strike_W+1","Defend_W","Defend_W+1","Defend_W","Negative_Energy_Arrows+1","Bone_Wall","Summon_Undead_Army","Summon_Undead_Army+1","Strike_from_Beyond","Life_Tap","StuffTheSpire:Innocence+1","Bone_Armor","Summon_Lich","Blood_Is_Power+1","Finger_Of_Death+1","Spectral_Walk","Hellfire","Coolheaded","Bone_Armor+1","StuffTheSpire:Plugnplay","Summon_Undead_Army+1","Storm+1","Conserve Battery+1","Madness","Madness","Siphon_Strength+1","Magnetism","Clumsy","Spreading Infection","ReplayTheSpireMod:Chaos Vortex","Scare+1","Time Bomb","Vampiric_Strike+1","Doubt","Negative_Energy_Shield"],"relics":["Vampire_Amulet","Replay:Baseball","conspire:GlowingRock","aspiration:TomeofQuesting","Gremlin Food","hubris:Icosahedron","Juzu Bracelet","aspiration:DefectSkillbook","Replay:Wax Seal","StuffTheSpire:Wildfire","Bag of Preparation","StuffTheSpire:Rhapsscallions","Gambling Chip","aspiration:RitualDagger","hubris:BottledRain","Vajra","infinitespire:PuzzleCube","Membership Card"],"acts_visited":["Exordium","TheCity","TheBeyond"],"potions_floor_usage":[16,16,33,33,33,33,33,33,40,40,42],"damage_taken":[{"damage":0,"enemies":"Small Slimes","floor":1,"turns":3},{"damage":0,"enemies":"conspire:RoseBush","floor":4,"turns":3},{"damage":0,"enemies":"Cultist","floor":5,"turns":3},{"damage":9,"enemies":"Lagavulin","floor":7,"turns":5},{"damage":2,"enemies":"Exordium Thugs","floor":8,"turns":3},{"damage":51,"enemies":"Gremlin Nob","floor":13,"turns":5},{"damage":3,"enemies":"2 Fungi Beasts","floor":14,"turns":3},{"damage":11,"enemies":"Fading Forest","floor":16,"turns":11},{"damage":36,"enemies":"conspire:FuzzyDice","floor":18,"turns":4},{"damage":17,"enemies":"Replay:Snechameleon","floor":23,"turns":4},{"damage":19,"enemies":"3 Byrds","floor":24,"turns":4},{"damage":2,"enemies":"Centurion and Healer","floor":28,"turns":4},{"damage":11,"enemies":"Sentry and Sphere","floor":29,"turns":5},{"damage":15,"enemies":"hubris:MusketHawk","floor":33,"turns":5},{"damage":5,"enemies":"Orb Walker","floor":35,"turns":2},{"damage":33,"enemies":"3 Shapes","floor":37,"turns":3},{"damage":19,"enemies":"Reptomancer","floor":40,"turns":5},{"damage":30,"enemies":"Sphere and 2 Shapes","floor":42,"turns":4},{"damage":22,"enemies":"Spire Growth","floor":46,"turns":4},{"damage":24,"enemies":"4 Shapes","floor":48,"turns":3},{"damage":87,"enemies":"hubris:GrandSnecko","floor":50,"turns":12}],"seed_played":"6371558852404670145","potions_obtained":[{"floor":1,"key":"Adrenaline Potion"},{"floor":5,"key":"SkillPotion"},{"floor":14,"key":"BlessingOfTheForge"},{"floor":16,"key":"Fire Potion"},{"floor":23,"key":"SpeedPotion"},{"floor":24,"key":"EntropicBrew"},{"floor":33,"key":"LiquidBronze"}],"is_trial":false,"path_per_floor":["M","?","?","M","M","R","E","M","T","T","R","?","E","M","R","B",null,"M","?","?","?","?","E","M","R","T","R","M","M","?","$","R","B",null,"M","?","M","?","?","E","T","M","T","$","R","M","?","M","R","B",null],"character_chosen":"NECROMANCER","items_purchased":["Summon_Undead_Army","Replay:Baseball","Strike_from_Beyond","Storm","StuffTheSpire:Rhapsscallions","Gambling Chip","Membership Card"],"campfire_rested":6,"item_purchase_floors":[0,0,0,31,31,31,44],"current_hp_per_floor":[57,50,50,52,54,54,47,49,49,49,71,71,22,23,45,54,75,43,43,43,43,43,28,15,37,37,59,61,54,42,44,67,54,77,74,64,37,37,37,26,26,2,2,2,25,5,77,61,61,77],"gold":82,"neow_bonus":"","is_daily":false,"chose_seed":false,"campfire_upgraded":2,"win_rate":0.0,"timestamp":1611136956,"path_taken":["M","?","?","M","M","R","E","?","T","?","R","?","E","M","R","BOSS","M","?","?","?","?","E","M","R","T","R","M","M","?","?","R","BOSS","M","?","M","?","?","E","?","M","T","?","R","M","?","M","R","BOSS"],"items_purchased_type":["Card","Relic","Card","Card","Relic","Relic","Relic"],"build_version":"2020-12-22","purchased_purges":1,"victory":true,"max_hp_per_floor":[75,75,75,75,75,75,75,75,75,75,75,75,75,75,75,75,75,75,75,75,75,75,75,75,75,75,75,75,75,75,77,77,77,77,77,77,77,77,77,77,77,77,77,77,77,77,77,77,77,77],"card_choices":[{"not_picked":["Vampiric_Strike","Death_Coil"],"picked":"Life_Tap","floor":1},{"not_picked":["Vampiric_Strike","Consume_Illness"],"picked":"Bone_Armor","floor":4},{"not_picked":["Uncharnel","Bone_Shift"],"picked":"Summon_Lich","floor":5},{"not_picked":["Bone_Spikes","Vampiric_Strike"],"picked":"Blood_Is_Power","floor":7},{"not_picked":["Negative_Energy_Javelin","Death_March_Dance"],"picked":"Finger_Of_Death","floor":8},{"not_picked":["Reap_The_Weak","Negative_Energy_Javelin","Bone_Shift"],"picked":"SKIP","floor":13},{"not_picked":["Finger_Of_Death","Necromantic_Selection"],"picked":"Spectral_Walk","floor":14},{"not_picked":["Skeleton_Dragon","Reap_The_Weak"],"picked":"Hellfire","floor":16},{"not_picked":["Necromantic_Selection","StuffTheSpire:SnapShoot","StuffTheSpire:NuclearReactor"],"picked":"Coolheaded","floor":18},{"not_picked":["Whirlwind_of_Bones","StuffTheSpire:Plugnplay","Go for the Eyes"],"picked":"Bone_Armor+1","floor":23},{"not_picked":["Conserve Battery","BasicCrystalCard","Shackles_Of_Pain+1"],"picked":"StuffTheSpire:Plugnplay","floor":24},{"not_picked":["Leap","Stop_Heart+1","Force Field"],"picked":"Summon_Undead_Army","floor":28},{"not_picked":["ReplaySolidLightProjector+1","Scrape+1","StuffTheSpire:NuclearReactor","Stack"],"picked":"SKIP","floor":29},{"not_picked":["Bones_to_Steel","Stack+1","BasicCrystalCard"],"picked":"Conserve Battery+1","floor":35},{"not_picked":["Chill_Blood+1","Panic Button+1","Sunder"],"picked":"Siphon_Strength+1","floor":37},{"not_picked":["Swift Strike","Finesse","Blind"],"picked":"Magnetism","floor":38},{"not_picked":["infinitespire:Menacing","infinitespire:Oblivion"],"picked":"ReplayTheSpireMod:Chaos Vortex","floor":39},{"not_picked":["Rebound+1","Force Field","Barrage+1"],"picked":"Scare+1","floor":40},{"not_picked":["Leap+1","Negative_Energy_Javelin+1","Life_Drain"],"picked":"Time Bomb","floor":42},{"not_picked":["StuffTheSpire:NuclearReactor+1","StuffTheSpire:LoadUp","ReplayTheSpireMod:GoodbyeWorld"],"picked":"Vampiric_Strike+1","floor":46},{"not_picked":["Necrotic_Claws","FIFO Queue","ReplayRNGCard"],"picked":"Negative_Energy_Shield","floor":48}],"player_experience":128288,"relics_obtained":[{"floor":7,"key":"aspiration:TomeofQuesting"},{"floor":10,"key":"Gremlin Food"},{"floor":13,"key":"Juzu Bracelet"},{"floor":23,"key":"StuffTheSpire:Wildfire"},{"floor":26,"key":"Bag of Preparation"},{"floor":40,"key":"hubris:BottledRain"},{"floor":41,"key":"Vajra"},{"floor":43,"key":"infinitespire:PuzzleCube"}],"event_choices":[{"damage_healed":0,"gold_gain":0,"player_choice":"Bought 0 Potions","damage_taken":0,"max_hp_gain":0,"max_hp_loss":0,"event_name":"The Woman in Blue","floor":3,"gold_loss":0},{"damage_healed":0,"gold_gain":99,"player_choice":"Stole From Cult","damage_taken":0,"max_hp_gain":0,"max_hp_loss":0,"event_name":"Nest","floor":20,"gold_loss":0},{"cards_removed":["Strike_W"],"damage_healed":0,"gold_gain":0,"player_choice":"Upgrade and Remove","damage_taken":0,"max_hp_gain":0,"max_hp_loss":0,"event_name":"Designer","floor":21,"gold_loss":90,"cards_upgraded":["Negative_Energy_Arrows"]},{"damage_healed":0,"gold_gain":0,"player_choice":"Opened","damage_taken":0,"relics_obtained":["Replay:Wax Seal"],"max_hp_gain":0,"max_hp_loss":0,"event_name":"The Mausoleum","floor":22,"gold_loss":0},{"damage_healed":0,"gold_gain":90,"player_choice":"GOLD ","damage_taken":12,"max_hp_gain":0,"max_hp_loss":0,"event_name":"Knowing Skull","floor":30,"potions_obtained":[],"gold_loss":0,"cards_obtained":[]},{"damage_healed":0,"gold_gain":0,"player_choice":"Embrace Madness","damage_taken":10,"max_hp_gain":0,"max_hp_loss":0,"event_name":"Winding Halls","floor":36,"gold_loss":0,"cards_obtained":["Madness","Madness"]},{"damage_healed":0,"gold_gain":0,"player_choice":"Memory 1","damage_taken":0,"max_hp_gain":0,"max_hp_loss":0,"event_name":"SensoryStone","floor":38,"gold_loss":0},{"damage_healed":72,"gold_gain":0,"player_choice":"Heal","damage_taken":0,"max_hp_gain":0,"max_hp_loss":0,"event_name":"MindBloom","floor":47,"gold_loss":0,"cards_obtained":["Doubt"]}],"is_beta":false,"boss_relics":[{"not_picked":["StuffTheSpire:RunicHypercube","SacredBark"],"picked":"aspiration:DefectSkillbook"},{"not_picked":["Empty Cage","conspire:SlowCooker"],"picked":"aspiration:RitualDagger"}],"items_purged_floors":[44],"is_endless":false,"potions_floor_spawned":[1,5,14,16,23,24,29,33,35],"ascension_level":1}}