{"host":"eydwxg59205c3vtl","time":1611160533,"event":{"mods":["2.2 Compatiblity","BaseMod","Colored Map","Colored Powertips","Hubris","Minty Spire (QoL Compilation)","StSLib","The Jungle","The Necromancer"],"gold_per_floor":[216,216,216,234,247,287,287,331,331,63,136,160,160,183,183,312,312,327,327,327,72,95,95,95,131,179,193,224,240,240,265,265,393,393,407,421,421,296,319,319,339,23,103,159,159,177,190,206,206,206],"floor_reached":51,"language":"ENG","playtime":1400,"items_purged":["Regret","Injury","Strike_R","Strike_R"],"score":774,"play_id":"01f56049-2610-42e5-b50b-90d5a7911658","local_time":"20210120113533","is_ascension_mode":false,"campfire_choices":[{"data":"Whirlwind","floor":13,"key":"SMITH"},{"floor":15,"key":"REST"},{"data":"Immolate","floor":23,"key":"SMITH"},{"data":"Sword Boomerang","floor":32,"key":"SMITH"},{"data":"Double Tap","floor":40,"key":"SMITH"},{"data":"Sword Boomerang","floor":45,"key":"SMITH"},{"data":"Iron Wave","floor":49,"key":"SMITH"}],"circlet_count":0,"master_deck":["Strike_R","Strike_R","Defend_R","Defend_R","Defend_R","Defend_R","Bash","Cleave","Dropkick","Ghostly Armor","Pommel Strike","Whirlwind+1","Spot Weakness","Shrug It Off","Twin Strike","Sword Boomerang+1","Immolate+1","Iron Wave+1","Immolate","Double Tap+1","Twin Strike+1","Metallicize","Sword Boomerang+1","Shockwave+1","Seeing Red+1"],"relics":["Burning Blood","Golden Idol","Lizard Tail","Toy Ornithopter","Kunai","Mummified Hand","Lantern","Question Card","Busted Crown","Ninja Scroll","Pen Nib","theJungle:BirthdayCakeSlice","hubris:AstralHammer","Bag of Marbles","Bronze Scales","hubris:Backtick","Dead Branch","Membership Card","Red Skull","InkBottle","hubris:Spice"],"acts_visited":["Exordium","Exordium","TheBeyond"],"potions_floor_usage":[8,8,11,16,28,50,50],"damage_taken":[{"damage":2,"enemies":"2 Louse","floor":1,"turns":3},{"damage":17,"enemies":"Small Slimes","floor":4,"turns":3},{"damage":0,"enemies":"Cultist","floor":5,"turns":2},{"damage":22,"enemies":"Gremlin Nob","floor":6,"turns":5},{"damage":35,"enemies":"Lagavulin","floor":8,"turns":8},{"damage":24,"enemies":"Lagavulin Event","floor":11,"turns":7},{"damage":2,"enemies":"Looter","floor":12,"turns":2},{"damage":0,"enemies":"Exordium Thugs","floor":14,"turns":3},{"damage":32,"enemies":"Slime Boss","floor":16,"turns":9},{"damage":6,"enemies":"Shell Parasite","floor":18,"turns":4},{"damage":20,"enemies":"JungleHuntersEvent","floor":20,"turns":5},{"damage":0,"enemies":"theJungle:Flameango_and_Byrd","floor":22,"turns":3},{"damage":14,"enemies":"theJungle:MamaSnecko","floor":25,"turns":4},{"damage":0,"enemies":"theJungle:Lyon","floor":27,"turns":2},{"damage":3,"enemies":"theJungle:2_Phrogs","floor":28,"turns":3},{"damage":0,"enemies":"theJungle:2_Snecko_Cultists","floor":29,"turns":1},{"damage":9,"enemies":"theJungle:2_Flameangoes","floor":31,"turns":3},{"damage":31,"enemies":"theJungle:TotemBoss","floor":33,"turns":4},{"damage":3,"enemies":"3 Shapes","floor":35,"turns":1},{"damage":7,"enemies":"Orb Walker","floor":36,"turns":2},{"damage":2,"enemies":"Spire Growth","floor":39,"turns":2},{"damage":33,"enemies":"Maw","floor":41,"turns":6},{"damage":4,"enemies":"2 Orb Walkers","floor":44,"turns":2},{"damage":0,"enemies":"Writhing Mass","floor":46,"turns":2},{"damage":0,"enemies":"Jaw Worm Horde","floor":47,"turns":1},{"damage":6,"enemies":"Sphere and 2 Shapes","floor":48,"turns":1},{"damage":0,"enemies":"Awakened One","floor":50,"turns":6}],"seed_played":"3169174670100613530","potions_obtained":[{"floor":1,"key":"PowerPotion"},{"floor":4,"key":"SkillPotion"},{"floor":6,"key":"SpeedPotion"},{"floor":14,"key":"Fire Potion"},{"floor":20,"key":"Regen Potion"},{"floor":25,"key":"Fire Potion"},{"floor":33,"key":"Explosive Potion"},{"floor":39,"key":"ElixirPotion"},{"floor":41,"key":"ColorlessPotion"}],"is_trial":false,"path_per_floor":["M","?","?","M","M","E","?","E","T","$","?","M","R","M","R","B",null,"M","?","?","$","M","R","?","E","T","M","E","M","?","M","R","B",null,"M","M","?","$","M","R","M","$","T","?","R","M","M","M","R","B",null],"character_chosen":"IRONCLAD","items_purchased":["Lantern","Shrug It Off","Pen Nib","Membership Card","Red Skull","Sword Boomerang"],"campfire_rested":1,"item_purchase_floors":[10,10,21,42,42,42],"current_hp_per_floor":[80,80,80,69,75,59,59,40,40,40,27,31,31,37,61,40,80,80,80,66,66,72,72,77,69,69,75,83,85,85,82,82,57,85,85,84,84,84,85,85,58,58,58,68,68,74,80,80,80,93],"gold":206,"neow_bonus":"HUNDRED_GOLD","is_daily":false,"chose_seed":false,"campfire_upgraded":6,"win_rate":0.0,"timestamp":1611160533,"path_taken":["M","?","?","M","?","E","?","E","T","$","?","?","R","M","R","BOSS","M","?","?","$","M","R","?","E","T","M","E","?","?","M","R","BOSS","M","M","?","$","?","R","M","$","T","?","R","M","M","M","R","BOSS"],"items_purchased_type":["Relic","Card","Relic","Relic","Relic","Card"],"build_version":"2020-12-22","purchased_purges":4,"victory":true,"max_hp_per_floor":[80,80,80,80,80,80,80,80,80,80,80,80,80,80,80,80,80,80,80,80,80,80,80,85,85,85,85,85,85,85,85,85,85,85,85,85,85,85,85,85,85,85,85,93,93,93,93,93,93,93],"card_choices":[{"not_picked":["Bloodletting","Entrench"],"picked":"Cleave","floor":1},{"not_picked":["Perfected Strike","Bloodletting"],"picked":"Ghostly Armor","floor":4},{"not_picked":["Cleave","Power Through"],"picked":"Pommel Strike","floor":5},{"not_picked":["Clash","Anger"],"picked":"Whirlwind","floor":6},{"not_picked":["Armaments","Rage"],"picked":"Spot Weakness","floor":8},{"not_picked":["Thunderclap","Exhume","hubris:ReadiedAction"],"picked":"Twin Strike","floor":11},{"not_picked":["Havoc","Wild Strike","Rupture","Thunderclap"],"picked":"SKIP","floor":12},{"not_picked":["Intimidate","Body Slam","Heavy Blade"],"picked":"Sword Boomerang","floor":14},{"not_picked":["Barricade","Feed","Exhume"],"picked":"Immolate","floor":16},{"not_picked":["Perfected Strike+1","Second Wind"],"picked":"SKIP","floor":18},{"not_picked":["Thunderclap+1","Reckless Charge"],"picked":"SKIP","floor":22},{"not_picked":["Heavy Blade+1"],"picked":"Iron Wave","floor":25},{"not_picked":["Thunderclap","hubris:ReadiedAction"],"picked":"SKIP","floor":27},{"not_picked":["Armaments+1"],"picked":"Immolate","floor":28},{"not_picked":["hubris:ReadiedAction","Body Slam+1"],"picked":"SKIP","floor":29},{"not_picked":["Warcry","Power Through"],"picked":"SKIP","floor":31},{"not_picked":["Feed"],"picked":"Double Tap","floor":33},{"not_picked":["Clothesline+1","Flex"],"picked":"SKIP","floor":35},{"not_picked":["Intimidate"],"picked":"Twin Strike+1","floor":36},{"not_picked":["hubris:ReadiedAction","Dual Wield"],"picked":"SKIP","floor":39},{"not_picked":["Shrug It Off+1"],"picked":"Metallicize","floor":41},{"not_picked":["Cleave+1"],"picked":"Shockwave+1","floor":44},{"not_picked":["Second Wind+1"],"picked":"Seeing Red+1","floor":46},{"not_picked":["Heavy Blade","True Grit"],"picked":"SKIP","floor":47},{"not_picked":["Armaments","Evolve+1"],"picked":"SKIP","floor":48}],"player_experience":621525,"relics_obtained":[{"floor":6,"key":"Lizard Tail"},{"floor":8,"key":"Kunai"},{"floor":9,"key":"Mummified Hand"},{"floor":20,"key":"Ninja Scroll"},{"floor":25,"key":"hubris:AstralHammer"},{"floor":26,"key":"Bag of Marbles"},{"floor":28,"key":"Bronze Scales"},{"floor":43,"key":"InkBottle"},{"floor":44,"key":"hubris:Spice"}],"event_choices":[{"damage_healed":0,"gold_gain":0,"player_choice":"Take Wound","damage_taken":0,"relics_obtained":["Golden Idol"],"max_hp_gain":0,"max_hp_loss":0,"event_name":"Golden Idol","floor":2,"gold_loss":0,"cards_obtained":["Injury"]},{"damage_healed":0,"gold_gain":0,"player_choice":"1 cards matched","damage_taken":0,"max_hp_gain":0,"max_hp_loss":0,"event_name":"Match and Keep!","floor":3,"gold_loss":0,"cards_obtained":["Dropkick"]},{"damage_healed":0,"gold_gain":0,"player_choice":"Box","damage_taken":0,"relics_obtained":["Toy Ornithopter"],"max_hp_gain":0,"max_hp_loss":0,"event_name":"Big Fish","floor":7,"gold_loss":0,"cards_obtained":["Regret"]},{"damage_healed":0,"gold_gain":0,"player_choice":"Searched \u00272\u0027 times","damage_taken":0,"relics_obtained":["Question Card"],"max_hp_gain":0,"max_hp_loss":0,"event_name":"Dead Adventurer","floor":11,"gold_loss":0},{"cards_removed":["Strike_R"],"damage_healed":0,"gold_gain":0,"player_choice":"Purged","damage_taken":0,"max_hp_gain":0,"max_hp_loss":0,"event_name":"Purifier","floor":37,"gold_loss":0},{"damage_healed":0,"gold_gain":0,"player_choice":"Fight","damage_taken":0,"max_hp_gain":0,"max_hp_loss":0,"event_name":"Mysterious Sphere","floor":44,"gold_loss":0}],"is_beta":false,"boss_relics":[{"not_picked":["Black Blood","hubris:Stopwatch"],"picked":"Busted Crown"},{"not_picked":["Empty Cage","hubris:ScarierMask"],"picked":"hubris:Backtick"}],"items_purged_floors":[10,21,38,42],"is_endless":false,"potions_floor_spawned":[1,4,6,14,20,25,33,39,41,48],"ascension_level":0}}