{"host":"dyudzmz1c60osjjw","time":1611131404,"event":{"mods":["AchievementEnabler","BaseMod","BetterRewards","Colored Map","Conspire","Downfall","Duelist Mod","Friendly Minions","Hermit","Hubris","Infinite Spire","Koishi","Marisa????????","Minty Spire (QoL Compilation)","StSLib","The Administrix","The Animator","The Cursed","The Disciple","The Mystic","The Runesmith","The Servant 0.9.4"],"gold_per_floor":[99,117,34,34,46,65,65,81,97,97,114,145,45,58,77,176,176,76,91,107,117,129,140,140,173,192,92,92,2,36,48,68,164,164,164,183,198,198,198,198],"floor_reached":38,"language":"ENG","playtime":4358,"items_purged":["champ:Defend"],"score":601,"play_id":"56813b49-f4fd-496f-9409-07dee9630d4e","local_time":"20210120193004","is_ascension_mode":false,"campfire_choices":[{"floor":1,"key":"RECALL"},{"floor":10,"key":"REST"},{"data":"champ:IgnorePain","floor":13,"key":"SMITH"},{"data":"champ:CheapShot","floor":18,"key":"SMITH"},{"floor":27,"key":"REST"},{"data":"champ:UltimateStance","floor":35,"key":"SMITH"}],"circlet_count":0,"master_deck":["champ:Strike","champ:Defend","champ:Defend","champ:Execute","champ:Taunt","champ:FlashCut","champ:BringItOn","champ:ShieldWall+1","champ:IgnorePain+1","champ:CalledShot","champ:FocusedDefense","champ:DefensiveShout","champ:StanceDance","champ:FancyFootwork","champ:CheapShot+1","champ:Encircle+1","champ:EnGarde+1","champ:Haymaker+1","champ:ShieldSlam","champ:CalledShot+1","champ:FalseCounter","champ:MurderStrike","champ:SkillfulDodge+1","champ:StanceDance+1","champ:UltimateStance+1","champ:IronFortress","champ:StrikeOfGenius","champ:RapidStrikes+1"],"relics":["champ:ChampionCrown","champ:FightingForDummies","Blue Candle","downfall:HeartBlessingGreen","Astrolabe","downfall:HeartBlessingRed","conspire:Flyswatter","Bottled Tornado","downfall:HeartBlessingBlue","Meat on the Bone","conspire:RoyalGoblet"],"acts_visited":["Exordium","TheCity","TheBeyond"],"potions_floor_usage":[12,16,30,30,33,38,38],"damage_taken":[{"damage":14,"enemies":"conspire:RoseBush","floor":2,"turns":4},{"damage":20,"enemies":"downfall:FleeingMerchant","floor":3,"turns":4},{"damage":10,"enemies":"Cultist","floor":5,"turns":4},{"damage":17,"enemies":"infinitespire:Voidling","floor":6,"turns":5},{"damage":19,"enemies":"Blue Slaver","floor":8,"turns":3},{"damage":5,"enemies":"conspire:2 RoseBushes","floor":9,"turns":5},{"damage":5,"enemies":"2 Fungi Beasts","floor":11,"turns":4},{"damage":15,"enemies":"Lagavulin","floor":12,"turns":5},{"damage":17,"enemies":"3 Louse","floor":14,"turns":4},{"damage":11,"enemies":"Blue Slaver","floor":15,"turns":2},{"damage":30,"enemies":"DF_ARCHETYPE_STREAMLINE","floor":16,"turns":11},{"damage":22,"enemies":"conspire:FuzzyDice","floor":19,"turns":6},{"damage":10,"enemies":"Spheric Guardian","floor":20,"turns":5},{"damage":34,"enemies":"conspire:HollyBat","floor":21,"turns":8},{"damage":10,"enemies":"Snake Plant","floor":22,"turns":5},{"damage":29,"enemies":"Centurion and Healer","floor":23,"turns":9},{"damage":11,"enemies":"theDuelist:KaibaA2","floor":25,"turns":5},{"damage":15,"enemies":"Chosen and Byrds","floor":26,"turns":8},{"damage":5,"enemies":"downfall:FleeingMerchant","floor":29,"turns":5},{"damage":12,"enemies":"Slavers","floor":30,"turns":5},{"damage":32,"enemies":"Sentry and Sphere","floor":31,"turns":7},{"damage":10,"enemies":"conspire:HollyBat","floor":32,"turns":6},{"damage":82,"enemies":"WA_ARCHETYPE_CALM","floor":33,"turns":11},{"damage":7,"enemies":"Orb Walker","floor":36,"turns":3},{"damage":30,"enemies":"3 Darklings","floor":37,"turns":6},{"damage":166,"enemies":"Orin","floor":38,"turns":15}],"seed_played":"-1387751252803124928","potions_obtained":[{"floor":2,"key":"Guardian:BlockOnCardUsePotion"},{"floor":9,"key":"SmokeBomb"},{"floor":11,"key":"Strength Potion"},{"floor":12,"key":"LiquidBronze"},{"floor":14,"key":"hexamod:SoulburnPotion"},{"floor":19,"key":"hexamod:SoulburnPotion"},{"floor":30,"key":"sneckomod:MuddlingPotion"},{"floor":31,"key":"champ:TechniquePotion"}],"is_trial":false,"path_per_floor":["R","M","$","?","M","M","T","M","M","R","M","E","R","M","M","B",null,"R","M","M","M","M","M","T","E","M","R","?","$","E","M","M","B",null,"R","M","M","?"],"character_chosen":"THE_CHAMP","items_purchased":["champ:ShieldWall"],"campfire_rested":2,"item_purchase_floors":[3],"current_hp_per_floor":[90,86,86,86,86,86,86,77,72,90,90,90,90,83,82,72,90,90,88,88,74,74,70,70,69,69,100,100,100,88,66,66,51,100,100,98,88,0,0,0],"gold":198,"neow_bonus":"RANDOM_COMMON_RELIC","is_daily":false,"chose_seed":false,"campfire_upgraded":3,"win_rate":0.0,"timestamp":1611131404,"path_taken":["R","M","$","?","?","M","T","M","M","R","M","E","R","M","M","BOSS","R","M","M","?","M","?","T","E","M","R","?","$","E","M","M","BOSS","R","M","M","?"],"items_purchased_type":["Card"],"build_version":"2020-12-22","purchased_purges":1,"victory":false,"max_hp_per_floor":[90,90,90,90,90,90,90,90,90,90,90,90,90,90,90,90,90,90,90,90,90,90,90,90,90,90,100,100,100,100,100,100,100,100,100,100,100,100,100,100],"card_choices":[{"not_picked":["champ:AdrenalArmor","champ:Duel"],"picked":"champ:FlashCut","floor":2},{"not_picked":["champ:PreciseThrust","champ:Devastate"],"picked":"champ:BringItOn","floor":3},{"not_picked":["champ:Backstep","champ:FlashCut"],"picked":"champ:CalledShot","floor":5},{"not_picked":["champ:Lariat","champ:Backstep"],"picked":"champ:FocusedDefense","floor":6},{"not_picked":["champ:FancyFootwork","champ:GutPunch"],"picked":"champ:DefensiveShout","floor":8},{"not_picked":["champ:Backstep","champ:PreciseThrust"],"picked":"champ:StanceDance","floor":9},{"not_picked":["champ:CrownThrow","champ:BringItOn","champ:PerfectedStrike"],"picked":"SKIP","floor":11},{"not_picked":["champ:FanOfKnives","champ:PreciseThrust","champ:Circumvent"],"picked":"SKIP","floor":12},{"not_picked":["champ:HeartStrike","champ:Endure"],"picked":"champ:FancyFootwork","floor":14},{"not_picked":["champ:FlashCut","champ:TornadoPunch","champ:DancingMaster"],"picked":"SKIP","floor":15},{"not_picked":["champ:DancingMaster","champ:LastStand"],"picked":"champ:CheapShot","floor":16},{"not_picked":["champ:TornadoPunch","champ:Circumvent"],"picked":"champ:ShieldSlam","floor":19},{"not_picked":["champ:CrookedStrike","champ:Shatter","champ:FocusedDefense"],"picked":"SKIP","floor":20},{"not_picked":["champ:DefensiveShout","champ:PreciseThrust"],"picked":"champ:CalledShot+1","floor":21},{"not_picked":["champ:FaceSlap","champ:PerfectedStrike","champ:GladiatorStyle+1"],"picked":"SKIP","floor":22},{"not_picked":["champ:DefensiveShout","champ:Lariat"],"picked":"champ:FalseCounter","floor":23},{"not_picked":["champ:FancyFootwork","champ:SwordThrow"],"picked":"champ:MurderStrike","floor":25},{"not_picked":["champ:BringItOn+1","champ:EnGarde+1"],"picked":"champ:SkillfulDodge+1","floor":26},{"not_picked":["champ:FanOfKnives+1","champ:CrownThrow"],"picked":"champ:StanceDance+1","floor":29},{"not_picked":["champ:Shatter","champ:Haymaker+1"],"picked":"champ:UltimateStance","floor":30},{"not_picked":["champ:Encircle","champ:Haymaker+1","champ:CrookedStrike"],"picked":"SKIP","floor":31},{"not_picked":["champ:EndlessRage","champ:Parry"],"picked":"champ:IronFortress","floor":32},{"not_picked":["champ:SwordThrow","champ:GladiatorForm"],"picked":"champ:StrikeOfGenius","floor":33},{"not_picked":["champ:Shatter","champ:FlashCut+1","champ:BerserkersShout"],"picked":"SKIP","floor":36},{"not_picked":["champ:CrownThrow","champ:FanOfKnives"],"picked":"champ:RapidStrikes+1","floor":37}],"player_experience":179898,"relics_obtained":[{"floor":12,"key":"Blue Candle"},{"floor":24,"key":"conspire:Flyswatter"},{"floor":25,"key":"Bottled Tornado"},{"floor":30,"key":"Meat on the Bone"}],"event_choices":[{"damage_healed":0,"gold_gain":0,"player_choice":"Fight","damage_taken":0,"max_hp_gain":0,"max_hp_loss":0,"event_name":"OrinTheCat","floor":38,"gold_loss":0}],"is_beta":false,"boss_relics":[{"not_picked":["Runesmith:UraniumAnvil","Tiny House"],"picked":"Astrolabe"},{"not_picked":["Pandora\u0027s Box","conspire:RunicOctahedron"],"picked":"conspire:RoyalGoblet"}],"items_purged_floors":[29],"is_endless":false,"potions_floor_spawned":[2,9,11,12,14,19,20,25,30,31],"killed_by":"Orin","ascension_level":0}}