{"host":"lnt5dzsuhru0aonl","time":1611134557,"event":{"mods":["2.2 Compatiblity","BaseMod","Colored Map","Colored Powertips","DeckTracker","Keyboard Shortcuts","Minty Spire (QoL Compilation)","Permanent Neow","Rare Cards Sparkle","StSLib","SuperFastMode","everything is the same but u backflip on backflip"],"gold_per_floor":[115,115,115,56,56,90,90,126,208,208,50,66,66,84,84,84,84],"floor_reached":16,"language":"KOR","playtime":288,"items_purged":["Strike_R"],"score":312,"play_id":"5c31bd7d-49b4-4715-8f29-14e7e19a4fad","local_time":"20210120182237","is_ascension_mode":true,"campfire_choices":[{"data":"True Grit","floor":10.0,"key":"SMITH"},{"data":"Armaments","floor":15.0,"key":"SMITH"}],"circlet_count":0,"master_deck":["AscendersBane","Strike_R","Strike_R","Strike_R","Strike_R","Defend_R","Defend_R","Defend_R","Defend_R","Bash","Body Slam+1","Shrug It Off","True Grit+1","Armaments+1","Feel No Pain"],"relics":["Burning Blood","NeowsBlessing","Paper Frog","Golden Idol","Torii","Oddly Smooth Stone","Ornamental Fan","Thread and Needle"],"acts_visited":["Exordium"],"potions_floor_usage":[16],"damage_taken":[{"damage":0.0,"enemies":"Cultist","floor":1.0,"turns":1.0},{"damage":0.0,"enemies":"Gremlin Nob","floor":6.0,"turns":1.0},{"damage":0.0,"enemies":"Lagavulin","floor":8.0,"turns":1.0},{"damage":12.0,"enemies":"Jaw Worm","floor":12.0,"turns":4.0},{"damage":0.0,"enemies":"2 Louse","floor":14.0,"turns":4.0},{"damage":54,"enemies":"Slime Boss","floor":16,"turns":14}],"seed_played":"4746394069819603011","potions_obtained":[{"floor":1.0,"key":"Fire Potion"},{"floor":14.0,"key":"Weak Potion"}],"is_trial":false,"path_per_floor":["M","T","?","$","?","E","?","E","T","R","$","M","?","M","R","B"],"character_chosen":"IRONCLAD","items_purchased":["Shrug It Off","Feel No Pain"],"campfire_rested":0,"item_purchase_floors":[4,11],"current_hp_per_floor":[74,74,74,74,48,54,59,65,65,65,65,59,48,54,54,0,0],"gold":84,"neow_bonus":"THREE_ENEMY_KILL","is_daily":false,"chose_seed":false,"campfire_upgraded":2,"win_rate":0.0,"timestamp":1611134557,"path_taken":["M","?","?","$","?","E","?","E","T","R","?","?","?","M","R","BOSS"],"items_purchased_type":["Card","Card"],"build_version":"2020-12-22","purchased_purges":1,"victory":false,"max_hp_per_floor":[75,75,75,75,75,75,80,80,80,80,80,80,80,80,80,80,80],"card_choices":[{"not_picked":["Combust","Spot Weakness"],"picked":"Body Slam","floor":1.0},{"not_picked":["Reckless Charge","Armaments"],"picked":"True Grit","floor":6.0},{"not_picked":["Carnage","Intimidate"],"picked":"Armaments","floor":8.0},{"not_picked":["Anger","Sword Boomerang","Flex"],"picked":"SKIP","floor":12.0},{"not_picked":["Iron Wave","Searing Blow","Flex"],"picked":"SKIP","floor":14.0}],"player_experience":706705,"relics_obtained":[{"floor":2.0,"key":"Paper Frog"},{"floor":6.0,"key":"Torii"},{"floor":8.0,"key":"Oddly Smooth Stone"},{"floor":9.0,"key":"Ornamental Fan"}],"event_choices":[{"damage_healed":0.0,"max_hp_gain":0.0,"max_hp_loss":0.0,"gold_gain":0.0,"event_name":"Living Wall","player_choice":"Grow","floor":3.0,"gold_loss":0.0,"damage_taken":0.0,"cards_upgraded":["Body Slam"]},{"damage_healed":0.0,"max_hp_gain":0.0,"max_hp_loss":0.0,"gold_gain":0.0,"event_name":"Golden Idol","player_choice":"Take Damage","floor":5.0,"gold_loss":0.0,"damage_taken":26.0,"relics_obtained":["Golden Idol"]},{"damage_healed":0.0,"max_hp_gain":5.0,"max_hp_loss":0.0,"gold_gain":0.0,"event_name":"Big Fish","player_choice":"Donut","floor":7.0,"gold_loss":0.0,"damage_taken":0.0},{"damage_healed":0.0,"max_hp_gain":0.0,"max_hp_loss":0.0,"gold_gain":0.0,"event_name":"Scrap Ooze","player_choice":"Success","floor":13.0,"gold_loss":0.0,"damage_taken":11.0,"relics_obtained":["Thread and Needle"]}],"is_beta":false,"boss_relics":[],"items_purged_floors":[11],"is_endless":false,"potions_floor_spawned":[1,14],"killed_by":"Slime Boss","ascension_level":20}}