{"host":"9kesdg97wkrx2bva","time":1611177098,"event":{"mods":["AchievementEnabler","BaseMod","Colored Map","GifTheSpireLib","Infinite Spire","Minty Spire (QoL Compilation)","Replay The Spire","StSLib"],"gold_per_floor":[19,19,33,53,66,66,91,91,91,120,120,120,120,148,148,224,324,338,352,372,390,390,390,291,306,331,331,331,331],"floor_reached":28,"language":"ENG","playtime":1139,"items_purged":["Concentrate","Burst"],"score":405,"play_id":"c66fc412-9508-4a8f-b8a2-164af43d9aaa","local_time":"20210120151138","is_ascension_mode":true,"campfire_choices":[{"data":"Deadly Poison","floor":6.0,"key":"SMITH"},{"floor":8,"key":"REST"},{"data":"Noxious Fumes","floor":11,"key":"SMITH"},{"floor":15,"key":"REST"},{"data":"Footwork","floor":23,"key":"SMITH"},{"data":"infinitespire:Oblivion","floor":27,"key":"SMITH"}],"circlet_count":0,"master_deck":["AscendersBane","Survivor","Neutralize","Deadly Poison+1","Bane","Fluid Movement","Footwork+1","Quick Slash","Noxious Fumes+1","Deflect","Wraith Form v2","Masterful Stab","Quick Slash","Accuracy","Burst","Dagger Spray","Choke","Reflex","infinitespire:Fortify","infinitespire:Oblivion+1","Deadly Poison","Slice"],"relics":["Ring of the Snake","Mango","infinitespire:WardingShard","Divine Protection","White Beast Statue","Replay:Mystery Machine","Replay:Grab Bag","Replay:Wanted Poster","Busted Crown","Pandora\u0027s Box","Incense Burner","HoveringKite","Oddly Smooth Stone"],"acts_visited":["Exordium","TheCity"],"potions_floor_usage":[14,18,19,20,21,25,28,28],"damage_taken":[{"damage":8.0,"enemies":"Small Slimes","floor":1.0,"turns":5.0},{"damage":1.0,"enemies":"Cultist","floor":3.0,"turns":4.0},{"damage":4.0,"enemies":"Jaw Worm","floor":4.0,"turns":3.0},{"damage":12.0,"enemies":"Large Slime","floor":5.0,"turns":9.0},{"damage":24,"enemies":"Gremlin Nob","floor":7,"turns":5},{"damage":19,"enemies":"3 Sentries","floor":10,"turns":16},{"damage":22,"enemies":"Gremlin Nob","floor":14,"turns":4},{"damage":4,"enemies":"The Guardian","floor":16,"turns":11},{"damage":6,"enemies":"Spheric Guardian","floor":18,"turns":6},{"damage":22,"enemies":"Shell Parasite","floor":19,"turns":4},{"damage":0,"enemies":"Centurion and Healer","floor":20,"turns":6},{"damage":0,"enemies":"Chosen and Byrds","floor":21,"turns":5},{"damage":1,"enemies":"Snake Plant","floor":25,"turns":4},{"damage":40,"enemies":"Gremlin Leader","floor":28,"turns":4}],"seed_played":"355927272959026673","potions_obtained":[{"floor":4.0,"key":"SpeedPotion"},{"floor":10,"key":"AttackPotion"},{"floor":14,"key":"Weak Potion"},{"floor":16,"key":"Fire Potion"},{"floor":18,"key":"Poison Potion"},{"floor":19,"key":"BlessingOfTheForge"},{"floor":20,"key":"Weak Potion"},{"floor":21,"key":"PowerPotion"},{"floor":25,"key":"Cursed Concoction"}],"is_trial":false,"path_per_floor":["M","?","M","M","M","R","E","R","T","E","R","?","?","E","R","B",null,"M","M","M","M","AVR","R","$","M","T","R","E"],"character_chosen":"THE_SILENT","items_purchased":["Deadly Poison"],"campfire_rested":2,"item_purchase_floors":[24],"current_hp_per_floor":[65,65,64,60,48,48,24,48,48,29,29,29,29,7,31,27,67,61,39,39,39,39,39,39,38,38,38,0,0],"gold":331,"neow_bonus":"ONE_RARE_RELIC","is_daily":false,"chose_seed":false,"campfire_upgraded":4,"win_rate":0.0,"timestamp":1611177098,"path_taken":["M","?","M","M","?","R","E","R","T","E","R","?","?","E","R","BOSS","M","M","M","M","AVR","R","$","M","T","R","E"],"items_purchased_type":["Card"],"build_version":"2020-12-22","purchased_purges":2,"victory":false,"max_hp_per_floor":[80,80,80,80,80,80,80,80,80,80,80,80,80,80,80,80,80,80,80,80,80,80,80,80,80,80,80,80,80],"card_choices":[{"not_picked":["Tactician","Underhanded Strike"],"picked":"Deadly Poison","floor":1.0},{"not_picked":["Dagger Throw","Underhanded Strike"],"picked":"Bane","floor":3.0},{"not_picked":["Backstab","Concentrate"],"picked":"Fluid Movement","floor":4.0},{"not_picked":["Deadly Poison","Doppelganger"],"picked":"Footwork","floor":5.0},{"not_picked":["ReplayTheSpireMod:Shiv Toss","Hidden Blade"],"picked":"Quick Slash","floor":7},{"not_picked":["Masterful Stab","Escape Plan"],"picked":"Noxious Fumes","floor":10},{"not_picked":["Crippling Poison","Finisher"],"picked":"Deflect","floor":14},{"not_picked":["Atom Bomb","Grand Finale"],"picked":"Wraith Form v2","floor":16},{"not_picked":["Outmaneuver"],"picked":"SKIP","floor":18},{"not_picked":["ReplayTheSpireMod:Tripwire"],"picked":"SKIP","floor":19},{"not_picked":["Dagger Spray"],"picked":"SKIP","floor":20},{"not_picked":["Eviscerate"],"picked":"SKIP","floor":21},{"not_picked":[],"picked":"Slice","floor":25}],"player_experience":944350,"relics_obtained":[{"floor":7,"key":"infinitespire:WardingShard"},{"floor":9,"key":"Divine Protection"},{"floor":10,"key":"White Beast Statue"},{"floor":14,"key":"Replay:Mystery Machine"},{"floor":26,"key":"Oddly Smooth Stone"}],"event_choices":[{"damage_healed":0.0,"max_hp_gain":0.0,"max_hp_loss":0.0,"gold_gain":0.0,"event_name":"WeMeetAgain","player_choice":"Ignored","floor":2.0,"gold_loss":0.0,"damage_taken":0.0},{"cards_removed":["Strike_G"],"damage_healed":0,"gold_gain":0,"player_choice":"Forget","damage_taken":0,"max_hp_gain":0,"max_hp_loss":0,"event_name":"Living Wall","floor":12,"gold_loss":0},{"damage_healed":0,"gold_gain":0,"player_choice":"Ignored","damage_taken":0,"max_hp_gain":0,"max_hp_loss":0,"event_name":"Liars Game","floor":13,"gold_loss":0}],"is_beta":false,"boss_relics":[{"not_picked":["Runic Pyramid","Astrolabe"],"picked":"Replay:Grab Bag"},{"not_picked":["Ectoplasm","infinitespire:Cupcake"],"picked":"Replay:Wanted Poster"},{"not_picked":["ChewingGum","Replay:Bronze Core"],"picked":"Busted Crown"},{"not_picked":["ReplayTheSpireMod:SealedPack","Snecko Heart"],"picked":"Pandora\u0027s Box"}],"items_purged_floors":[22,24],"is_endless":false,"potions_floor_spawned":[4,10,14,16,18,19,20,21,25],"killed_by":"Gremlin Leader","ascension_level":14}}