{"host":"0ueeacaatm8t6jyh","time":1611152915,"event":{"mods":["AchievementEnabler","BaseMod","Colored Powertips","Minty Spire (QoL Compilation)","Quick Restart","Rare Cards Sparkle","StSLib"],"gold_per_floor":[364,364,439,46,56,56,91,91,91,91,421,451,468,482,482,587,587,605,605,167,181,196,196,233,233,233,96,122,151,151,171,171,278,278,303,54,54,67,95,123,123,164,189,207,227,252,100,126,126,126,126,126,1,27,27,27],"floor_reached":55,"language":"ZHS","playtime":2962,"items_purged":["Defend_G","Strike_G","Strike_G"],"score":1267,"play_id":"e080dfdb-f255-4856-97e2-c613c805073a","local_time":"20210120222835","is_ascension_mode":true,"campfire_choices":[{"data":"Apotheosis","floor":6.0,"key":"SMITH"},{"floor":8.0,"key":"RECALL"},{"floor":10.0,"key":"REST"},{"floor":15.0,"key":"REST"},{"floor":23.0,"key":"REST"},{"floor":25.0,"key":"REST"},{"floor":32.0,"key":"REST"},{"data":"Venomology","floor":41.0,"key":"SMITH"},{"floor":49.0,"key":"REST"},{"floor":52.0,"key":"REST"}],"circlet_count":0,"master_deck":["Strike_G","Defend_G","Defend_G","Defend_G","Survivor","Neutralize","Prepared","Apotheosis+1","Noxious Fumes","Deadly Poison","Catalyst","Backstab","Venomology+1","Flying Knee+1","Crippling Poison+1","Dash+1","Envenom","Backflip","Footwork","Acrobatics","Tactician+1","Corpse Explosion","Riddle With Holes","Adrenaline","Burst","Bane","PiercingWail+1","Adrenaline","Reflex+1"],"relics":["Ring of the Snake","TwistedFunnel","Gremlin Horn","Bottled Lightning","Old Coin","Odd Mushroom","Astrolabe","Blood Vial","Akabeko","CeramicFish","Omamori","Enchiridion","Calling Bell","Bag of Preparation","Ninja Scroll","Bird Faced Urn","Snake Skull","Boot","Shuriken","Strawberry","PreservedInsect","Lantern","Orichalcum"],"acts_visited":["Exordium","TheCity","TheBeyond","TheEnding"],"potions_floor_usage":[55,55],"damage_taken":[{"damage":5.0,"enemies":"Cultist","floor":1.0,"turns":4.0},{"damage":0.0,"enemies":"Small Slimes","floor":5.0,"turns":4.0},{"damage":7.0,"enemies":"Gremlin Nob","floor":7.0,"turns":4.0},{"damage":12.0,"enemies":"Lagavulin","floor":11.0,"turns":7.0},{"damage":1.0,"enemies":"The Mushroom Lair","floor":12.0,"turns":3.0},{"damage":0.0,"enemies":"2 Louse","floor":13.0,"turns":2.0},{"damage":0.0,"enemies":"Blue Slaver","floor":14.0,"turns":3.0},{"damage":0.0,"enemies":"Slime Boss","floor":16.0,"turns":5.0},{"damage":1.0,"enemies":"Chosen","floor":18.0,"turns":4.0},{"damage":0.0,"enemies":"3 Byrds","floor":21.0,"turns":3.0},{"damage":12.0,"enemies":"Snake Plant","floor":22.0,"turns":4.0},{"damage":1.0,"enemies":"Gremlin Leader","floor":24.0,"turns":5.0},{"damage":1.0,"enemies":"Snecko","floor":28.0,"turns":4.0},{"damage":2.0,"enemies":"Shelled Parasite and Fungi","floor":29.0,"turns":5.0},{"damage":0.0,"enemies":"Cultist and Chosen","floor":31.0,"turns":3.0},{"damage":9.0,"enemies":"Automaton","floor":33.0,"turns":8.0},{"damage":0.0,"enemies":"3 Shapes","floor":35.0,"turns":3.0},{"damage":0.0,"enemies":"Orb Walker","floor":38.0,"turns":3.0},{"damage":6.0,"enemies":"Sphere and 2 Shapes","floor":39.0,"turns":2.0},{"damage":0.0,"enemies":"Reptomancer","floor":40.0,"turns":3.0},{"damage":0.0,"enemies":"Giant Head","floor":42.0,"turns":5.0},{"damage":0.0,"enemies":"Jaw Worm Horde","floor":44.0,"turns":3.0},{"damage":0.0,"enemies":"Maw","floor":45.0,"turns":6.0},{"damage":0.0,"enemies":"Reptomancer","floor":46.0,"turns":4.0},{"damage":0.0,"enemies":"Transient","floor":48.0,"turns":5.0},{"damage":56.0,"enemies":"Awakened One","floor":50.0,"turns":11.0},{"damage":11.0,"enemies":"Shield and Spear","floor":54.0,"turns":6.0},{"damage":78,"enemies":"The Heart","floor":55,"turns":5}],"seed_played":"2777871669999366892","potions_obtained":[{"floor":5.0,"key":"AttackPotion"},{"floor":12.0,"key":"PowerPotion"},{"floor":13.0,"key":"BlessingOfTheForge"},{"floor":14.0,"key":"Weak Potion"},{"floor":22.0,"key":"Swift Potion"},{"floor":24.0,"key":"Regen Potion"},{"floor":31.0,"key":"Energy Potion"},{"floor":35.0,"key":"Strength Potion"},{"floor":45.0,"key":"FearPotion"},{"floor":46.0,"key":"Regen Potion"}],"is_trial":false,"path_per_floor":["M","?","?","$","M","R","E","R","T","R","E","?","M","M","R","B",null,"M","?","$","M","M","R","E","R","T","$","M","M","?","M","R","B",null,"M","$","?","M","M","E","R","E","T","M","M","E","$","M","R","B",null,"R","$","E","B"],"character_chosen":"THE_SILENT","items_purchased":["TwistedFunnel","Apotheosis","Noxious Fumes","Footwork","Blood Vial","Akabeko","Corpse Explosion","Snake Skull","Lantern"],"campfire_rested":7,"item_purchase_floors":[4,4,4,20,20,20,27,36,47],"current_hp_per_floor":[58,51,40,40,40,40,33,33,33,54,42,41,41,41,62,62,68,67,67,67,69,58,70,69,70,70,70,69,68,52,59,70,61,68,70,70,70,70,66,70,70,77,77,77,77,77,77,77,77,61,73,77,77,70,0,0],"gold":27,"neow_bonus":"TWO_FIFTY_GOLD","is_daily":false,"chose_seed":false,"campfire_upgraded":2,"win_rate":0.0,"timestamp":1611152915,"path_taken":["M","?","?","$","M","R","E","R","T","R","E","?","?","M","R","BOSS","M","?","$","?","M","R","E","R","T","?","M","M","?","M","R","BOSS","M","$","?","?","M","E","R","E","T","M","M","E","$","M","R","BOSS","R","$","E","BOSS"],"items_purchased_type":["Relic","Card","Card","Card","Relic","Relic","Card","Relic","Relic"],"build_version":"2020-12-22","purchased_purges":3,"victory":false,"max_hp_per_floor":[70,70,70,70,70,70,70,70,70,70,70,70,70,70,70,70,70,70,70,70,70,70,70,70,70,70,70,70,70,70,70,70,70,70,70,70,70,70,70,70,70,77,77,77,77,77,77,77,77,77,77,77,77,77,77,77],"card_choices":[{"not_picked":["Cloak And Dagger","Sucker Punch"],"picked":"Prepared","floor":1.0},{"not_picked":["Heel Hook","Infinite Blades","Skewer"],"picked":"SKIP","floor":5.0},{"not_picked":["Calculated Gamble","Phantasmal Killer"],"picked":"Deadly Poison","floor":7.0},{"not_picked":["Cloak And Dagger","Slice","Sucker Punch"],"picked":"SKIP","floor":11.0},{"not_picked":["Sucker Punch","Reflex"],"picked":"Catalyst","floor":12.0},{"not_picked":["Blade Dance","All Out Attack"],"picked":"Backstab","floor":13.0},{"not_picked":["Outmaneuver","Flying Knee","Dodge and Roll"],"picked":"SKIP","floor":14.0},{"not_picked":["Burst","Envenom"],"picked":"Venomology","floor":16.0},{"not_picked":["Leg Sweep","Poisoned Stab","Heel Hook+1"],"picked":"SKIP","floor":18.0},{"not_picked":["Cloak And Dagger","Dagger Throw","Well Laid Plans"],"picked":"SKIP","floor":21.0},{"not_picked":["Blur","Terror"],"picked":"Acrobatics","floor":22.0},{"not_picked":["Endless Agony","Deflect"],"picked":"Tactician+1","floor":24.0},{"not_picked":["Distraction","Backflip+1"],"picked":"Riddle With Holes","floor":28.0},{"not_picked":["Blade Dance","Deadly Poison"],"picked":"Adrenaline","floor":29.0},{"not_picked":["Backstab+1","Terror+1","Flechettes"],"picked":"SKIP","floor":31.0},{"not_picked":["Die Die Die","After Image"],"picked":"Burst","floor":33.0},{"not_picked":["Acrobatics+1","Infinite Blades"],"picked":"Bane","floor":35.0},{"not_picked":["Poisoned Stab","Quick Slash+1","Skewer"],"picked":"SKIP","floor":38.0},{"not_picked":["Backflip+1","Eviscerate"],"picked":"PiercingWail+1","floor":39.0},{"not_picked":["Noxious Fumes+1","Prepared","Slice+1"],"picked":"SKIP","floor":40.0},{"not_picked":["Acrobatics+1","Deflect"],"picked":"Adrenaline","floor":42.0},{"not_picked":["Dagger Throw","Finisher+1","Backflip"],"picked":"SKIP","floor":44.0},{"not_picked":["Blur","Poisoned Stab","Dodge and Roll+1"],"picked":"SKIP","floor":45.0},{"not_picked":["Deflect+1","Concentrate","Bane+1"],"picked":"SKIP","floor":46.0},{"not_picked":["Deflect","Dodge and Roll"],"picked":"Reflex+1","floor":48.0},{"not_picked":["Outmaneuver+1","All Out Attack","Slice+1"],"picked":"SKIP","floor":54.0}],"player_experience":422851,"relics_obtained":[{"floor":7.0,"key":"Gremlin Horn"},{"floor":9.0,"key":"Bottled Lightning"},{"floor":11.0,"key":"Old Coin"},{"floor":12.0,"key":"Odd Mushroom"},{"floor":24.0,"key":"CeramicFish"},{"floor":26.0,"key":"Omamori"},{"floor":30.0,"key":"Enchiridion"},{"floor":34.0,"key":"Bag of Preparation"},{"floor":34.0,"key":"Ninja Scroll"},{"floor":34.0,"key":"Bird Faced Urn"},{"floor":40.0,"key":"Shuriken"},{"floor":42.0,"key":"Strawberry"},{"floor":46.0,"key":"PreservedInsect"},{"floor":54.0,"key":"Orichalcum"}],"event_choices":[{"cards_removed":["Regret"],"damage_healed":0.0,"max_hp_gain":0.0,"max_hp_loss":0.0,"gold_gain":0.0,"event_name":"Golden Wing","player_choice":"Card Removal","floor":2.0,"gold_loss":0.0,"damage_taken":7.0},{"damage_healed":0.0,"max_hp_gain":0.0,"max_hp_loss":0.0,"gold_gain":75.0,"event_name":"World of Goop","player_choice":"Gather Gold","floor":3.0,"gold_loss":0.0,"damage_taken":11.0},{"damage_healed":0.0,"max_hp_gain":0.0,"max_hp_loss":0.0,"gold_gain":0.0,"event_name":"Mushrooms","player_choice":"Fought Mushrooms","floor":12.0,"gold_loss":0.0,"damage_taken":0.0},{"damage_healed":0.0,"max_hp_gain":0.0,"max_hp_loss":0.0,"gold_gain":0.0,"event_name":"Match and Keep!","player_choice":"2 cards matched","floor":19.0,"gold_loss":0.0,"damage_taken":0.0,"cards_obtained":["Envenom","Backflip"]},{"damage_healed":0.0,"max_hp_gain":0.0,"max_hp_loss":0.0,"gold_gain":0.0,"event_name":"Cursed Tome","player_choice":"Obtained Book","floor":30.0,"gold_loss":0.0,"damage_taken":16.0},{"damage_healed":0.0,"max_hp_gain":0.0,"max_hp_loss":0.0,"gold_gain":0.0,"event_name":"WeMeetAgain","player_choice":"Gave Potion","floor":37.0,"gold_loss":0.0,"damage_taken":0.0,"relics_obtained":["Boot"]}],"is_beta":false,"boss_relics":[{"not_picked":["Coffee Dripper","Runic Dome"],"picked":"Astrolabe"},{"not_picked":["Fusion Hammer","Sozu"],"picked":"Calling Bell"}],"items_purged_floors":[20,36,53],"is_endless":false,"potions_floor_spawned":[5,12,13,14,22,24,31,35,45,46],"killed_by":"The Heart","ascension_level":8}}