{"host":"pf9sh7nh6rpu9sau","time":1611164484,"event":{"mods":["2.2 Compatiblity","BaseMod","BetterRewards","Clockwork Mod","Downfall","Hermit","Mad Scientist","Minty Spire (QoL Compilation)","Permanent Neow","Quick Restart","Somnambulant","StSLib","The Clintock","The Cursed","The Disciple","The Hierophant","The Necromancer","The Runesmith"],"gold_per_floor":[349,363,373,390,150,168,168,197,197,197,197,224,224,250,269,367,367,367,383,403,403,419,436,462,475,17,37,67,78,20,33,49,146,146,46,59,78,89,89,89,89,89,89,89,89,89,100,115,130,130],"floor_reached":51,"language":"ENG","playtime":2963,"items_purged":["bronze:Strike","bronze:Strike","bronze:Strike+1"],"score":1135,"play_id":"f0dd0852-2c58-4420-b53a-d194e979e539","local_time":"20210120124124","is_ascension_mode":false,"campfire_choices":[{"data":"bronze:Replicate","floor":1,"key":"SMITH"},{"data":"bronze:Optimize","floor":9,"key":"SMITH"},{"floor":11,"key":"REST"},{"data":"bronze:Spike","floor":13,"key":"SMITH"},{"floor":18,"key":"RECALL"},{"data":"bronze:HardenedForm","floor":35,"key":"SMITH"},{"data":"bronze:RecursiveStrike","floor":44,"key":"SMITH"},{"data":"bronze:Format","floor":46,"key":"SMITH"}],"circlet_count":0,"master_deck":["bronze:Defend","bronze:Defend+1","bronze:Defend","bronze:Defend+1","bronze:Replicate+1","bronze:Goto+1","bronze:ChosenStrike+1","bronze:Branch","bronze:Flail+1","bronze:Optimize+1","bronze:Spike+1","bronze:GetLatest+1","bronze:ChildClass","bronze:HardenedForm+1","bronze:FineTuning","bronze:FineTuning","bronze:DelayedGuard","bronze:BronzeOrb+1","bronze:Assembly","bronze:Iterate","bronze:RecursiveStrike+1","bronze:Format+1","bronze:ForceShield","bronze:ThunderWave","Parasite","expansioncontent:AwakenDeath","bronze:NullPointer","bronze:Optimize"],"relics":["bronze:BronzeCore","champ:Barbells","The Courier","Shuriken","Odd Mushroom","Runesmith:Nanobots","SlaversCollar","Runesmith:AutoHammer","CaptainsWheel","Whetstone","Bottled Flame","Orichalcum","Strange Spoon","Runesmith:UraniumAnvil","downfall:HeartBlessingGreen","bronze:CableSpool"],"acts_visited":["Exordium","TheCity","TheBeyond"],"potions_floor_usage":[8,12,15,16,33,33,50],"damage_taken":[{"damage":6,"enemies":"Jaw Worm","floor":2,"turns":2},{"damage":2,"enemies":"2 Louse","floor":3,"turns":2},{"damage":0,"enemies":"Small Slimes","floor":4,"turns":3},{"damage":2,"enemies":"downfall:FleeingMerchant","floor":5,"turns":4},{"damage":13,"enemies":"Exordium Thugs","floor":6,"turns":3},{"damage":11,"enemies":"Lagavulin","floor":8,"turns":5},{"damage":12,"enemies":"Lagavulin","floor":10,"turns":3},{"damage":6,"enemies":"The Mushroom Lair","floor":12,"turns":3},{"damage":11,"enemies":"Gremlin Nob","floor":14,"turns":4},{"damage":0,"enemies":"3 Louse","floor":15,"turns":1},{"damage":17,"enemies":"IC_STATUS_ARCHETYPE","floor":16,"turns":7},{"damage":2,"enemies":"Shell Parasite","floor":19,"turns":3},{"damage":10,"enemies":"Snake Plant","floor":20,"turns":3},{"damage":0,"enemies":"Chosen and Byrds","floor":22,"turns":4},{"damage":6,"enemies":"3 Cultists","floor":23,"turns":3},{"damage":3,"enemies":"Cultist and Chosen","floor":25,"turns":4},{"damage":0,"enemies":"downfall:FleeingMerchant","floor":26,"turns":4},{"damage":8,"enemies":"Shelled Parasite and Fungi","floor":27,"turns":3},{"damage":7,"enemies":"Slavers","floor":28,"turns":2},{"damage":0,"enemies":"3 Cultists","floor":29,"turns":4},{"damage":2,"enemies":"downfall:FleeingMerchant","floor":30,"turns":4},{"damage":0,"enemies":"Snecko","floor":31,"turns":1},{"damage":0,"enemies":"Cultist and Chosen","floor":32,"turns":3},{"damage":1,"enemies":"WA_ARCHETYPE_CALM","floor":33,"turns":4},{"damage":0,"enemies":"Orb Walker","floor":36,"turns":1},{"damage":5,"enemies":"3 Darklings","floor":37,"turns":5},{"damage":22,"enemies":"Writhing Mass","floor":38,"turns":3},{"damage":0,"enemies":"Sphere and 2 Shapes","floor":47,"turns":2},{"damage":0,"enemies":"3 Darklings","floor":48,"turns":2},{"damage":1,"enemies":"Maw","floor":49,"turns":6},{"damage":20,"enemies":"DF_ARCHETYPE_ORBS","floor":50,"turns":6}],"seed_played":"3488252260435158923","potions_obtained":[{"floor":4,"key":"bronze:FreeFunctionsPotion"},{"floor":6,"key":"Weak Potion"},{"floor":8,"key":"SneckoOil"},{"floor":14,"key":"SpeedPotion"},{"floor":15,"key":"EssenceOfSteel"},{"floor":16,"key":"CultistPotion"},{"floor":23,"key":"hexamod:SoulburnPotion"},{"floor":29,"key":"Dexterity Potion"},{"floor":36,"key":"sneckomod:MuddlingPotion"},{"floor":37,"key":"bronze:CleanCodePotion"}],"is_trial":false,"path_per_floor":["R","M","M","M","$","M","T","E","R","?","R","?","R","E","M","B",null,"R","M","M","?","M","M","T","M","$","M","E","M","$","M","M","B",null,"R","M","M","M","$","?","T","$","?","R","?","R","M","M","M","B",null],"character_chosen":"THE_AUTOMATON","items_purchased":["champ:Barbells","CaptainsWheel","Whetstone","bronze:Format","Orichalcum","Strange Spoon"],"campfire_rested":1,"item_purchase_floors":[5,26,26,30,30,30],"current_hp_per_floor":[63,57,55,55,53,40,40,29,29,17,35,29,29,18,18,1,63,63,61,51,51,51,45,45,42,42,34,27,27,25,25,25,24,63,63,63,58,36,36,36,36,36,36,36,36,36,36,36,35,15],"gold":130,"neow_bonus":"TWO_FIFTY_GOLD","is_daily":false,"chose_seed":false,"campfire_upgraded":6,"win_rate":0.0,"timestamp":1611164484,"path_taken":["R","M","M","M","$","M","T","E","R","?","R","?","R","E","M","BOSS","R","M","M","?","M","M","T","M","?","M","E","M","$","M","M","BOSS","R","M","M","M","$","?","T","$","?","R","?","R","M","M","M","BOSS"],"items_purchased_type":["Relic","Relic","Relic","Card","Relic","Relic"],"build_version":"2020-12-22","purchased_purges":3,"victory":true,"max_hp_per_floor":[63,63,63,63,63,63,63,63,63,63,63,63,63,63,63,63,63,63,63,63,63,63,63,63,63,63,63,63,63,63,63,63,63,63,63,63,63,63,63,63,63,63,63,63,63,63,63,63,63,63],"card_choices":[{"not_picked":["bronze:WildBeam","bronze:WhirlingStrike"],"picked":"bronze:ChosenStrike","floor":2},{"not_picked":["bronze:Philosophize","bronze:DarkDash"],"picked":"bronze:Branch","floor":3},{"not_picked":["bronze:ChosenStrike","bronze:Frontload"],"picked":"bronze:Flail","floor":4},{"not_picked":["bronze:Break","bronze:Repulsor","bronze:CutThrough"],"picked":"SKIP","floor":5},{"not_picked":["bronze:BuggyMess","bronze:OilSpill","bronze:BitShift"],"picked":"SKIP","floor":6},{"not_picked":["bronze:CleanCode","bronze:OilSpill"],"picked":"bronze:Optimize","floor":8},{"not_picked":[],"picked":"bronze:Spike","floor":10},{"not_picked":["bronze:Invalidate","bronze:WildBeam"],"picked":"bronze:Iterate","floor":10},{"not_picked":["bronze:Safeguard","bronze:ThunderWave"],"picked":"bronze:GetLatest","floor":14},{"not_picked":["bronze:OilSpill","bronze:BuggyMess"],"picked":"bronze:ChildClass","floor":15},{"not_picked":["bronze:RecursiveStrike","bronze:CleanCode"],"picked":"bronze:HardenedForm","floor":16},{"not_picked":["bronze:Safeguard","bronze:Deprecate","bronze:BitShift"],"picked":"SKIP","floor":19},{"not_picked":["bronze:ItsAFeature+1","bronze:Invalidate"],"picked":"bronze:FineTuning","floor":20},{"not_picked":["bronze:BurnOut","bronze:DelayedSlice"],"picked":"bronze:FineTuning","floor":22},{"not_picked":["bronze:WhirlingStrike","bronze:Deprecate+1","bronze:DelayedGuard"],"picked":"SKIP","floor":23},{"not_picked":["bronze:WhirlingStrike","bronze:Deprecate+1"],"picked":"bronze:DelayedGuard","floor":23},{"not_picked":["bronze:WildBeam","bronze:FineTuning"],"picked":"bronze:BronzeOrb","floor":25},{"not_picked":["bronze:Shield","bronze:Deprecate+1"],"picked":"bronze:Assembly","floor":26},{"not_picked":["bronze:Repulsor","bronze:OilSpill","bronze:BitShift"],"picked":"SKIP","floor":27},{"not_picked":["bronze:WhirlingStrike","bronze:WildBeam","bronze:Allocate"],"picked":"SKIP","floor":28},{"not_picked":["bronze:WhirlingStrike","bronze:BitShift"],"picked":"bronze:Iterate","floor":29},{"not_picked":["bronze:Overheat+1","bronze:Deprecate+1"],"picked":"bronze:RecursiveStrike","floor":30},{"not_picked":["bronze:ItsAFeature","bronze:OilSpill","bronze:WildBeam+1"],"picked":"SKIP","floor":31},{"not_picked":["bronze:ClassDefault","bronze:Return"],"picked":"bronze:ForceShield","floor":32},{"not_picked":["bronze:BurnOut","bronze:AlphaBuild"],"picked":"bronze:ThunderWave","floor":33},{"not_picked":["bronze:WhirlingStrike+1","bronze:Turbo+1","bronze:Shield"],"picked":"SKIP","floor":36},{"not_picked":["bronze:DelayedSlice","bronze:WildBeam+1","bronze:Deprecate+1"],"picked":"SKIP","floor":37},{"not_picked":["bronze:OilSpill+1","bronze:DelayedSlice","bronze:BuggyMess+1"],"picked":"SKIP","floor":38},{"not_picked":["expansioncontent:LastStand","expansioncontent:GuardianWhirl"],"picked":"expansioncontent:AwakenDeath","floor":40},{"not_picked":["bronze:DelayedGuard+1","bronze:ChildClass","bronze:WhirlingStrike"],"picked":"SKIP","floor":47},{"not_picked":["bronze:Philosophize+1","bronze:BugBarrage","bronze:BuggyMess+1"],"picked":"SKIP","floor":48},{"not_picked":["bronze:ItsAFeature","bronze:Allocate+1"],"picked":"bronze:Optimize","floor":49}],"player_experience":811716,"relics_obtained":[{"floor":7,"key":"The Courier"},{"floor":8,"key":"Shuriken"},{"floor":12,"key":"Odd Mushroom"},{"floor":14,"key":"Runesmith:Nanobots"},{"floor":24,"key":"Runesmith:AutoHammer"},{"floor":28,"key":"Bottled Flame"},{"floor":41,"key":"bronze:CableSpool"}],"event_choices":[{"damage_healed":0,"gold_gain":0,"player_choice":"Fought Mushrooms","damage_taken":0,"max_hp_gain":0,"max_hp_loss":0,"event_name":"Mushrooms","floor":12,"gold_loss":0},{"cards_removed":["bronze:Iterate"],"damage_healed":0,"gold_gain":0,"player_choice":"Removed Attack","damage_taken":0,"max_hp_gain":0,"max_hp_loss":0,"event_name":"Falling","floor":43,"gold_loss":0}],"is_beta":false,"boss_relics":[{"not_picked":["Pandora\u0027s Box","Black Star"],"picked":"SlaversCollar"},{"not_picked":["Tiny House","bronze:MakeshiftBattery"],"picked":"Runesmith:UraniumAnvil"}],"items_purged_floors":[5,26,30],"is_endless":false,"potions_floor_spawned":[4,6,8,14,15,16,23,27,29,31,32,36,37,47,49],"ascension_level":0}}