{"host":"refsn2q8at3dn95k","time":1611172753,"event":{"mods":["BaseMod","Hubris","Infinite Spire","Minty Spire (QoL Compilation)","Replay The Spire","StSLib","The Jungle"],"gold_per_floor":[115,130,130,130,150,185,205,297,297,297,297],"floor_reached":10,"language":"ENG","playtime":1542,"items_purged":[],"score":71,"play_id":"70c37c93-c621-452c-b3a1-48c2fe0261ff","local_time":"20210120135913","is_ascension_mode":true,"campfire_choices":[],"circlet_count":0,"master_deck":["Strike_R","Strike_R","Strike_R","Strike_R","Strike_R","Defend_R","Defend_R","Defend_R","Defend_R","Bash","Defend_P","infinitespire:Fortify","Heavy Blade","Rage"],"relics":["Burning Blood","Replay:Kaleidoscope","Replay:Bottled Flurry","Singing Bowl"],"acts_visited":["Exordium"],"potions_floor_usage":[6,6,10],"damage_taken":[{"damage":2,"enemies":"Small Slimes","floor":1,"turns":5},{"damage":1,"enemies":"Cultist","floor":2,"turns":4},{"damage":1,"enemies":"Jaw Worm","floor":5,"turns":4},{"damage":18,"enemies":"Lagavulin","floor":6,"turns":7},{"damage":23,"enemies":"Large Slime","floor":7,"turns":7},{"damage":40,"enemies":"3 Sentries","floor":10,"turns":6}],"seed_played":"-4353624133090653330","potions_obtained":[{"floor":2,"key":"SteroidPotion"},{"floor":5,"key":"SteroidPotion"},{"floor":7,"key":"LiquidBronze"}],"is_trial":false,"path_per_floor":["M","M","?","?","M","E","M","?","T","E"],"character_chosen":"IRONCLAD","items_purchased":[],"campfire_rested":0,"item_purchase_floors":[],"current_hp_per_floor":[80,80,60,60,65,53,36,36,36,0,0],"gold":297,"neow_bonus":"ONE_RARE_RELIC","is_daily":false,"chose_seed":false,"campfire_upgraded":0,"win_rate":0.0,"timestamp":1611172753,"path_taken":["M","M","?","?","M","E","?","?","T","E"],"items_purchased_type":[],"build_version":"2020-12-22","purchased_purges":0,"victory":false,"max_hp_per_floor":[80,80,80,80,80,80,80,80,80,80,80],"card_choices":[{"not_picked":["Havoc","Massacre","hubris:ReadiedAction"],"picked":"SKIP","floor":1},{"not_picked":["Warcry","Thunderclap","Flex"],"picked":"SKIP","floor":2},{"not_picked":["infinitespire:Menacing","infinitespire:Punishment"],"picked":"infinitespire:Fortify","floor":3},{"not_picked":["Sever Soul","Armaments","Iron Wave"],"picked":"SKIP","floor":5},{"not_picked":["Feel No Pain","Warcry"],"picked":"Heavy Blade","floor":6},{"not_picked":["Cleave","Anger","hubris:CleavingFinish"],"picked":"SKIP","floor":7},{"not_picked":["Wild Strike","Run Through"],"picked":"Rage","floor":8}],"player_experience":1678476,"relics_obtained":[{"floor":6,"key":"Replay:Bottled Flurry"},{"floor":9,"key":"Singing Bowl"}],"event_choices":[{"cards_removed":["Defend_R"],"damage_healed":0,"gold_gain":0,"player_choice":"Purged","damage_taken":0,"max_hp_gain":0,"max_hp_loss":0,"event_name":"Purifier","floor":4,"gold_loss":0}],"is_beta":false,"boss_relics":[],"items_purged_floors":[],"is_endless":false,"potions_floor_spawned":[2,5,7],"killed_by":"3 Sentries","ascension_level":1}}