{"host":"ebj6lkgm8suah319","time":1611111943,"event":{"mods":["2.2 Compatiblity","AchievementEnabler","BaseMod","Block Reminder","Colored Map","Colored Powertips","Minty Spire (QoL Compilation)","Quick Restart","Rare Cards Sparkle","Relic Stats","SuperFastMode"],"gold_per_floor":[56,56,97,152,152,152,6,6,56,72,138,138,204,268,268,382,382,476,476,526,589,68,151,151,195,195,195,261,327,327,366,366,456,456,470,803,803,848,137,188,227,227,227,264,291,355,59,110,110,110],"floor_reached":51,"language":"ENG","playtime":2184,"items_purged":["Strike_R","Strike_R"],"score":1437,"play_id":"e55c14ea-54ca-4d8f-9040-d8e7740a32be","local_time":"20210119220543","is_ascension_mode":true,"campfire_choices":[{"data":"HandOfGreed","floor":6.0,"key":"SMITH"},{"data":"Bash","floor":8.0,"key":"SMITH"},{"data":"True Grit","floor":12.0,"key":"SMITH"},{"data":"Disarm","floor":15.0,"key":"SMITH"},{"floor":24.0,"key":"REST"},{"floor":27.0,"key":"REST"},{"data":"Dual Wield","floor":32.0,"key":"SMITH"},{"data":"Feel No Pain","floor":42.0,"key":"SMITH"},{"data":"Battle Trance","floor":49.0,"key":"SMITH"}],"circlet_count":0,"master_deck":["AscendersBane","Strike_R","Strike_R","Strike_R","Defend_R","Defend_R","Defend_R","Defend_R","Bash+1","HandOfGreed+1","Shrug It Off","Twin Strike","True Grit+1","Dropkick","Disarm+1","Dual Wield+1","Reaper","Havoc","Feel No Pain+1","Whirlwind","Flame Barrier","Feel No Pain+1","Dual Wield+1","Corruption+1","Dual Wield","Demon Form+1","Shrug It Off","Feel No Pain+1","Inflame+1","Offering","Rupture+1","Battle Trance+1","Dual Wield+1"],"relics":["Burning Blood","Bag of Preparation","Orichalcum","Pen Nib","Philosopher\u0027s Stone","Letter Opener","Happy Flower","Torii","Frozen Egg 2","Red Mask","Pear","Coffee Dripper","Strawberry","HandDrill","Omamori","Anchor","Bottled Tornado","Regal Pillow","Bronze Scales","DollysMirror","Bottled Lightning"],"acts_visited":["Exordium","TheCity","TheBeyond"],"potions_floor_usage":[50,50],"damage_taken":[{"damage":2.0,"enemies":"2 Louse","floor":1.0,"turns":4.0},{"damage":0.0,"enemies":"Cultist","floor":3.0,"turns":3.0},{"damage":0.0,"enemies":"Small Slimes","floor":4.0,"turns":5.0},{"damage":1.0,"enemies":"Looter","floor":10.0,"turns":4.0},{"damage":30.0,"enemies":"Lagavulin","floor":11.0,"turns":6.0},{"damage":1.0,"enemies":"2 Fungi Beasts","floor":13.0,"turns":4.0},{"damage":0.0,"enemies":"Large Slime","floor":14.0,"turns":6.0},{"damage":7.0,"enemies":"The Guardian","floor":16.0,"turns":10.0},{"damage":31.0,"enemies":"3 Byrds","floor":18.0,"turns":8.0},{"damage":28.0,"enemies":"Shell Parasite","floor":20.0,"turns":10.0},{"damage":16.0,"enemies":"Centurion and Healer","floor":21.0,"turns":10.0},{"damage":23.0,"enemies":"Slavers","floor":23.0,"turns":6.0},{"damage":26.0,"enemies":"Book of Stabbing","floor":25.0,"turns":4.0},{"damage":24.0,"enemies":"Masked Bandits","floor":28.0,"turns":5.0},{"damage":21.0,"enemies":"Slavers","floor":29.0,"turns":8.0},{"damage":0.0,"enemies":"Shelled Parasite and Fungi","floor":31.0,"turns":6.0},{"damage":81.0,"enemies":"Champ","floor":33.0,"turns":19.0},{"damage":0.0,"enemies":"Orb Walker","floor":35.0,"turns":3.0},{"damage":46.0,"enemies":"3 Darklings","floor":38.0,"turns":9.0},{"damage":48.0,"enemies":"Reptomancer","floor":40.0,"turns":6.0},{"damage":6.0,"enemies":"4 Shapes","floor":41.0,"turns":11.0},{"damage":0.0,"enemies":"Writhing Mass","floor":44.0,"turns":7.0},{"damage":70.0,"enemies":"Nemesis","floor":45.0,"turns":11.0},{"damage":12.0,"enemies":"Jaw Worm Horde","floor":46.0,"turns":6.0},{"damage":0.0,"enemies":"Giant Head","floor":48.0,"turns":8.0},{"damage":34,"enemies":"Time Eater","floor":50,"turns":11}],"seed_played":"-7279015198675399644","potions_obtained":[{"floor":1.0,"key":"Ancient Potion"},{"floor":3.0,"key":"PowerPotion"},{"floor":13.0,"key":"CultistPotion"},{"floor":16.0,"key":"Energy Potion"},{"floor":20.0,"key":"ColorlessPotion"},{"floor":23.0,"key":"PowerPotion"},{"floor":28.0,"key":"Weak Potion"},{"floor":29.0,"key":"LiquidMemories"},{"floor":33.0,"key":"AttackPotion"},{"floor":40.0,"key":"SpeedPotion"}],"is_trial":false,"path_per_floor":["M","?","M","M","?","R","$","R","T","M","E","R","M","M","R","B",null,"M","?","M","M","$","E","R","E","T","R","?","E","?","M","R","B",null,"M","?","?","M","$","E","M","R","T","M","E","M","$","E","R","B",null],"character_chosen":"IRONCLAD","items_purchased":["Bag of Preparation","Feel No Pain","Letter Opener","Whirlwind","LiquidMemories","Strawberry","Inflame+1","Offering","HandDrill","Omamori","Bronze Scales","DollysMirror"],"campfire_rested":2,"item_purchase_floors":[7,22,22,22,22,39,39,39,39,39,47,47],"current_hp_per_floor":[76,56,62,68,68,68,68,68,68,73,49,49,54,60,60,59,75,55,55,42,44,44,31,55,35,35,59,46,41,41,62,62,37,77,87,87,87,90,97,55,82,82,82,96,65,97,97,97,97,97],"gold":110,"neow_bonus":"RANDOM_COLORLESS_2","is_daily":false,"chose_seed":false,"campfire_upgraded":7,"win_rate":0.0,"timestamp":1611111943,"path_taken":["M","?","M","M","?","R","$","R","T","?","E","R","M","M","R","BOSS","M","?","M","M","$","E","R","E","T","R","?","E","?","M","R","BOSS","M","?","?","M","$","E","M","R","T","M","E","M","$","E","R","BOSS"],"items_purchased_type":["Relic","Card","Relic","Card","Potion","Relic","Card","Card","Relic","Relic","Relic","Relic"],"build_version":"2020-12-22","purchased_purges":2,"victory":true,"max_hp_per_floor":[80,80,80,80,80,80,80,80,80,80,80,80,80,80,80,80,80,80,80,80,80,80,80,80,80,80,80,80,90,90,90,90,90,90,90,90,90,90,97,97,97,97,97,97,97,97,97,97,97,97],"relic_stats":{"Regal Pillow":0,"Happy Flower":[38],"Torii":29,"counters":[26,190],"Bronze Scales":[72],"Pen Nib":[25],"Bag of Preparation":[46],"HandDrill":[22],"Letter Opener":[147],"Orichalcum":[234],"obtain_stats":[{"Regal Pillow":45,"Pear":29,"Happy Flower":23,"Torii":25,"Golden Idol":2,"Pen Nib":11,"Bag of Preparation":7,"Omamori":39,"Letter Opener":22,"Orichalcum":9,"Frozen Egg 2":26,"Bottled Tornado":43,"Burning Blood":0,"Anchor":40,"DollysMirror":47,"Strawberry":39,"Bronze Scales":47,"Philosopher\u0027s Stone":17,"Red Mask":28,"Coffee Dripper":34,"HandDrill":39,"Bottled Lightning":48},{"Regal Pillow":23,"Pear":15,"Happy Flower":12,"Torii":13,"Golden Idol":1,"Pen Nib":5,"Bag of Preparation":3,"Omamori":19,"Letter Opener":11,"Orichalcum":3,"Frozen Egg 2":13,"Bottled Tornado":21,"Burning Blood":0,"Anchor":20,"DollysMirror":24,"Strawberry":19,"Bronze Scales":24,"Philosopher\u0027s Stone":8,"Red Mask":14,"Coffee Dripper":17,"HandDrill":19,"Bottled Lightning":25},{"Regal Pillow":165,"Pear":93,"Happy Flower":76,"Torii":80,"Golden Idol":4,"Pen Nib":22,"Bag of Preparation":12,"Omamori":130,"Letter Opener":70,"Orichalcum":12,"Frozen Egg 2":80,"Bottled Tornado":147,"Burning Blood":0,"Anchor":136,"DollysMirror":171,"Strawberry":130,"Bronze Scales":171,"Philosopher\u0027s Stone":42,"Red Mask":85,"Coffee Dripper":118,"HandDrill":130,"Bottled Lightning":179}],"Burning Blood":132},"card_choices":[{"not_picked":["Violence","Secret Technique"],"picked":"HandOfGreed","floor":0.0},{"not_picked":["Carnage","Inflame"],"picked":"Shrug It Off","floor":1.0},{"not_picked":["Clash","Perfected Strike","Dark Embrace"],"picked":"SKIP","floor":3.0},{"not_picked":["Havoc","Wild Strike"],"picked":"Twin Strike","floor":4.0},{"not_picked":["Perfected Strike","Thunderclap"],"picked":"True Grit","floor":10.0},{"not_picked":["Wild Strike","Twin Strike"],"picked":"Dropkick","floor":11.0},{"not_picked":["Anger","Infernal Blade"],"picked":"Disarm","floor":13.0},{"not_picked":["Wild Strike","Headbutt"],"picked":"Dual Wield","floor":14.0},{"not_picked":["Double Tap","Limit Break"],"picked":"Reaper","floor":16.0},{"not_picked":["Bloodletting","Seeing Red"],"picked":"Havoc","floor":18.0},{"not_picked":["Flex+1","Warcry","Heavy Blade"],"picked":"SKIP","floor":20.0},{"not_picked":["Wild Strike","Infernal Blade","Rampage"],"picked":"SKIP","floor":21.0},{"not_picked":["Bloodletting+1","Searing Blow"],"picked":"Flame Barrier","floor":23.0},{"not_picked":["Twin Strike","Searing Blow"],"picked":"Feel No Pain+1","floor":25.0},{"not_picked":["Heavy Blade","Warcry"],"picked":"Dual Wield+1","floor":29.0},{"not_picked":["Combust+1","Thunderclap+1"],"picked":"Dual Wield","floor":31.0},{"not_picked":["Corruption+1","Juggernaut+1"],"picked":"Demon Form+1","floor":33.0},{"not_picked":["Sword Boomerang","Cleave+1"],"picked":"Shrug It Off","floor":35.0},{"not_picked":["Havoc+1","Sword Boomerang+1","Ghostly Armor+1"],"picked":"SKIP","floor":38.0},{"not_picked":["Perfected Strike+1","Clothesline+1"],"picked":"Rupture+1","floor":40.0},{"not_picked":["Havoc+1","Hemokinesis+1"],"picked":"Battle Trance","floor":41.0},{"not_picked":["Thunderclap","Dropkick","Wild Strike"],"picked":"SKIP","floor":44.0},{"not_picked":["Whirlwind","Double Tap","Rampage"],"picked":"SKIP","floor":45.0},{"not_picked":["Sever Soul+1","Iron Wave+1","Warcry"],"picked":"SKIP","floor":46.0},{"not_picked":["Thunderclap","Anger+1","Body Slam+1"],"picked":"SKIP","floor":48.0}],"player_experience":39744,"relics_obtained":[{"floor":9.0,"key":"Orichalcum"},{"floor":11.0,"key":"Pen Nib"},{"floor":23.0,"key":"Happy Flower"},{"floor":25.0,"key":"Torii"},{"floor":26.0,"key":"Frozen Egg 2"},{"floor":28.0,"key":"Red Mask"},{"floor":29.0,"key":"Pear"},{"floor":40.0,"key":"Anchor"},{"floor":43.0,"key":"Bottled Tornado"},{"floor":45.0,"key":"Regal Pillow"},{"floor":48.0,"key":"Bottled Lightning"}],"event_choices":[{"damage_healed":0.0,"max_hp_gain":0.0,"max_hp_loss":0.0,"gold_gain":0.0,"event_name":"Golden Idol","player_choice":"Take Damage","floor":2.0,"gold_loss":0.0,"damage_taken":20.0,"relics_obtained":["Golden Idol"]},{"damage_healed":0.0,"max_hp_gain":0.0,"max_hp_loss":0.0,"gold_gain":0.0,"event_name":"Match and Keep!","player_choice":"0 cards matched","floor":5.0,"gold_loss":0.0,"damage_taken":0.0,"cards_obtained":[]},{"damage_healed":0.0,"max_hp_gain":0.0,"max_hp_loss":0.0,"gold_gain":0.0,"event_name":"Ghosts","player_choice":"Ignored","floor":19.0,"gold_loss":0.0,"damage_taken":0.0},{"damage_healed":0.0,"max_hp_gain":0.0,"max_hp_loss":0.0,"gold_gain":0.0,"event_name":"Masked Bandits","player_choice":"Fought Bandits","floor":28.0,"gold_loss":0.0,"damage_taken":0.0},{"damage_healed":0.0,"max_hp_gain":0.0,"max_hp_loss":0.0,"gold_gain":0.0,"event_name":"The Library","player_choice":"Read","floor":30.0,"gold_loss":0.0,"damage_taken":0.0,"cards_obtained":["Corruption"]},{"damage_healed":0.0,"max_hp_gain":0.0,"max_hp_loss":0.0,"gold_gain":333.0,"event_name":"The Moai Head","player_choice":"Gave Idol","floor":36.0,"relics_lost":["Golden Idol"],"gold_loss":0.0,"damage_taken":0.0},{"damage_healed":0.0,"max_hp_gain":0.0,"max_hp_loss":0.0,"gold_gain":0.0,"event_name":"Duplicator","player_choice":"Copied","floor":37.0,"gold_loss":0.0,"damage_taken":0.0,"cards_obtained":["Feel No Pain"]}],"is_beta":false,"boss_relics":[{"not_picked":["Busted Crown","Astrolabe"],"picked":"Philosopher\u0027s Stone"},{"not_picked":["Snecko Eye","Velvet Choker"],"picked":"Coffee Dripper"}],"items_purged_floors":[22,39],"is_endless":false,"potions_floor_spawned":[1,3,13,16,20,23,28,29,33,35,40,44,45,46],"ascension_level":13}}