{"host":"s41rn2jhghpwfrvz","time":1611119450,"event":{"mods":["BaseMod","Minty Spire (QoL Compilation)","Quick Restart","Relic Stats","SuperFastMode"],"gold_per_floor":[112,37,47,47,122,153,153,168,168,181,121,139,149,168,168,168,168],"floor_reached":16,"language":"ENG","playtime":329,"items_purged":["Defend_P"],"score":258,"play_id":"452e08e1-6c51-45a5-bc0a-87cb85aaf8f2","local_time":"20210120071050","is_ascension_mode":true,"campfire_choices":[{"data":"Eruption","floor":7,"key":"SMITH"},{"data":"Sanctity","floor":15,"key":"SMITH"}],"circlet_count":0,"master_deck":["AscendersBane","Strike_P","Strike_P","Strike_P","Defend_P","Defend_P","Defend_P","Eruption+1","Vigilance","Sanctity+1"],"relics":["PureWater","NeowsBlessing","StrikeDummy","The Courier"],"acts_visited":["Exordium"],"potions_floor_usage":[16],"damage_taken":[{"damage":0,"enemies":"2 Louse","floor":1,"turns":1},{"damage":0,"enemies":"Small Slimes","floor":3,"turns":1},{"damage":0,"enemies":"Lagavulin","floor":6,"turns":1},{"damage":0,"enemies":"Jaw Worm","floor":8,"turns":3},{"damage":0,"enemies":"Gremlin Gang","floor":10,"turns":5},{"damage":16,"enemies":"Blue Slaver","floor":12,"turns":4},{"damage":0,"enemies":"3 Louse","floor":13,"turns":2},{"damage":9,"enemies":"Exordium Wildlife","floor":14,"turns":4},{"damage":37,"enemies":"The Guardian","floor":16,"turns":11}],"seed_played":"7873898289886299845","potions_obtained":[{"floor":3,"key":"SteroidPotion"},{"floor":12,"key":"StancePotion"}],"is_trial":false,"path_per_floor":["M","?","M","?","?","E","R","M","T","M","$","M","M","M","R","B"],"character_chosen":"WATCHER","items_purchased":[],"campfire_rested":0,"item_purchase_floors":[],"current_hp_per_floor":[61,61,61,66,55,55,55,55,55,55,55,39,39,30,30,0,0],"gold":168,"neow_bonus":"THREE_ENEMY_KILL","is_daily":false,"chose_seed":false,"campfire_upgraded":2,"win_rate":0.0,"timestamp":1611119450,"path_taken":["M","?","M","?","?","E","R","M","T","M","?","M","M","M","R","BOSS"],"items_purchased_type":[],"build_version":"2020-12-22","purchased_purges":1,"victory":false,"max_hp_per_floor":[68,68,68,73,73,73,73,73,73,73,73,73,73,73,73,73,73],"relic_stats":{"counters":[9,32],"obtain_stats":[{"NeowsBlessing":0,"The Courier":9,"PureWater":0,"StrikeDummy":6},{"NeowsBlessing":0,"The Courier":4,"PureWater":0,"StrikeDummy":3},{"NeowsBlessing":0,"The Courier":6,"PureWater":0,"StrikeDummy":3}]},"card_choices":[{"not_picked":["FlyingSleeves","Collect","SashWhip"],"picked":"SKIP","floor":1},{"not_picked":["Wireheading","LikeWater","ClearTheMind"],"picked":"SKIP","floor":3},{"not_picked":["ReachHeaven","WreathOfFlame","SpiritShield"],"picked":"SKIP","floor":6},{"not_picked":["Evaluate","EmptyBody","Halt"],"picked":"SKIP","floor":8},{"not_picked":["PathToVictory","SashWhip","FlyingSleeves"],"picked":"SKIP","floor":10},{"not_picked":["SashWhip","DeceiveReality","DevaForm"],"picked":"SKIP","floor":12},{"not_picked":["Crescendo","FlurryOfBlows","ReachHeaven"],"picked":"SKIP","floor":13},{"not_picked":["SignatureMove","Fasting2"],"picked":"Sanctity","floor":14}],"player_experience":1812227,"relics_obtained":[{"floor":6,"key":"StrikeDummy"},{"floor":9,"key":"The Courier"}],"event_choices":[{"cards_removed":["Strike_P"],"damage_healed":0,"gold_gain":0,"player_choice":"Card Removal","damage_taken":0,"max_hp_gain":0,"max_hp_loss":0,"event_name":"The Cleric","floor":2,"gold_loss":75},{"damage_healed":0,"gold_gain":0,"player_choice":"Donut","damage_taken":0,"max_hp_gain":5,"max_hp_loss":0,"event_name":"Big Fish","floor":4,"gold_loss":0},{"damage_healed":0,"gold_gain":75,"player_choice":"Gather Gold","damage_taken":11,"max_hp_gain":0,"max_hp_loss":0,"event_name":"World of Goop","floor":5,"gold_loss":0}],"is_beta":false,"boss_relics":[],"items_purged_floors":[11],"is_endless":false,"potions_floor_spawned":[3,12,13],"killed_by":"The Guardian","ascension_level":20}}