{"host":"h51tltv0izczgxti","time":1611182114,"event":{"mods":["2.2 Compatiblity","AchievementEnabler","Act Like it!","Aspiration","BaseMod","Beaked The Cultist","Better Altar","Better Match","Better Note","Better Sensory Stone","Better Skull","Better Third Choice","Better Vampires","BetterRewards","Clockwork Mod","Gensokyo","Halation","Hallownest","Hermit","HololiveMod","Hubris","Infinite Spire","Koishi","Mad Scientist","Magitek Elite","Marisa????????","Melee Mod","Minty Spire (QoL Compilation)","Pale of the Ancients","Poor People Problems","Prisma Mod","Random Character Button","Remilia??????","Replay The Spire","Retaliation","Robot Space Explorer","Shade Mod","Spicy Shops","Spire Arcade","StS++","StSLib","Strawberry Spire","The Animator","The Bug Knight","The Gatherer","The Kombatant","The Poker Player","The Servant 0.9.4","The Wild Card","TheBandit","WarShipGirlsR/????R mod","Yuyuko"],"gold_per_floor":[115,134,6,6,6,6,33,33,81,81,95,95,110,136,136,238,238,257,328,348,348,348,348,378,378,404,430,448,31,48,63,63,158,158,173,48,68,68,88,123,123,123,123,138,152,185,185,203,203,203,203,203,51,81,81,81],"floor_reached":55,"language":"ENG","playtime":4956,"items_purged":["Strike_R","Strike_R","Catalyst","Choke","Defend_R+1"],"score":1155,"play_id":"a5b940b9-496e-43d4-a1ee-4895c61cc575","local_time":"20210120163514","is_ascension_mode":true,"campfire_choices":[{"data":"Pommel Strike","floor":6,"key":"SMITH"},{"floor":8,"key":"REST"},{"data":"Iron Wave","floor":10,"key":"SMITH"},{"data":"Pommel Strike","floor":12,"key":"SMITH"},{"floor":15,"key":"REST"},{"data":"Flame Barrier","floor":23,"key":"SMITH"},{"data":"StarChef","floor":25,"key":"SMITH"},{"data":"Collapse","floor":32,"key":"SMITH"},{"floor":41,"key":"REST"},{"data":"DDmod:EasePowerCard","floor":47,"key":"SMITH"},{"floor":49,"key":"RECALL"},{"floor":52,"key":"REST"}],"circlet_count":0,"master_deck":["Defend_R+1","Defend_R+1","Defend_R+1","DDmod:PokeAttack","Iron Wave+1","Pommel Strike+1","Flame Barrier+1","Pommel Strike+1","DDmod:SpikedSkill","Comet","Quick Slash","StarChef+1","Collapse+1","Defy+1","Defy","DDmod:EasePowerCard+1","Cleave","Disarm+1","Thunderclap+1","Rearm+1","ShiftingGears+1","Luminosity+1","Alleviate+1","Power Through+1","Rewind","Clothesline","Foresight","Berserk","Ricochet"],"relics":["Burning Blood","aspiration:Nostalgia","Clockwork:MomentumEngine","infinitespire:Lucky Rock","Strawberry","ReplayTheSpireMod:Ninjato","aspiration:ServantSkillbook","Replay:Bottled Eggs","InkBottle","ScarletDevilRocket","Orichalcum","InkBottle","Lizard Tail","Genji_Glove","Ooze Armor","Gremlin Food","Toolbox","strawberrySpire:Dictionifier","Nunchaku","Orrery","Happy Flower"],"acts_visited":["Exordium","TheCity","TheBeyond","TheEnding"],"potions_floor_usage":[14,27,33,50,50,55],"damage_taken":[{"damage":10,"enemies":"2 Louse","floor":1,"turns":4},{"damage":14,"enemies":"Jaw Worm","floor":2,"turns":6},{"damage":32,"enemies":"Gremlin Nob","floor":7,"turns":4},{"damage":0,"enemies":"Cultist","floor":11,"turns":4},{"damage":0,"enemies":"2 Fungi Beasts","floor":13,"turns":5},{"damage":44,"enemies":"Lagavulin","floor":14,"turns":8},{"damage":57,"enemies":"Slime Boss","floor":16,"turns":12},{"damage":0,"enemies":"Spheric Guardian","floor":18,"turns":4},{"damage":0,"enemies":"Shell Parasite","floor":20,"turns":4},{"damage":0,"enemies":"Replay:Snechameleon","floor":24,"turns":6},{"damage":2,"enemies":"Gremlin Leader","floor":27,"turns":9},{"damage":0,"enemies":"Snake Plant","floor":28,"turns":5},{"damage":2,"enemies":"Centurion and Healer","floor":30,"turns":6},{"damage":5,"enemies":"3 Cultists","floor":31,"turns":5},{"damage":3,"enemies":"Collector","floor":33,"turns":8},{"damage":38,"enemies":"3 Darklings","floor":35,"turns":4},{"damage":4,"enemies":"3 Shapes","floor":37,"turns":5},{"damage":36,"enemies":"Transient","floor":39,"turns":5},{"damage":114,"enemies":"Reptomancer","floor":40,"turns":10},{"damage":0,"enemies":"Sphere and 2 Shapes","floor":44,"turns":5},{"damage":0,"enemies":"Spire Growth","floor":45,"turns":3},{"damage":2,"enemies":"Giant Head","floor":46,"turns":6},{"damage":7,"enemies":"4 Shapes","floor":48,"turns":5},{"damage":0,"enemies":"Time Eater","floor":50,"turns":7},{"damage":86,"enemies":"Shield and Spear","floor":54,"turns":9},{"damage":23,"enemies":"The Heart","floor":55,"turns":3}],"seed_played":"4641985970047646062","potions_obtained":[{"floor":13,"key":"AttackPotion"},{"floor":16,"key":"Strength Potion"},{"floor":24,"key":"SpeedPotion"},{"floor":30,"key":"Dexterity Potion"},{"floor":33,"key":"FearPotion"},{"floor":39,"key":"Weak Potion"},{"floor":54,"key":"Block Potion"}],"is_trial":false,"path_per_floor":["M","M","$","?","?","R","E","R","T","R","M","R","M","E","R","B",null,"M","T","M","AVR","?","R","E","R","T","E","M","$","M","M","R","B",null,"M","$","M","?","M","E","R","AVR","T","M","M","E","R","M","R","B",null,"R","$","E","B"],"character_chosen":"IRONCLAD","items_purchased":["Pommel Strike","Lizard Tail","Defy","DDmod:EasePowerCard","Genji_Glove","Orrery"],"campfire_rested":4,"item_purchase_floors":[3,29,29,29,29,53],"current_hp_per_floor":[68,60,60,53,53,53,27,51,58,58,64,64,70,36,62,11,68,74,74,80,80,80,80,86,86,86,87,87,87,87,87,87,87,87,57,57,64,64,34,8,34,34,34,48,54,62,62,63,63,71,83,87,87,17,0,0],"gold":81,"neow_bonus":"NOSTALGIA","is_daily":false,"chose_seed":false,"campfire_upgraded":7,"win_rate":0.0,"timestamp":1611182114,"path_taken":["M","M","$","?","?","R","E","R","T","R","M","R","M","E","R","BOSS","M","?","M","AVR","?","R","E","R","T","E","M","$","M","M","R","BOSS","M","$","M","?","M","E","R","AVR","T","M","M","E","R","M","R","BOSS","R","$","E","BOSS"],"items_purchased_type":["Card","Relic","Card","Card","Relic","Relic"],"build_version":"2020-12-22","purchased_purges":5,"victory":false,"max_hp_per_floor":[80,80,80,80,80,80,80,80,87,87,87,87,87,87,87,87,87,87,87,87,87,87,87,87,87,87,87,87,87,87,87,87,87,87,87,87,87,87,87,87,87,87,87,87,87,87,87,87,87,87,87,87,87,87,87,87],"card_choices":[{"not_picked":["Disarm","Clash"],"picked":"DDmod:PokeAttack","floor":1},{"not_picked":["Flex","Power Through"],"picked":"Iron Wave","floor":2},{"not_picked":["Sentinel","Dual Wield"],"picked":"Flame Barrier","floor":7},{"not_picked":["Rupture","Power Through","Pommel Strike"],"picked":"SKIP","floor":11},{"not_picked":["Rupture","Power Through"],"picked":"Pommel Strike","floor":11},{"not_picked":["Burning Pact","Body Slam","Twin Strike"],"picked":"SKIP","floor":13},{"not_picked":["Evolve","Anger","Flame Barrier"],"picked":"SKIP","floor":14},{"not_picked":["Ricochet","Cleave+1","Perfected Strike+1"],"picked":"DDmod:SpikedSkill","floor":18},{"not_picked":["Feel No Pain","DDmod:ScaleUpSkill","StSpp:TheBiggerTheyAre+1"],"picked":"Comet","floor":20},{"not_picked":["DDmod:SpikedSkill+1","Uppercut","Reckless Charge"],"picked":"StarChef","floor":24},{"not_picked":["Heavy Blade","StarChef","StSpp:Betrayal","Second Wind"],"picked":"SKIP","floor":27},{"not_picked":["DDmod:CallousedSkill","StSpp:Sprint","DoubleEdge"],"picked":"Collapse","floor":28},{"not_picked":["True Grit","DDmod:SpikedSkill","Dropkick","DoubleEdge+1"],"picked":"SKIP","floor":30},{"not_picked":["True Grit+1","Shrug It Off","KillingDoll"],"picked":"Cleave","floor":31},{"not_picked":["DDmod:UnstoppableAttack+1","DDmod:SpikedSkill+1","Starlight+1"],"picked":"Disarm+1","floor":35},{"not_picked":["hubris:CleavingFinish+1","SpecialFormula","StSpp:Sprint","Rewind+1"],"picked":"SKIP","floor":37},{"not_picked":["DDmod:EasePowerCard+1","Havoc+1","DDmod:RechargeSkill","Shuttle"],"picked":"SKIP","floor":39},{"not_picked":["Deadline","WasteNot+1","Anger"],"picked":"Thunderclap+1","floor":40},{"not_picked":["Thunderclap","Solidify","FastForward+1"],"picked":"Rearm","floor":44},{"not_picked":["Twin Strike+1","Ricochet+1","Dual Wield"],"picked":"ShiftingGears+1","floor":45},{"not_picked":["DDmod:PokeAttack","Replace+1","Sword Boomerang"],"picked":"Luminosity+1","floor":46},{"not_picked":["ShatteredReality+1","Combust+1","Read+1"],"picked":"Alleviate+1","floor":48},{"not_picked":["Armaments+1","Replace+1","InstantArmor"],"picked":"Power Through+1","floor":53},{"not_picked":["Battle Trance","Pommel Strike","BottledTime+1"],"picked":"Rewind","floor":53},{"not_picked":["Twin Strike","Offering","StSpp:Sprint+1"],"picked":"Clothesline","floor":53},{"not_picked":["DDmod:CallousedSkill","Warcry","Rampage+1"],"picked":"Foresight","floor":53},{"not_picked":["Rupture+1","Carnage","Thunderclap"],"picked":"Berserk","floor":53},{"not_picked":["DDmod:GrandUltimatumAttack","Misdirection","DDmod:EasePowerCard"],"picked":"Ricochet","floor":54}],"player_experience":905610,"relics_obtained":[{"floor":7,"key":"infinitespire:Lucky Rock"},{"floor":9,"key":"Strawberry"},{"floor":14,"key":"ReplayTheSpireMod:Ninjato"},{"floor":19,"key":"Replay:Bottled Eggs"},{"floor":24,"key":"ScarletDevilRocket"},{"floor":26,"key":"Orichalcum"},{"floor":27,"key":"InkBottle"},{"floor":40,"key":"Gremlin Food"},{"floor":46,"key":"Nunchaku"},{"floor":54,"key":"Happy Flower"}],"event_choices":[{"cards_removed":["Strike_R"],"damage_healed":0,"gold_gain":0,"player_choice":"Card Removal","damage_taken":7,"max_hp_gain":0,"max_hp_loss":0,"event_name":"Golden Wing","floor":4,"gold_loss":0},{"damage_healed":0,"gold_gain":0,"cards_transformed":["Strike_R"],"player_choice":"Transformed","damage_taken":0,"max_hp_gain":0,"max_hp_loss":0,"event_name":"Transmorgrifier","floor":5,"gold_loss":0,"cards_obtained":["Limit Break"]}],"is_beta":false,"boss_relics":[{"not_picked":["halation:LoveArrow","Runic Cube"],"picked":"aspiration:ServantSkillbook"},{"not_picked":["Abe\u0027s Treasure","Ring of Chaos"],"picked":"Ooze Armor"}],"items_purged_floors":[3,21,29,36,42],"is_endless":false,"potions_floor_spawned":[13,16,24,30,31,33,39,45,48,54],"killed_by":"The Heart","ascension_level":8}}