{"host":"szp1d6dso4pv7ddl","time":1611165681,"event":{"mods":["AchievementEnabler","Alarm Clock","BaseMod","Bestiary","Block Reminder","Colored Map","Colored Powertips","Curses Come First","Dark Map","Displayed Cursed Tome","Highlight Path","Minty Spire (QoL Compilation)","Permanent Neow","Quick Restart","Relic Sorter","Relic Stats","StSLib","Synergy Search"],"gold_per_floor":[115,265,340,352,370,395,412,412,412,412,443,443,443,463,463,540,540,555,574,587,602,602,602,612,385,385,403,403,420,19,19,19,92,92,111,111,164,0,25,25,25,25,25,38,53,67,77,77,77,77,77],"floor_reached":50,"language":"ENG","playtime":2488,"items_purged":["Strike_R","Strike_R"],"score":795,"play_id":"a224d5e5-3904-4292-838c-931723e7ac4d","local_time":"20210120100121","is_ascension_mode":true,"campfire_choices":[{"floor":8.0,"key":"REST"},{"data":"Fire Breathing","floor":10.0,"key":"SMITH"},{"data":"Uppercut","floor":12.0,"key":"SMITH"},{"floor":15.0,"key":"REST"},{"data":"Double Tap","floor":23.0,"key":"SMITH"},{"data":"Battle Trance","floor":28.0,"key":"SMITH"},{"floor":32.0,"key":"REST"},{"data":"Evolve","floor":40.0,"key":"SMITH"},{"data":"Immolate","floor":42.0,"key":"SMITH"},{"floor":49.0,"key":"REST"}],"circlet_count":0,"master_deck":["AscendersBane","Strike_R","Strike_R","Strike_R","Defend_R","Defend_R","Defend_R","Defend_R","Bash","Doubt","Pommel Strike","Fire Breathing+1","Ghostly Armor","Uppercut+1","Dropkick","Offering","Iron Wave+1","Double Tap+1","Impervious","Wild Strike","Battle Trance+1","Combust+1","Iron Wave","Fire Breathing","Shrug It Off","Master of Strategy","Immolate+1","Writhe","Evolve+1","Battle Trance","Power Through+1","Ghostly Armor+1"],"relics":["Burning Blood","Kunai","Anchor","Toy Ornithopter","Question Card","Mark of Pain","Bag of Preparation","Runic Cube","Bird Faced Urn","Red Mask","StoneCalendar","Regal Pillow"],"acts_visited":["Exordium","TheCity","TheBeyond"],"potions_floor_usage":[50,50],"damage_taken":[{"damage":9.0,"enemies":"2 Louse","floor":1.0,"turns":3.0},{"damage":7.0,"enemies":"Small Slimes","floor":4.0,"turns":5.0},{"damage":18.0,"enemies":"Jaw Worm","floor":5.0,"turns":4.0},{"damage":27.0,"enemies":"Gremlin Nob","floor":6.0,"turns":4.0},{"damage":26.0,"enemies":"Large Slime","floor":7.0,"turns":7.0},{"damage":10.0,"enemies":"3 Sentries","floor":11.0,"turns":4.0},{"damage":5.0,"enemies":"3 Louse","floor":14.0,"turns":3.0},{"damage":17.0,"enemies":"Slime Boss","floor":16.0,"turns":9.0},{"damage":11.0,"enemies":"2 Thieves","floor":18.0,"turns":3.0},{"damage":8.0,"enemies":"Shell Parasite","floor":19.0,"turns":7.0},{"damage":11.0,"enemies":"Centurion and Healer","floor":20.0,"turns":6.0},{"damage":19.0,"enemies":"3 Cultists","floor":21.0,"turns":5.0},{"damage":20.0,"enemies":"Snake Plant","floor":24.0,"turns":5.0},{"damage":1.0,"enemies":"Snecko","floor":27.0,"turns":5.0},{"damage":4.0,"enemies":"Centurion and Healer","floor":29.0,"turns":4.0},{"damage":46.0,"enemies":"Automaton","floor":33.0,"turns":7.0},{"damage":1.0,"enemies":"Orb Walker","floor":35.0,"turns":3.0},{"damage":33.0,"enemies":"2 Orb Walkers","floor":37.0,"turns":3.0},{"damage":11.0,"enemies":"Mind Bloom Boss Battle","floor":39.0,"turns":4.0},{"damage":18.0,"enemies":"3 Darklings","floor":44.0,"turns":3.0},{"damage":1.0,"enemies":"4 Shapes","floor":45.0,"turns":4.0},{"damage":35.0,"enemies":"Sphere and 2 Shapes","floor":46.0,"turns":4.0},{"damage":4.0,"enemies":"Jaw Worm Horde","floor":47.0,"turns":3.0},{"damage":97,"enemies":"Awakened One","floor":50,"turns":10}],"seed_played":"3160054747215869941","potions_obtained":[{"floor":1.0,"key":"Strength Potion"},{"floor":5.0,"key":"SpeedPotion"},{"floor":11.0,"key":"SteroidPotion"},{"floor":14.0,"key":"Fire Potion"},{"floor":19.0,"key":"Block Potion"},{"floor":29.0,"key":"PowerPotion"},{"floor":33.0,"key":"ColorlessPotion"},{"floor":35.0,"key":"Strength Potion"},{"floor":47.0,"key":"PowerPotion"}],"is_trial":false,"path_per_floor":["M","?","?","M","M","E","M","R","T","R","E","R","?","M","R","B",null,"M","M","M","M","?","R","M","$","T","M","R","M","$","?","R","B",null,"M","?","?","?","?","R","?","R","T","M","M","M","M","?","R","B"],"character_chosen":"IRONCLAD","items_purchased":["Bag of Preparation","Fire Breathing","Shrug It Off","Master of Strategy"],"campfire_rested":4,"item_purchase_floors":[25,30,30,30],"current_hp_per_floor":[72,72,61,60,48,27,7,31,31,31,27,27,22,23,47,41,72,67,65,60,47,47,47,38,38,38,43,43,45,45,21,47,17,70,75,87,60,60,68,68,68,68,68,60,73,50,58,58,87,0,0],"gold":77,"neow_bonus":"TEN_PERCENT_HP_BONUS","is_daily":false,"chose_seed":false,"campfire_upgraded":6,"win_rate":0.0,"timestamp":1611165681,"path_taken":["M","?","?","M","M","E","M","R","T","R","E","R","?","M","R","BOSS","M","M","M","M","?","R","M","$","T","M","R","M","$","?","R","BOSS","M","?","?","?","?","R","?","R","T","M","M","M","?","?","R","BOSS"],"items_purchased_type":["Relic","Card","Card","Card"],"build_version":"2020-12-22","purchased_purges":2,"victory":false,"max_hp_per_floor":[82,82,82,82,82,82,82,82,82,82,82,82,82,82,82,82,82,82,82,82,82,82,82,82,82,82,82,82,82,82,87,87,87,87,87,87,87,87,87,87,87,87,87,87,87,87,87,87,87,87,87],"relic_stats":{"Regal Pillow":3,"counters":[24,115],"Bird Faced Urn":[36],"StoneCalendar":[52],"Bag of Preparation":[22],"Kunai":[21],"Question Card":18,"obtain_stats":[{"Anchor":6,"Regal Pillow":43,"Bird Faced Urn":37,"StoneCalendar":39,"Mark of Pain":17,"Bag of Preparation":25,"Red Mask":38,"Kunai":11,"Question Card":13,"Burning Blood":0,"Toy Ornithopter":9,"Runic Cube":34},{"Anchor":4,"Regal Pillow":19,"Bird Faced Urn":18,"StoneCalendar":19,"Mark of Pain":8,"Bag of Preparation":13,"Red Mask":18,"Kunai":6,"Question Card":6,"Burning Blood":0,"Toy Ornithopter":5,"Runic Cube":16},{"Anchor":16,"Regal Pillow":91,"Bird Faced Urn":87,"StoneCalendar":91,"Mark of Pain":39,"Bag of Preparation":65,"Red Mask":87,"Kunai":27,"Question Card":27,"Burning Blood":0,"Toy Ornithopter":23,"Runic Cube":81}],"Burning Blood":138,"Toy Ornithopter":25,"Runic Cube":[25]},"card_choices":[{"not_picked":["Dark Embrace","Evolve"],"picked":"Iron Wave","floor":1.0},{"not_picked":["Perfected Strike","Rage"],"picked":"Pommel Strike","floor":4.0},{"not_picked":["Iron Wave","Anger"],"picked":"Fire Breathing","floor":5.0},{"not_picked":["Second Wind","Anger","Rage"],"picked":"SKIP","floor":6.0},{"not_picked":["Pommel Strike","Havoc"],"picked":"Ghostly Armor","floor":7.0},{"not_picked":["Second Wind","Clash"],"picked":"Uppercut","floor":11.0},{"not_picked":["Body Slam","Disarm","Anger"],"picked":"Dropkick","floor":14.0},{"not_picked":["Demon Form","Impervious","Immolate"],"picked":"Offering","floor":16.0},{"not_picked":["Anger","Headbutt","Twin Strike"],"picked":"Iron Wave+1","floor":18.0},{"not_picked":["Thunderclap","Perfected Strike","Havoc"],"picked":"Double Tap","floor":19.0},{"not_picked":["Sword Boomerang","Rampage","Shockwave"],"picked":"Impervious","floor":20.0},{"not_picked":["True Grit","Clash","Sever Soul"],"picked":"Wild Strike","floor":21.0},{"not_picked":["Anger","Headbutt","Heavy Blade"],"picked":"Battle Trance","floor":24.0},{"not_picked":["Anger","Heavy Blade","Cleave"],"picked":"Combust+1","floor":27.0},{"not_picked":["Perfected Strike","Dark Embrace","Sword Boomerang"],"picked":"Iron Wave","floor":29.0},{"not_picked":["Berserk","Exhume","Bludgeon"],"picked":"Immolate","floor":33.0},{"not_picked":["True Grit+1","Heavy Blade","Clothesline","Iron Wave"],"picked":"SKIP","floor":35.0},{"not_picked":["Armaments+1","Feel No Pain","Cleave"],"picked":"Evolve","floor":37.0},{"not_picked":["Rupture+1","Whirlwind","Warcry"],"picked":"Battle Trance","floor":44.0},{"not_picked":["Cleave+1","Impervious","True Grit"],"picked":"Power Through+1","floor":45.0},{"not_picked":["Thunderclap","Inflame","Cleave"],"picked":"Ghostly Armor+1","floor":46.0},{"not_picked":["Infernal Blade","Sword Boomerang","Thunderclap","Feel No Pain"],"picked":"SKIP","floor":47.0}],"player_experience":1241611,"relics_obtained":[{"floor":6.0,"key":"Anchor"},{"floor":9.0,"key":"Toy Ornithopter"},{"floor":11.0,"key":"Kunai"},{"floor":37.0,"key":"Bird Faced Urn"},{"floor":39.0,"key":"StoneCalendar"},{"floor":43.0,"key":"Regal Pillow"}],"event_choices":[{"damage_healed":0.0,"max_hp_gain":0.0,"max_hp_loss":0.0,"gold_gain":150.0,"event_name":"Liars Game","player_choice":"AGREE","floor":2.0,"gold_loss":0.0,"damage_taken":0.0,"cards_obtained":["Doubt"]},{"damage_healed":0.0,"max_hp_gain":0.0,"max_hp_loss":0.0,"gold_gain":75.0,"event_name":"World of Goop","player_choice":"Gather Gold","floor":3.0,"gold_loss":0.0,"damage_taken":11.0},{"damage_healed":0.0,"max_hp_gain":0.0,"max_hp_loss":0.0,"gold_gain":0.0,"event_name":"Scrap Ooze","player_choice":"Success","floor":13.0,"gold_loss":0.0,"damage_taken":5.0,"relics_obtained":["Question Card"]},{"damage_healed":0.0,"max_hp_gain":0.0,"max_hp_loss":0.0,"gold_gain":0.0,"event_name":"Vampires","player_choice":"Ignored","floor":22.0,"gold_loss":0.0,"damage_taken":0.0},{"damage_healed":0.0,"max_hp_gain":5.0,"max_hp_loss":0.0,"gold_gain":0.0,"event_name":"Forgotten Altar","player_choice":"Shed Blood","floor":31.0,"gold_loss":0.0,"damage_taken":29.0},{"damage_healed":17.0,"max_hp_gain":0.0,"max_hp_loss":0.0,"gold_gain":0.0,"event_name":"Winding Halls","player_choice":"Writhe","floor":36.0,"gold_loss":0.0,"damage_taken":0.0,"cards_obtained":["Writhe"]},{"damage_healed":0.0,"max_hp_gain":0.0,"max_hp_loss":0.0,"gold_gain":0.0,"event_name":"Mysterious Sphere","player_choice":"Fight","floor":37.0,"gold_loss":0.0,"damage_taken":0.0},{"damage_healed":0.0,"max_hp_gain":0.0,"max_hp_loss":0.0,"gold_gain":0.0,"event_name":"Tomb of Lord Red Mask","player_choice":"Paid","floor":38.0,"gold_loss":164.0,"damage_taken":0.0,"relics_obtained":["Red Mask"]},{"damage_healed":0.0,"max_hp_gain":0.0,"max_hp_loss":0.0,"gold_gain":0.0,"event_name":"MindBloom","player_choice":"Fight","floor":39.0,"gold_loss":0.0,"damage_taken":0.0},{"damage_healed":0.0,"max_hp_gain":0.0,"max_hp_loss":0.0,"gold_gain":0.0,"event_name":"SensoryStone","player_choice":"Memory 1","floor":41.0,"gold_loss":0.0,"damage_taken":0.0},{"cards_removed":["Iron Wave"],"damage_healed":0.0,"max_hp_gain":0.0,"max_hp_loss":0.0,"gold_gain":0.0,"event_name":"Falling","player_choice":"Removed Attack","floor":48.0,"gold_loss":0.0,"damage_taken":0.0}],"is_beta":false,"boss_relics":[{"not_picked":["Runic Pyramid","Philosopher\u0027s Stone"],"picked":"Mark of Pain"},{"not_picked":["Astrolabe","Snecko Eye"],"picked":"Runic Cube"}],"items_purged_floors":[25,30],"is_endless":false,"potions_floor_spawned":[1,5,11,14,19,29,33,35,47],"killed_by":"Awakened One","ascension_level":15}}