{"host":"snn1c4qsf0fj7fzf","time":1611162926,"event":{"mods":["AchievementEnabler","Act Like it!","Aspiration","Astrologer","Bard","BaseMod","Colored Powertips","Gensokyo","Gremlin Mod","Hallownest","Hermit","HololiveMod","Hubris","Infinite Spire","Lobotomy","LobotomyExtend","Marisa????????","Minty Spire (QoL Compilation)","Random Character Button","Rare Cards Sparkle","Reimu??????","Replay The Spire","Shop Mod","StSLib","The Administrix","The Animator","The Bug Knight","The Cursed","The Gatherer","The Hierophant","The Poker Player"],"gold_per_floor":[116,129,144,144,160,187,187,213,240,270,270,270,118,131,131,236,236,247,264,264,284,338,338,338],"floor_reached":23,"language":"ENG","playtime":2908,"items_purged":[],"score":263,"play_id":"824e0274-c839-4c05-9fdc-a6b12189182a","local_time":"20210121011526","is_ascension_mode":false,"campfire_choices":[{"data":"AdministrixMod:RedCloak","floor":7,"key":"SMITH"},{"data":"AdministrixMod:XianArts","floor":11,"key":"SMITH"},{"floor":15,"key":"REST"}],"circlet_count":0,"master_deck":["AdministrixMod:Strike_Administrix","AdministrixMod:Strike_Administrix","AdministrixMod:Strike_Administrix","AdministrixMod:Strike_Administrix","AdministrixMod:RedCloak+1","AdministrixMod:BlueCloak","AdministrixMod:FearOfDeath+1","AdministrixMod:RebukeDesires+1","AdministrixMod:WickedPunishment+1","AdministrixMod:NewWardrobe+1","AdministrixMod:ImmortalPurity","AdministrixMod:ImmortalGrace","AdministrixMod:XianArts+1","AdministrixMod:ChooseYourEnd","Hallownest:skillSlugHide","Hallownest:skillSlugHide","Hallownest:skillSlugHide","Hallownest:skillSlugHide","Hallownest:skillSlugHide","AdministrixMod:BloodBargain","AdministrixMod:ImmortalClarity","AdministrixMod:XianArts","AdministrixMod:ExtolVirtue","AdministrixMod:ImmortalPurity+1"],"relics":["AdministrixMod:ConductorRitualBaton","LetterFromLob","Moonlight_r","hubris:SlimyHat","Mastiff:ReiMu","AdministrixMod:PrescriptionBottle","hubris:TinFlute","MerchantsRug","SacredBark"],"acts_visited":["Hallownest:Greenpath","Hallownest:CityofTears"],"potions_floor_usage":[4,16,22],"damage_taken":[{"damage":0,"enemies":"Hallownest:2_Tiktiks_and_1_Crawlid","floor":1,"turns":7},{"damage":0,"enemies":"Hallownest:monsterHuskWarrior","floor":2,"turns":3},{"damage":0,"enemies":"Hallownest:monsterHuskGuard","floor":3,"turns":4},{"damage":0,"enemies":"Hallownest:Guard_and_Warrior","floor":5,"turns":3},{"damage":9,"enemies":"Hallownest:eliteCrystalGuardian","floor":6,"turns":5},{"damage":2,"enemies":"Hallownest:eliteVengeflyKing","floor":8,"turns":3},{"damage":0,"enemies":"Hallownest:eliteMossKnight","floor":10,"turns":5},{"damage":2,"enemies":"Hallownest:Wandering_and_Horned","floor":14,"turns":7},{"damage":32,"enemies":"Hallownest:BossHornet","floor":16,"turns":9},{"damage":2,"enemies":"Hallownest:2_Mistakes","floor":18,"turns":6},{"damage":4,"enemies":"Hallownest:3_Youths","floor":19,"turns":7},{"damage":13,"enemies":"Hallownest:3_Mistakes","floor":21,"turns":5},{"damage":11,"enemies":"Hallownest:Glutton_and_Coward","floor":22,"turns":5},{"damage":47,"enemies":"Hallownest:eliteSoulWarrior","floor":23,"turns":4}],"seed_played":"4976955481389521298","potions_obtained":[{"floor":2,"key":"Death Potion"},{"floor":3,"key":"Fruit Juice"},{"floor":6,"key":"LiquidBronze"},{"floor":8,"key":"Elixir"},{"floor":14,"key":"Adrenaline Potion"},{"floor":19,"key":"EssenceOfSteel"}],"is_trial":false,"path_per_floor":["M","M","M","M","M","E","R","E","T","E","R","?","$","M","R","B",null,"M","M","?","M","M","E"],"character_chosen":"TheAdministrix","items_purchased":["MerchantsRug"],"campfire_rested":1,"item_purchase_floors":[13],"current_hp_per_floor":[65,65,65,33,33,24,24,22,22,22,22,22,22,20,41,9,70,68,64,70,57,46,0,0],"gold":338,"neow_bonus":"ONE_RANDOM_RARE_CARD","is_daily":false,"chose_seed":false,"campfire_upgraded":2,"win_rate":0.0,"timestamp":1611162926,"path_taken":["M","?","M","M","M","E","R","E","T","E","R","?","$","M","R","BOSS","M","M","?","M","M","E"],"items_purchased_type":["Relic"],"build_version":"2020-12-22","purchased_purges":0,"victory":false,"max_hp_per_floor":[65,65,65,70,70,70,70,70,70,70,70,70,70,70,70,70,70,70,70,70,70,70,70,70],"card_choices":[{"not_picked":["AdministrixMod:CrackingPangu","AdministrixMod:Katabasis"],"picked":"AdministrixMod:RebukeDesires","floor":1},{"not_picked":["AdministrixMod:TrickOfTheLight","AdministrixMod:QuietConspiracy"],"picked":"AdministrixMod:WickedPunishment","floor":2},{"not_picked":["AdministrixMod:SipOfSparks","AdministrixMod:DiversionaryTactic"],"picked":"AdministrixMod:NewWardrobe","floor":3},{"not_picked":["AdministrixMod:RebukeDesires","AdministrixMod:FuneraryRites"],"picked":"AdministrixMod:ImmortalPurity","floor":5},{"not_picked":["AdministrixMod:CastOffRegrets","AdministrixMod:SealAway"],"picked":"AdministrixMod:ImmortalGrace","floor":6},{"not_picked":["AdministrixMod:QuietConspiracy","AdministrixMod:LightOfYourLife"],"picked":"AdministrixMod:XianArts","floor":8},{"not_picked":["AdministrixMod:BegetEternity","AdministrixMod:SyncreticPlunge"],"picked":"AdministrixMod:ChooseYourEnd","floor":10},{"not_picked":["AdministrixMod:FuneraryRites","AdministrixMod:BegetEternity"],"picked":"AdministrixMod:BloodBargain","floor":14},{"not_picked":["AdministrixMod:GirlsDoItBetter","AdministrixMod:FearOfDeath"],"picked":"AdministrixMod:ImmortalClarity","floor":16},{"not_picked":["AdministrixMod:Overdrive","AdministrixMod:PlateOfAntiquity","AdministrixMod:SealAway"],"picked":"SKIP","floor":18},{"not_picked":["AdministrixMod:FuneraryRites","AdministrixMod:WickedPunishment"],"picked":"AdministrixMod:XianArts","floor":19},{"not_picked":["AdministrixMod:QuietConspiracy","AdministrixMod:SipOfSparks"],"picked":"AdministrixMod:ExtolVirtue","floor":21},{"not_picked":["AdministrixMod:BegetEternity","AdministrixMod:NoblePath"],"picked":"AdministrixMod:ImmortalPurity+1","floor":22}],"player_experience":321068,"relics_obtained":[{"floor":1,"key":"LetterFromLob"},{"floor":6,"key":"hubris:SlimyHat"},{"floor":8,"key":"Mastiff:ReiMu"},{"floor":9,"key":"AdministrixMod:PrescriptionBottle"},{"floor":10,"key":"hubris:TinFlute"}],"event_choices":[],"is_beta":false,"boss_relics":[{"not_picked":["Replay:Drink Me","aspiration:DefectSkillbook"],"picked":"SacredBark"}],"items_purged_floors":[],"is_endless":false,"potions_floor_spawned":[2,3,6,8,14,19],"killed_by":"Hallownest:eliteSoulWarrior","ascension_level":0}}