{"host":"etdvqcaukayomjhd","time":1611138137,"event":{"mods":["AchievementEnabler","Act Like it!","BaseMod","BetterRewards","Colored Powertips","Hermit","Infinite Spire","Minty Spire (QoL Compilation)","Quick Restart","Replay The Spire","Spicy Shops","StSLib","The Animator","Waifu the Spire"],"gold_per_floor":[118,118,135,145,162,162,193,193,193,264,275,275,291,323,323,420,420,435,435,452,472,472,498,498,530,557,577,244,261,261,261,261,364,364,375,375,375,429,429,460,470,522,575,587,349,349,375,394,394,394,394,394,86,120,120],"floor_reached":56,"language":"ENG","playtime":7219,"items_purged":["Writhe"],"score":1846,"play_id":"b61aee73-58cc-4ef9-97b9-32fca58278ff","local_time":"20210120112217","is_ascension_mode":true,"campfire_choices":[{"floor":6.0,"key":"REST"},{"floor":15.0,"key":"REST"},{"data":"Storm","floor":24.0,"key":"SMITH"},{"data":"Apotheosis","floor":30.0,"key":"SMITH"},{"floor":32.0,"key":"RECALL"},{"data":"ReplayRNGCard","floor":46.0,"key":"SMITH"},{"data":"infinitespire:Menacing","floor":49.0,"key":"SMITH"},{"data":"Buffer","floor":52,"key":"SMITH"}],"circlet_count":0,"master_deck":["Strike_B+1","Strike_B+1","Strike_B+1","Strike_B+1","Defend_B+1","Defend_B+1","Defend_B+1","Defend_B+1","Zap","Dualcast","Defragment+1","Defragment+1","Loop","Leap+1","Capacitor","Capacitor","Defragment","Force Field","ReplayRNGCard+1","infinitespire:Menacing+1","Self Repair","Reboot","Ball Lightning","Consume+1","Storm+1","Trip","Zap","Multi-Cast","Multi-Cast","Leap+1","Apotheosis+1","Mayhem","Discovery","Lockon","Buffer+1","Madness","Madness","Glacier","Skim","FIFO Queue+1","Loop","Skim","Ball Lightning+1","BootSequence+1","Defragment","Rainbow"],"relics":["Cracked Core","DollysMirror","Unceasing Top","Membership Card","Torii","Ice Cream","Calipers","ReplayTheSpireMod:CursedCoin","Bronze Scales","infinitespire:BottledMercury","Lantern","Replay:PocketPolymizer","Pet Ghost","Onion Ring","Solar Panel","ReplayTheSpireMod:Ring of Addiction","White Beast Statue","Toy Ornithopter","Emotion Chip","Snecko Heart","Pen Nib","Meat on the Bone","Tiny Chest","DataDisk","HornCleat","Oddly Smooth Stone","ReplayTheSpireMod:ShopPack","ReplayTheSpireMod:Lightbulb","Nuclear Battery","Replay:Towering Pillar of Hats","Bird Faced Urn","Darkstone Periapt","Geode","Chameleon Ring","Replay:Kaleidoscope","Prayer Wheel","Quantum Egg","Prayer Wheel","Divine Protection","Pantograph","Replay:Wax Seal"],"acts_visited":["Exordium","TheCity","TheBeyond","TheEnding"],"potions_floor_usage":[50,54,55],"damage_taken":[{"damage":1.0,"enemies":"2 Louse","floor":1.0,"turns":2.0},{"damage":2.0,"enemies":"Cultist","floor":3.0,"turns":4.0},{"damage":0.0,"enemies":"Small Slimes","floor":4.0,"turns":3.0},{"damage":1.0,"enemies":"Exordium Wildlife","floor":5.0,"turns":2.0},{"damage":18.0,"enemies":"3 Sentries","floor":7.0,"turns":5.0},{"damage":1.0,"enemies":"Gremlin Gang","floor":11.0,"turns":4.0},{"damage":1.0,"enemies":"2 Fungi Beasts","floor":13.0,"turns":3.0},{"damage":15.0,"enemies":"Lagavulin","floor":14.0,"turns":5.0},{"damage":6.0,"enemies":"Fading Forest","floor":16.0,"turns":11.0},{"damage":0.0,"enemies":"Spheric Guardian","floor":18.0,"turns":3.0},{"damage":11.0,"enemies":"2 Thieves","floor":20.0,"turns":3.0},{"damage":1.0,"enemies":"Snecko","floor":21.0,"turns":4.0},{"damage":29.0,"enemies":"Gremlin Leader","floor":23.0,"turns":5.0},{"damage":1.0,"enemies":"Nightmare","floor":25.0,"turns":5.0},{"damage":0.0,"enemies":"Sentry and Sphere","floor":27.0,"turns":3.0},{"damage":1.0,"enemies":"Shelled Parasite and Fungi","floor":29.0,"turns":2.0},{"damage":9.0,"enemies":"Champ","floor":33.0,"turns":4.0},{"damage":0.0,"enemies":"3 Shapes","floor":35.0,"turns":2.0},{"damage":21.0,"enemies":"2 Orb Walkers","floor":38.0,"turns":4.0},{"damage":0.0,"enemies":"R_Hoarder","floor":40.0,"turns":5.0},{"damage":8.0,"enemies":"3 Darklings","floor":41.0,"turns":5.0},{"damage":0.0,"enemies":"Sphere and 2 Shapes","floor":44.0,"turns":3.0},{"damage":7.0,"enemies":"Nemesis","floor":47.0,"turns":3.0},{"damage":0.0,"enemies":"Maw","floor":48.0,"turns":5.0},{"damage":42,"enemies":"Time Eater","floor":50,"turns":4},{"damage":11,"enemies":"Shield and Spear","floor":54,"turns":3},{"damage":89,"enemies":"The Heart","floor":55,"turns":5}],"seed_played":"5669791375328195613","potions_obtained":[{"floor":4.0,"key":"FocusPotion"},{"floor":7.0,"key":"LifebloodPotion"},{"floor":12.0,"key":"FearPotion"},{"floor":12.0,"key":"LiquidMemories"},{"floor":13.0,"key":"Strength Potion"},{"floor":14.0,"key":"FocusPotion"},{"floor":16.0,"key":"EntropicBrew"},{"floor":25.0,"key":"PowerPotion"},{"floor":27.0,"key":"DistilledChaos"},{"floor":29.0,"key":"BlessingOfTheForge"},{"floor":33.0,"key":"Ancient Potion"},{"floor":38.0,"key":"FairyPotion"},{"floor":42.0,"key":"LiquidBronze"},{"floor":42.0,"key":"DuplicationPotion"},{"floor":44.0,"key":"SteroidPotion"},{"floor":47.0,"key":"FocusPotion"},{"floor":54,"key":"Explosive Potion"}],"is_trial":false,"path_per_floor":["M","?","M","M","M","R","E","?","T","T","M","?","M","E","R","B",null,"M","?","M","M","?","E","R","NM","T","M","$","M","R","T","R","B",null,"M","?","T","?","AVR","E","M","?","T","M","$","R","E","M","R","B",null,"R","$","E","B",null],"character_chosen":"DEFECT","items_purchased":["Defragment+1","DollysMirror","Unceasing Top","Membership Card","Torii","Loop","Leap+1","ReplayTheSpireMod:CursedCoin","Bronze Scales","infinitespire:BottledMercury","Lantern","Capacitor","DataDisk","HornCleat","Oddly Smooth Stone","ReplayTheSpireMod:ShopPack","Chameleon Ring","Loop","Replay:Kaleidoscope","Divine Protection","Defragment","Pantograph"],"campfire_rested":2,"item_purchase_floors":[0,0,0,0,0,0,0,0,0,0,0,0,28,28,28,28,45,45,45,53,53,53],"current_hp_per_floor":[26,26,24,24,23,45,27,9,9,9,12,12,27,21,43,63,75,75,75,73,73,73,50,50,71,71,71,71,71,71,71,71,69,69,69,60,60,50,50,67,67,65,65,65,65,65,65,63,63,56,63,63,63,61,57],"gold":120,"neow_bonus":"","is_daily":false,"chose_seed":false,"campfire_upgraded":5,"win_rate":0.0,"timestamp":1611138137,"path_taken":["M","?","?","M","M","R","E","?","T","?","?","?","M","E","R","BOSS","M","?","M","M","?","E","R","NM","T","M","$","?","R","?","R","BOSS","M","?","?","?","AVR","E","?","?","T","M","$","R","E","M","R","BOSS","R","$","E","BOSS"],"items_purchased_type":["Card","Relic","Relic","Relic","Relic","Card","Card","Relic","Relic","Relic","Relic","Card","Relic","Relic","Relic","Relic","Relic","Card","Relic","Relic","Card","Relic"],"build_version":"2020-12-22","purchased_purges":1,"victory":true,"max_hp_per_floor":[75,75,75,75,75,75,75,75,75,75,75,75,75,75,75,75,75,75,75,73,73,73,73,71,71,71,71,71,71,71,71,71,69,69,69,69,67,67,67,67,67,65,65,65,65,65,65,63,63,63,63,63,63,61,61],"card_choices":[{"not_picked":["BasicCrystalCard","Tempest"],"picked":"Defragment","floor":1.0},{"not_picked":["Coolheaded","Force Field","Barrage"],"picked":"SKIP","floor":3.0},{"not_picked":["Coolheaded","Barrage"],"picked":"Force Field","floor":3.0},{"not_picked":["ReplaySort","Go for the Eyes","Hologram"],"picked":"SKIP","floor":4.0},{"not_picked":["Conserve Battery","Gash","ReplayTheSpireMod:GoodbyeWorld"],"picked":"SKIP","floor":5.0},{"not_picked":["Compile Driver","Beam Cell"],"picked":"ReplayRNGCard","floor":7.0},{"not_picked":["infinitespire:TheBestDefense","infinitespire:Fortify"],"picked":"infinitespire:Menacing","floor":8.0},{"not_picked":["Ball Lightning","Gash"],"picked":"Self Repair","floor":11.0},{"not_picked":["Coolheaded","Hologram","Cold Snap"],"picked":"SKIP","floor":13.0},{"not_picked":["Blizzard","Sunder","Rebound"],"picked":"SKIP","floor":14.0},{"not_picked":["ReplayTheSpireMod:Omega Cannon","Core Surge"],"picked":"Reboot","floor":16.0},{"not_picked":["Sweeping Beam","Recycle"],"picked":"Ball Lightning","floor":18.0},{"not_picked":["Double Energy","Beam Cell"],"picked":"Consume+1","floor":20.0},{"not_picked":["Melter","Beam Cell","Leap"],"picked":"SKIP","floor":21.0},{"not_picked":["Barrage","Tempest"],"picked":"Multi-Cast","floor":23.0},{"not_picked":["Crystallizer","Beam Cell+1"],"picked":"Multi-Cast","floor":25.0},{"not_picked":["Coolheaded+1","Gash"],"picked":"Leap+1","floor":27.0},{"not_picked":["Metamorphosis","Secret Weapon"],"picked":"Apotheosis","floor":28.0},{"not_picked":["Panacea","Replay:Sssssssssstrike"],"picked":"Mayhem","floor":28.0},{"not_picked":["Replay:Sssssssssshield","PanicButton"],"picked":"Discovery","floor":28.0},{"not_picked":["Fusion","Ball Lightning"],"picked":"Lockon","floor":29.0},{"not_picked":["Hyperbeam","ReplayTheSpireMod:Omega Cannon"],"picked":"Buffer","floor":33.0},{"not_picked":["Redo","Beam Cell+1","Stack+1"],"picked":"SKIP","floor":35.0},{"not_picked":["Darkness","Chaos"],"picked":"Glacier","floor":38.0},{"not_picked":["Core Surge","Capacitor"],"picked":"Skim","floor":40.0},{"not_picked":["Chill","Leap+1"],"picked":"FIFO Queue+1","floor":41.0},{"not_picked":["Chaos","Turbo","Stack"],"picked":"SKIP","floor":44.0},{"not_picked":["Go for the Eyes","Genetic Algorithm+1"],"picked":"Skim","floor":47.0},{"not_picked":["Rip and Tear+1","Streamline+1"],"picked":"Ball Lightning+1","floor":48.0},{"not_picked":["Redo","Melter"],"picked":"BootSequence+1","floor":48.0},{"not_picked":["Melter","Sweeping Beam+1","Rebound+1"],"picked":"SKIP","floor":48.0},{"not_picked":["Rebound","Redo+1"],"picked":"Rainbow","floor":54}],"player_experience":375374,"relics_obtained":[{"floor":7.0,"key":"Onion Ring"},{"floor":10.0,"key":"Solar Panel"},{"floor":12.0,"key":"ReplayTheSpireMod:Ring of Addiction"},{"floor":12.0,"key":"White Beast Statue"},{"floor":12.0,"key":"Toy Ornithopter"},{"floor":14.0,"key":"Emotion Chip"},{"floor":23.0,"key":"Pen Nib"},{"floor":25.0,"key":"Meat on the Bone"},{"floor":26.0,"key":"Tiny Chest"},{"floor":31.0,"key":"ReplayTheSpireMod:Lightbulb"},{"floor":37.0,"key":"Replay:Towering Pillar of Hats"},{"floor":38.0,"key":"Bird Faced Urn"},{"floor":40.0,"key":"Darkstone Periapt"},{"floor":43.0,"key":"Geode"},{"floor":47.0,"key":"Quantum Egg"},{"floor":54,"key":"Replay:Wax Seal"}],"event_choices":[{"damage_healed":0.0,"max_hp_gain":0.0,"max_hp_loss":0.0,"gold_gain":0.0,"event_name":"Transmorgrifier","player_choice":"Ignored","floor":2.0,"gold_loss":0.0,"damage_taken":0.0},{"damage_healed":0.0,"max_hp_gain":0.0,"max_hp_loss":0.0,"gold_gain":0.0,"event_name":"Back to Basics","player_choice":"Simplicity","floor":19.0,"gold_loss":0.0,"damage_taken":0.0,"cards_upgraded":["Strike_B","Strike_B","Strike_B","Strike_B","Defend_B","Defend_B","Defend_B","Defend_B"]},{"damage_healed":0.0,"max_hp_gain":0.0,"max_hp_loss":0.0,"gold_gain":0.0,"event_name":"Match and Keep!","player_choice":"3 cards matched","floor":22.0,"gold_loss":0.0,"damage_taken":0.0,"cards_obtained":["Storm","Trip","Zap"]},{"damage_healed":0.0,"max_hp_gain":0.0,"max_hp_loss":0.0,"gold_gain":0.0,"event_name":"Winding Halls","player_choice":"Embrace Madness","floor":36.0,"gold_loss":0.0,"damage_taken":9.0,"cards_obtained":["Madness","Madness"]},{"damage_healed":0.0,"max_hp_gain":0.0,"max_hp_loss":0.0,"gold_gain":0.0,"event_name":"Mysterious Sphere","player_choice":"Fight","floor":38.0,"gold_loss":0.0,"damage_taken":0.0}],"is_beta":false,"boss_relics":[{"not_picked":["Replay:Drink Me","Snecko Eye"],"picked":"Snecko Heart"},{"not_picked":["Tiny House","Calling Bell"],"picked":"Nuclear Battery"}],"items_purged_floors":[0],"is_endless":false,"potions_floor_spawned":[4,7,13,14,16,18,20,21,23,25,27,29,33,35,38,40,41,44,47,48,54],"ascension_level":4}}