{"host":"89iuq2p5kwriuwfq","time":1611159223,"event":{"mods":["BaseMod","Curses Come First","Minty Spire (QoL Compilation)","Permanent Neow","StSLib"],"gold_per_floor":[118,131,151,151,151,182,182,209,235,267,287,345,345,379,379,479,479,499,6,6,19,19,47,47,82,106,124,137,162,179,179,179,284,284,301,301,301,351,351,381,381,413,413,413,445,462,22,22,22,22,22,22,22,50,50],"floor_reached":56,"language":"ENG","playtime":7009,"items_purged":["Strike_R"],"score":1680,"play_id":"ab1f9422-0d8f-4783-9370-3e41e9d2dad4","local_time":"20210120161343","is_ascension_mode":true,"campfire_choices":[{"data":"Fiend Fire","floor":7,"key":"SMITH"},{"data":"Disarm","floor":13,"key":"SMITH"},{"data":"Feed","floor":15,"key":"SMITH"},{"data":"Immolate","floor":24,"key":"SMITH"},{"data":"Corruption","floor":32,"key":"SMITH"},{"data":"Berserk","floor":41,"key":"SMITH"},{"data":"Evolve","floor":44,"key":"SMITH"},{"floor":49,"key":"RECALL"},{"data":"Fire Breathing","floor":52,"key":"SMITH"}],"circlet_count":0,"master_deck":["Strike_R","Strike_R","Defend_R","Defend_R","Defend_R","Bash+1","Dropkick+1","Disarm+1","Wild Strike+1","Whirlwind+1","Fiend Fire+1","Thunderclap","Shrug It Off","Feed+1","Immolate+1","Power Through","Spot Weakness+1","Flame Barrier+1","Dark Embrace+1","Burning Pact+1","Corruption+1","Disarm+1","Flame Barrier+1","Power Through+1","Exhume+1","Burning Pact+1","Discovery+1","Madness+1","Madness+1","Flex+1","Evolve+1","Berserk+1","Uppercut+1","Shrug It Off+1","Fire Breathing+1","Exhume+1","Double Tap+1"],"relics":["Burning Blood","Blood Vial","Toy Ornithopter","Centennial Puzzle","Prayer Wheel","Nunchaku","Coffee Dripper","Vajra","Toxic Egg 2","Red Skull","White Beast Statue","Juzu Bracelet","Bag of Preparation","SacredBark","TungstenRod","Pocketwatch","Question Card","Boot","Dead Branch","Whetstone"],"acts_visited":["Exordium","TheCity","TheBeyond","TheEnding"],"potions_floor_usage":[8,10,14,16,18,25,29,29,33,35,35,38,42,46,55,55,55],"damage_taken":[{"damage":3,"enemies":"Jaw Worm","floor":1,"turns":5},{"damage":2,"enemies":"Small Slimes","floor":2,"turns":4},{"damage":0,"enemies":"Cultist","floor":3,"turns":2},{"damage":38,"enemies":"Lagavulin","floor":6,"turns":5},{"damage":11,"enemies":"Gremlin Nob","floor":8,"turns":4},{"damage":20,"enemies":"3 Sentries","floor":10,"turns":3},{"damage":0,"enemies":"Large Slime","floor":11,"turns":4},{"damage":0,"enemies":"Gremlin Nob","floor":14,"turns":2},{"damage":63,"enemies":"Slime Boss","floor":16,"turns":16},{"damage":8,"enemies":"Shell Parasite","floor":18,"turns":5},{"damage":6,"enemies":"2 Thieves","floor":21,"turns":3},{"damage":23,"enemies":"Gremlin Leader","floor":23,"turns":7},{"damage":19,"enemies":"Book of Stabbing","floor":25,"turns":5},{"damage":27,"enemies":"Snake Plant","floor":27,"turns":5},{"damage":0,"enemies":"Snecko","floor":28,"turns":2},{"damage":31,"enemies":"Slavers","floor":29,"turns":3},{"damage":1,"enemies":"Chosen and Byrds","floor":30,"turns":4},{"damage":28,"enemies":"Collector","floor":33,"turns":4},{"damage":13,"enemies":"3 Darklings","floor":35,"turns":4},{"damage":0,"enemies":"Mind Bloom Boss Battle","floor":38,"turns":4},{"damage":27,"enemies":"Reptomancer","floor":40,"turns":5},{"damage":13,"enemies":"Nemesis","floor":42,"turns":3},{"damage":12,"enemies":"Reptomancer","floor":45,"turns":4},{"damage":3,"enemies":"3 Shapes","floor":46,"turns":4},{"damage":18,"enemies":"Donu and Deca","floor":50,"turns":5},{"damage":36,"enemies":"Shield and Spear","floor":54,"turns":4},{"damage":81,"enemies":"The Heart","floor":55,"turns":7}],"seed_played":"6577030940903278317","potions_obtained":[{"floor":2,"key":"SpeedPotion"},{"floor":6,"key":"BloodPotion"},{"floor":8,"key":"Swift Potion"},{"floor":10,"key":"DistilledChaos"},{"floor":16,"key":"Block Potion"},{"floor":21,"key":"Weak Potion"},{"floor":27,"key":"ElixirPotion"},{"floor":28,"key":"Regen Potion"},{"floor":29,"key":"Weak Potion"},{"floor":30,"key":"ColorlessPotion"},{"floor":33,"key":"LiquidBronze"},{"floor":35,"key":"SneckoOil"},{"floor":38,"key":"FearPotion"},{"floor":40,"key":"Energy Potion"},{"floor":42,"key":"AttackPotion"},{"floor":45,"key":"Regen Potion"},{"floor":46,"key":"ColorlessPotion"},{"floor":54,"key":"DistilledChaos"}],"is_trial":false,"path_per_floor":["M","M","M","?","?","E","R","E","T","E","M","?","R","E","R","B",null,"M","$","?","M","?","E","R","E","T","M","M","E","M","?","R","B",null,"M","?","?","?","?","E","R","E","T","R","E","M","$","?","R","B",null,"R","$","E","B",null],"character_chosen":"IRONCLAD","items_purchased":["Vajra","Toxic Egg 2","Fire Breathing","Dead Branch","Exhume+1"],"campfire_rested":0,"item_purchase_floors":[19,19,47,47,47],"current_hp_per_floor":[75,79,80,64,80,48,48,45,45,38,46,46,46,59,59,29,70,75,75,59,65,65,54,54,48,48,33,41,41,52,52,52,41,95,104,104,89,106,106,87,87,91,91,91,87,101,101,101,101,91,120,120,120,92,83],"gold":50,"neow_bonus":"TRANSFORM_CARD","is_daily":false,"chose_seed":false,"campfire_upgraded":8,"win_rate":0.0,"timestamp":1611159223,"path_taken":["M","M","M","?","?","E","R","E","T","E","M","?","R","E","R","BOSS","M","$","?","M","?","E","R","E","T","M","M","E","M","?","R","BOSS","M","?","?","?","?","E","R","E","T","R","E","M","$","?","R","BOSS","R","$","E","BOSS"],"items_purchased_type":["Relic","Relic","Card","Relic","Card"],"build_version":"2020-12-22","purchased_purges":1,"victory":true,"max_hp_per_floor":[80,80,80,80,80,80,80,80,80,80,80,80,80,80,80,84,84,84,84,89,93,93,97,97,97,97,101,101,105,109,109,109,113,113,117,117,117,121,121,121,121,125,125,125,125,129,129,129,129,129,129,129,129,129,133],"card_choices":[{"not_picked":["Twin Strike","Iron Wave"],"picked":"Disarm","floor":1},{"not_picked":["Ghostly Armor","Sentinel"],"picked":"Wild Strike","floor":2},{"not_picked":["Twin Strike","Shrug It Off"],"picked":"Whirlwind","floor":3},{"not_picked":["Headbutt","Searing Blow"],"picked":"Fiend Fire","floor":6},{"not_picked":["Headbutt","Pommel Strike"],"picked":"Wild Strike","floor":8},{"not_picked":["Headbutt","Perfected Strike"],"picked":"Thunderclap","floor":10},{"not_picked":["Dual Wield","Body Slam"],"picked":"Shrug It Off","floor":11},{"not_picked":["Ghostly Armor","Armaments","Sword Boomerang"],"picked":"SKIP","floor":11},{"not_picked":["Evolve","Pommel Strike"],"picked":"Feed","floor":14},{"not_picked":["Feed","Bludgeon"],"picked":"Immolate","floor":16},{"not_picked":["Pommel Strike","Cleave"],"picked":"Power Through","floor":18},{"not_picked":["Perfected Strike+1","Wild Strike","Shrug It Off"],"picked":"SKIP","floor":18},{"not_picked":["Pummel+1","Infernal Blade+1"],"picked":"Spot Weakness+1","floor":21},{"not_picked":["Rage+1","Anger"],"picked":"Flame Barrier+1","floor":21},{"not_picked":["Cleave","Clothesline"],"picked":"Dark Embrace+1","floor":23},{"not_picked":["Iron Wave","Thunderclap","Bloodletting+1"],"picked":"SKIP","floor":25},{"not_picked":["Body Slam+1","Anger"],"picked":"Burning Pact+1","floor":27},{"not_picked":["Pommel Strike","Warcry+1","Twin Strike+1"],"picked":"SKIP","floor":27},{"not_picked":["Flex+1","Thunderclap"],"picked":"Corruption","floor":28},{"not_picked":["Hemokinesis+1","Anger","Rampage"],"picked":"SKIP","floor":28},{"not_picked":["Havoc+1","Inflame"],"picked":"Disarm+1","floor":29},{"not_picked":["Twin Strike+1","Immolate"],"picked":"Flame Barrier+1","floor":30},{"not_picked":["Anger","Wild Strike+1","Sword Boomerang"],"picked":"SKIP","floor":30},{"not_picked":["Impervious+1","Berserk"],"picked":"Exhume+1","floor":33},{"not_picked":["Clash","Combust"],"picked":"Burning Pact+1","floor":35},{"not_picked":["Flame Barrier+1","Body Slam","Searing Blow"],"picked":"SKIP","floor":35},{"not_picked":["Mayhem","Panache"],"picked":"Discovery+1","floor":36},{"not_picked":["Headbutt+1","Anger"],"picked":"Flex+1","floor":38},{"not_picked":["Sword Boomerang+1","Disarm+1"],"picked":"Berserk","floor":40},{"not_picked":["Dual Wield+1","Perfected Strike","Warcry+1"],"picked":"SKIP","floor":42},{"not_picked":["Metallicize","Bloodletting+1","Whirlwind+1"],"picked":"Uppercut+1","floor":45},{"not_picked":["Cleave+1","Burning Pact+1","Body Slam+1"],"picked":"Shrug It Off+1","floor":46},{"not_picked":["Flex+1","Clothesline+1","Burning Pact+1","Carnage+1"],"picked":"SKIP","floor":46},{"not_picked":["Body Slam+1","Brutality","Infernal Blade+1"],"picked":"Double Tap+1","floor":54}],"player_experience":521552,"relics_obtained":[{"floor":6,"key":"Blood Vial"},{"floor":8,"key":"Toy Ornithopter"},{"floor":9,"key":"Centennial Puzzle"},{"floor":10,"key":"Prayer Wheel"},{"floor":14,"key":"Nunchaku"},{"floor":23,"key":"Red Skull"},{"floor":25,"key":"White Beast Statue"},{"floor":26,"key":"Juzu Bracelet"},{"floor":29,"key":"Bag of Preparation"},{"floor":38,"key":"TungstenRod"},{"floor":40,"key":"Pocketwatch"},{"floor":42,"key":"Question Card"},{"floor":45,"key":"Boot"},{"floor":54,"key":"Whetstone"}],"event_choices":[{"damage_healed":0,"gold_gain":0,"player_choice":"Entered Light","damage_taken":16,"max_hp_gain":0,"max_hp_loss":0,"event_name":"Shining Light","floor":4,"gold_loss":0,"cards_upgraded":["Whirlwind","Dropkick"]},{"damage_healed":26,"gold_gain":0,"player_choice":"Banana","damage_taken":0,"max_hp_gain":0,"max_hp_loss":0,"event_name":"Big Fish","floor":5,"gold_loss":0},{"damage_healed":0,"gold_gain":58,"player_choice":"Gained Gold","damage_taken":0,"max_hp_gain":0,"max_hp_loss":0,"event_name":"Golden Wing","floor":12,"gold_loss":0},{"damage_healed":0,"gold_gain":0,"player_choice":"Shed Blood","damage_taken":21,"max_hp_gain":5,"max_hp_loss":0,"event_name":"Forgotten Altar","floor":20,"gold_loss":0},{"damage_healed":0,"gold_gain":0,"player_choice":"Ignored","damage_taken":0,"max_hp_gain":0,"max_hp_loss":0,"event_name":"Vampires","floor":22,"gold_loss":0},{"damage_healed":0,"gold_gain":0,"cards_transformed":["Strike_R"],"player_choice":"Transformed","damage_taken":0,"max_hp_gain":0,"max_hp_loss":0,"event_name":"Transmorgrifier","floor":31,"gold_loss":0,"cards_obtained":["Power Through"]},{"damage_healed":0,"gold_gain":0,"player_choice":"Memory 1","damage_taken":0,"max_hp_gain":0,"max_hp_loss":0,"event_name":"SensoryStone","floor":36,"gold_loss":0},{"damage_healed":0,"gold_gain":0,"player_choice":"Embrace Madness","damage_taken":15,"max_hp_gain":0,"max_hp_loss":0,"event_name":"Winding Halls","floor":37,"gold_loss":0,"cards_obtained":["Madness","Madness"]},{"damage_healed":0,"gold_gain":0,"player_choice":"Fight","damage_taken":0,"max_hp_gain":0,"max_hp_loss":0,"event_name":"MindBloom","floor":38,"gold_loss":0},{"damage_healed":0,"gold_gain":0,"cards_transformed":["Defend_R"],"player_choice":"Transformed","damage_taken":0,"max_hp_gain":0,"max_hp_loss":0,"event_name":"Transmorgrifier","floor":39,"gold_loss":0,"cards_obtained":["Evolve"]},{"cards_removed":["Wild Strike"],"damage_healed":0,"gold_gain":0,"player_choice":"Removed Attack","damage_taken":0,"max_hp_gain":0,"max_hp_loss":0,"event_name":"Falling","floor":48,"gold_loss":0}],"is_beta":false,"boss_relics":[{"not_picked":["Philosopher\u0027s Stone","Runic Cube"],"picked":"Coffee Dripper"},{"not_picked":["SlaversCollar","Runic Dome"],"picked":"SacredBark"}],"items_purged_floors":[19],"is_endless":false,"potions_floor_spawned":[2,6,8,10,16,21,27,28,29,30,33,35,38,40,42,45,46,54],"ascension_level":6}}