{"host":"0mk07bycsqo1qk03","time":1611132016,"event":{"mods":["BaseMod","Downfall","Hermit","Hubris","Minty Spire (QoL Compilation)","StSLib","The Cursed"],"gold_per_floor":[99,117,127,227,227,251,251,270,297,314,214,233,260,260,279,376,376,376,376,395,415,415,32,32,43,43,78,78,78,78,63,82,187,187,187,204,215,215,215,228,251,251,251,279,292,304,304,304,314,314],"floor_reached":51,"language":"ENG","playtime":3913,"items_purged":[],"score":832,"play_id":"9ad12345-2fd3-41a8-9dd0-687c4f740d4c","local_time":"20210120094016","is_ascension_mode":true,"campfire_choices":[{"data":"Guardian:CurlUp","floor":1.0,"key":"SMITH"},{"data":"Guardian:Emergency","floor":11.0,"key":"SMITH"},{"data":"Guardian:FloatingOrbs","floor":18.0,"key":"SMITH"},{"floor":26.0,"key":"DIG"},{"floor":29.0,"key":"DIG"},{"floor":35.0,"key":"DIG"},{"floor":43,"key":"DIG"},{"floor":47,"key":"DIG"}],"circlet_count":0,"master_deck":["Guardian:Strike_Guardian","Guardian:Strike_Guardian+1","Guardian:Strike_Guardian+1","Guardian:Strike_Guardian","Guardian:Defend_Guardian","Guardian:Defend_Guardian","Guardian:Defend_Guardian","Guardian:Defend_Guardian","Guardian:CurlUp+1","Guardian:TwinSlam","Guardian:ShieldCharger","Guardian:Recover","Guardian:Recover","Guardian:Emergency+1","Guardian:SpikerProtocol","Guardian:TimeBomb","Guardian:FloatingOrbs+1","Guardian:FastForward","downfall:Bewildered","Guardian:SpikerProtocol","Guardian:ChargeCore+1","Guardian:TimeCapacitor+1","Guardian:SpikerProtocol","Guardian:MultiBeam","Guardian:BronzeOrb+1","MasterReality","Guardian:BronzeArmor+1","Guardian:BodySlam+1","Guardian:BodySlam+1","Guardian:Gem_Fragmented","Guardian:Gem_Crimson","Guardian:Gem_Cyan","Guardian:Gem_Synthetic","Guardian:Gem_Lightblue","Guardian:BronzeArmor+1","Guardian:ChargeCore+1","Guardian:SentryBeam","Guardian:BodySlam"],"relics":["Guardian:ModeShifter","Orichalcum","Centennial Puzzle","HornCleat","downfall:HeartBlessingGreen","Letter Opener","downfall:BrokenWingStatue","hubris:GrandSneckoEye","sneckomod:BabySnecko","Shovel","hubris:CrystalStatue","hubris:Metronome","Blood Vial","Kunai","hubris:PeanutButter","Pear","Smiling Mask","Guardian:SackOfGems","White Beast Statue","Whetstone"],"acts_visited":["Exordium","TheCity","TheBeyond"],"potions_floor_usage":[42,44,50,50],"damage_taken":[{"damage":0.0,"enemies":"Small Slimes","floor":2.0,"turns":3.0},{"damage":2.0,"enemies":"Jaw Worm","floor":3.0,"turns":5.0},{"damage":5.0,"enemies":"2 Louse","floor":8.0,"turns":4.0},{"damage":16.0,"enemies":"3 Sentries","floor":9.0,"turns":17.0},{"damage":1.0,"enemies":"2 Fungi Beasts","floor":10.0,"turns":4.0},{"damage":6.0,"enemies":"Exordium Wildlife","floor":12.0,"turns":7.0},{"damage":27.0,"enemies":"Gremlin Nob","floor":13.0,"turns":5.0},{"damage":0.0,"enemies":"Gremlin Gang","floor":15.0,"turns":4.0},{"damage":18.0,"enemies":"WA_ARCHETYPE_RETAIN","floor":16.0,"turns":10.0},{"damage":0.0,"enemies":"Spheric Guardian","floor":20.0,"turns":3.0},{"damage":0.0,"enemies":"Shell Parasite","floor":21.0,"turns":2.0},{"damage":0.0,"enemies":"downfall:FleeingMerchant","floor":23.0,"turns":4.0},{"damage":0.0,"enemies":"Centurion and Healer","floor":25.0,"turns":5.0},{"damage":12.0,"enemies":"Slavers","floor":27.0,"turns":4.0},{"damage":0.0,"enemies":"downfall:FleeingMerchant","floor":31.0,"turns":4.0},{"damage":0.0,"enemies":"Snecko","floor":32.0,"turns":6.0},{"damage":0.0,"enemies":"SI_MIRROR_ARCHETYPE","floor":33.0,"turns":11.0},{"damage":0.0,"enemies":"3 Darklings","floor":36.0,"turns":3.0},{"damage":0.0,"enemies":"3 Shapes","floor":37.0,"turns":4.0},{"damage":0.0,"enemies":"Maw","floor":40.0,"turns":6.0},{"damage":0,"enemies":"Writhing Mass","floor":42,"turns":1},{"damage":26,"enemies":"Giant Head","floor":44,"turns":8},{"damage":11,"enemies":"Transient","floor":45,"turns":5},{"damage":3,"enemies":"Maw","floor":46,"turns":7},{"damage":6,"enemies":"Jaw Worm Horde","floor":49,"turns":2},{"damage":58,"enemies":"IC_BLOCK_ARCHETYPE","floor":50,"turns":10}],"seed_played":"4551723047160648290","potions_obtained":[{"floor":2.0,"key":"champ:CounterPotion"},{"floor":12.0,"key":"Guardian:AcceleratePotion"},{"floor":13.0,"key":"Slimebound:ThreeZeroPotion"},{"floor":16.0,"key":"PowerPotion"},{"floor":20.0,"key":"Energy Potion"},{"floor":21.0,"key":"Energy Potion"},{"floor":25.0,"key":"Regen Potion"},{"floor":33.0,"key":"SmokeBomb"},{"floor":44,"key":"SkillPotion"},{"floor":45,"key":"SteroidPotion"},{"floor":49,"key":"Weak Potion"}],"is_trial":false,"path_per_floor":["R","M","M","?","?","T","T","M","E","M","R","M","E","?","M","B",null,"R","?","M","M","?","$","T","M","R","E","T","R","?","$","M","B",null,"R","M","M","?","?","M","T","M","R","E","M","M","R","?","M","B",null],"character_chosen":"GUARDIAN","items_purchased":["Shovel","Guardian:SpikerProtocol"],"campfire_rested":0,"item_purchase_floors":[23,23],"current_hp_per_floor":[88,88,86,86,86,86,86,81,65,64,64,58,31,31,31,13,88,88,88,88,88,88,88,88,88,88,76,76,76,76,78,80,82,88,98,98,98,98,98,98,98,98,98,72,63,62,62,86,80,24],"gold":314,"neow_bonus":"TEN_PERCENT_HP_BONUS","is_daily":false,"chose_seed":false,"campfire_upgraded":3,"win_rate":0.0,"timestamp":1611132016,"path_taken":["R","M","M","?","?","?","T","M","E","M","R","M","E","?","M","BOSS","R","?","M","M","?","$","T","M","R","E","?","R","?","?","M","BOSS","R","M","M","?","?","?","T","M","R","E","M","M","R","?","M","BOSS"],"items_purchased_type":["Relic","Card"],"build_version":"2020-12-22","purchased_purges":0,"victory":true,"max_hp_per_floor":[88,88,88,88,88,88,88,88,88,88,88,88,88,88,88,88,88,88,88,88,88,88,88,88,88,88,88,88,88,88,88,88,88,88,98,98,98,98,98,98,98,98,98,98,98,98,98,86,86,86],"card_choices":[{"not_picked":["Guardian:Harden","Guardian:PolyBeam"],"picked":"Guardian:Gem_Lightblue","floor":2.0},{"not_picked":["Guardian:WalkerClaw","Guardian:Gem_Green"],"picked":"Guardian:ShieldCharger","floor":3.0},{"not_picked":["Guardian:TemporalStrike","Guardian:Gem_Fragmented"],"picked":"Guardian:Recover","floor":8.0},{"not_picked":["Guardian:Recover","Guardian:ShieldCharger"],"picked":"Guardian:Emergency","floor":9.0},{"not_picked":["Guardian:GuardianWhirl","Guardian:Gem_Cyan"],"picked":"Guardian:SpikerProtocol","floor":10.0},{"not_picked":["Guardian:BodySlam","Guardian:Gem_Lightblue"],"picked":"Guardian:TimeBomb","floor":12.0},{"not_picked":["Guardian:BodySlam","Guardian:PiercingHide"],"picked":"Guardian:FloatingOrbs","floor":13.0},{"not_picked":["Guardian:Suspension","Guardian:Preprogram"],"picked":"Guardian:Gem_Green","floor":15.0},{"not_picked":["Guardian:HyperBeam_Guardian","Guardian:ConstructionForm"],"picked":"Guardian:FastForward","floor":16.0},{"not_picked":["Guardian:EvasiveProtocol","Guardian:Clone+1"],"picked":"Guardian:SpikerProtocol","floor":20.0},{"not_picked":["Guardian:Gem_Red","Guardian:VentSteam+1"],"picked":"Guardian:ChargeCore+1","floor":21.0},{"not_picked":["Guardian:ShieldCharger","Guardian:ShieldSpikes"],"picked":"Guardian:TimeCapacitor+1","floor":23.0},{"not_picked":["Guardian:Reroute+1","Guardian:Planning"],"picked":"Guardian:MultiBeam","floor":25.0},{"not_picked":["Guardian:EvasiveProtocol","Guardian:Gem_Blue"],"picked":"Guardian:BronzeOrb+1","floor":27.0},{"not_picked":["Guardian:PiercingHide","Guardian:WalkerClaw"],"picked":"Guardian:Harden","floor":31.0},{"not_picked":["Guardian:TemporalStrike+1","Guardian:Planning"],"picked":"Guardian:BronzeArmor+1","floor":32.0},{"not_picked":["Guardian:AncientConstruct","Guardian:GemFire"],"picked":"Guardian:Gem_Synthetic","floor":33.0},{"not_picked":["Guardian:DecasProtection+1","Guardian:PrismaticBarrier"],"picked":"Guardian:BodySlam+1","floor":36.0},{"not_picked":["Guardian:ChargeCore","Guardian:Gem_Crimson"],"picked":"Guardian:BodySlam+1","floor":37.0},{"not_picked":["Guardian:Incinerate","Guardian:TemporalStrike+1","Guardian:MultiBeam"],"picked":"SKIP","floor":40.0},{"not_picked":["Guardian:GemFire","Guardian:FastForward"],"picked":"Guardian:BronzeArmor+1","floor":44},{"not_picked":["Guardian:Preprogram","Guardian:PrismaticBarrier+1"],"picked":"Guardian:ChargeCore+1","floor":45},{"not_picked":["Guardian:Repulse+1","Guardian:PiercingHide"],"picked":"Guardian:SentryBeam","floor":46},{"not_picked":["Guardian:CrystalBeam","Guardian:Recover"],"picked":"Guardian:BodySlam","floor":49}],"player_experience":923016,"relics_obtained":[{"floor":6.0,"key":"Orichalcum"},{"floor":7.0,"key":"Centennial Puzzle"},{"floor":9.0,"key":"HornCleat"},{"floor":13.0,"key":"Letter Opener"},{"floor":24.0,"key":"hubris:CrystalStatue"},{"floor":26.0,"key":"hubris:Metronome"},{"floor":27.0,"key":"Blood Vial"},{"floor":28.0,"key":"Kunai"},{"floor":29.0,"key":"hubris:PeanutButter"},{"floor":35.0,"key":"Pear"},{"floor":41.0,"key":"Smiling Mask"},{"floor":43,"key":"Guardian:SackOfGems"},{"floor":44,"key":"White Beast Statue"},{"floor":47,"key":"Whetstone"}],"event_choices":[{"damage_healed":0.0,"max_hp_gain":0.0,"max_hp_loss":0.0,"gold_gain":0.0,"event_name":"The Library","player_choice":"Read","floor":30.0,"gold_loss":0.0,"damage_taken":0.0,"cards_obtained":["MasterReality"]},{"cards_removed":["Guardian:Harden"],"damage_healed":0.0,"max_hp_gain":0.0,"max_hp_loss":0.0,"gold_gain":0.0,"event_name":"Falling","player_choice":"Removed Skill","floor":38.0,"gold_loss":0.0,"damage_taken":0.0}],"is_beta":false,"boss_relics":[{"not_picked":["Guardian:StasisSlotReductionRelic","hubris:VirtuousBlindfold"],"picked":"hubris:GrandSneckoEye"},{"not_picked":["Runic Dome","Coffee Dripper","hubris:CrackedHourglass"]}],"items_purged_floors":[],"is_endless":false,"potions_floor_spawned":[2,12,13,16,20,21,25,33,37,44,45,46,49],"ascension_level":2}}