{"host":"98zq812qbocdqs0d","time":1611170791,"event":{"mods":["BaseMod","GifTheSpireLib","Minty Spire (QoL Compilation)","Replay The Spire","StSLib","The Cursed","The Hierophant"],"gold_per_floor":[113,130,130,55,67,67,93,93,140,150,150,150,222,22,22,118,118,99,174,20,31,43,78,78,89,89,119,119,44,58,58,58,58,58],"floor_reached":33,"language":"ITA","playtime":2270,"items_purged":["Regret","Defend_G"],"score":425,"play_id":"e52f03b5-ebd9-467e-8a53-08fe6d996111","local_time":"20210120202631","is_ascension_mode":true,"campfire_choices":[{"data":"Crippling Poison","floor":6,"key":"SMITH"},{"floor":11,"key":"REST"},{"data":"Burst","floor":15,"key":"SMITH"},{"floor":24,"key":"REST"},{"floor":28,"key":"REST"},{"floor":32,"key":"REST"}],"circlet_count":0,"master_deck":["Strike_G","Strike_G","Strike_G","Strike_G","Strike_G","Defend_G","Defend_G","Defend_G","Defend_G+1","Survivor","Neutralize","Crippling Poison+1","Poisoned Stab","Deadly Poison","Burst+1","ReplayTheSpireMod:Necrosis","Bane","Poisoned Stab"],"relics":["Ring of the Snake","Smiling Mask","Bronze Scales","ReplayTheSpireMod:Shallot","Membership Card","Black Star","Sling","PreservedInsect","Blue Candle","Gremlin Horn","Question Card","Lizard Tail","Replay:Wax Seal","Bag of Preparation"],"acts_visited":["Exordium","TheCity"],"potions_floor_usage":[16,16,23,23,23,27,33,33],"damage_taken":[{"damage":0,"enemies":"Jaw Worm","floor":1,"turns":5},{"damage":11,"enemies":"2 Louse","floor":2,"turns":3},{"damage":6,"enemies":"Small Slimes","floor":5,"turns":2},{"damage":9,"enemies":"Replay:BlueRogue","floor":7,"turns":6},{"damage":6,"enemies":"Looter","floor":10,"turns":3},{"damage":40,"enemies":"Fading Forest","floor":16,"turns":11},{"damage":9,"enemies":"2 Thieves","floor":18,"turns":4},{"damage":0,"enemies":"3 Byrds","floor":21,"turns":2},{"damage":15,"enemies":"Snake Plant","floor":22,"turns":4},{"damage":0,"enemies":"Slavers","floor":23,"turns":2},{"damage":26,"enemies":"Snecko","floor":25,"turns":5},{"damage":0,"enemies":"Gremlin Leader","floor":27,"turns":4},{"damage":17,"enemies":"Cultist and Chosen","floor":30,"turns":6},{"damage":169,"enemies":"Champ","floor":33,"turns":11}],"seed_played":"8416467820935857986","potions_obtained":[{"floor":1,"key":"Fire Potion"},{"floor":10,"key":"BlessingOfTheForge"},{"floor":22,"key":"EntropicBrew"},{"floor":23,"key":"Explosive Potion"},{"floor":25,"key":"PowerPotion"}],"is_trial":false,"path_per_floor":["M","M","?","$","M","R","E","?","T","M","R","?","T","$","R","B",null,"M","?","$","M","M","E","R","M","T","E","R","$","M","$","R","B"],"character_chosen":"THE_SILENT","items_purchased":["Membership Card","Sling","PreservedInsect","Bag of Preparation"],"campfire_rested":4,"item_purchase_floors":[14,20,20,29],"current_hp_per_floor":[84,73,78,78,72,72,63,63,63,57,83,83,83,83,83,61,89,80,72,72,72,57,57,83,57,57,57,83,83,66,66,89,0,0],"gold":58,"neow_bonus":"TWENTY_PERCENT_HP_BONUS","is_daily":false,"chose_seed":false,"campfire_upgraded":2,"win_rate":0.0,"timestamp":1611170791,"path_taken":["M","M","?","$","M","R","E","?","T","M","R","?","?","$","R","BOSS","M","?","$","M","M","E","R","M","T","E","R","$","?","?","R","BOSS"],"items_purchased_type":["Relic","Relic","Relic","Relic"],"build_version":"2020-12-22","purchased_purges":2,"victory":false,"max_hp_per_floor":[84,84,89,89,89,89,89,89,89,89,89,89,89,89,89,89,89,89,89,89,89,89,89,89,89,89,89,89,89,89,89,89,89,89],"card_choices":[{"not_picked":["Choke","ReplayTheSpireMod:Tripwire"],"picked":"Crippling Poison","floor":1},{"not_picked":["ReplayTheSpireMod:Speed Training","Deflect"],"picked":"Poisoned Stab","floor":2},{"not_picked":["Well Laid Plans","Dash"],"picked":"Deadly Poison","floor":5},{"not_picked":["Sucker Punch","Backflip","Hidden Blade"],"picked":"SKIP","floor":7},{"not_picked":["PiercingWail","Dagger Spray"],"picked":"Burst","floor":10},{"not_picked":["Storm of Steel","After Image"],"picked":"ReplayTheSpireMod:Necrosis","floor":16},{"not_picked":["Backflip+1","Outmaneuver","Dagger Spray+1"],"picked":"SKIP","floor":18},{"not_picked":["Quick Slash","Dagger Throw"],"picked":"Bane","floor":21},{"not_picked":["Backflip","Distraction","Sucker Punch"],"picked":"SKIP","floor":22},{"not_picked":["Bullet Time","Flechettes+1"],"picked":"Poisoned Stab","floor":23},{"not_picked":["Underhanded Strike","Flying Knee","Acrobatics+1"],"picked":"SKIP","floor":25},{"not_picked":["Distraction+1","Dagger Spray","Predator+1","Dodge and Roll"],"picked":"SKIP","floor":27},{"not_picked":["Bane","Quick Slash","Accuracy","Eviscerate+1"],"picked":"SKIP","floor":30}],"player_experience":915686,"relics_obtained":[{"floor":7,"key":"Smiling Mask"},{"floor":9,"key":"Bronze Scales"},{"floor":13,"key":"ReplayTheSpireMod:Shallot"},{"floor":23,"key":"Blue Candle"},{"floor":23,"key":"Gremlin Horn"},{"floor":26,"key":"Question Card"},{"floor":27,"key":"Lizard Tail"},{"floor":27,"key":"Replay:Wax Seal"}],"event_choices":[{"damage_healed":0,"gold_gain":0,"player_choice":"Donut","damage_taken":0,"max_hp_gain":5,"max_hp_loss":0,"event_name":"Big Fish","floor":3,"gold_loss":0},{"damage_healed":0,"gold_gain":0,"player_choice":"Ignored","damage_taken":0,"max_hp_gain":0,"max_hp_loss":0,"event_name":"Golden Wing","floor":12,"gold_loss":0},{"damage_healed":0,"gold_gain":75,"player_choice":"Touch","damage_taken":8,"max_hp_gain":0,"max_hp_loss":0,"event_name":"FaceTrader","floor":19,"gold_loss":0}],"is_beta":false,"boss_relics":[{"not_picked":["Pandora\u0027s Box","Replay:Bronze Core"],"picked":"Black Star"}],"items_purged_floors":[4,14],"is_endless":false,"potions_floor_spawned":[1,10,22,23,25],"killed_by":"Champ","ascension_level":4}}