{"host":"hvwa7s69zr612rn1","time":1611137558,"event":{"mods":["BaseMod","Colored Map","Colored Powertips","Minty Spire (QoL Compilation)","StSLib"],"gold_per_floor":[19,38,57,72,22,22,22,48,48,48,76,103,103,133,133,230,230,247,257,257,272,326,354,354,354,354],"floor_reached":25,"language":"ENG","playtime":1303,"items_purged":[],"score":392,"play_id":"e352d58e-1d3a-4521-878a-67f74eebe431","local_time":"20210120211238","is_ascension_mode":true,"campfire_choices":[{"data":"Tantrum","floor":6,"key":"SMITH"},{"data":"CutThroughFate","floor":10,"key":"SMITH"},{"floor":13,"key":"REST"},{"data":"DevaForm","floor":15,"key":"SMITH"},{"data":"Omniscience","floor":24,"key":"SMITH"}],"circlet_count":0,"master_deck":["Strike_P","Strike_P","Strike_P","Defend_P","Defend_P","Defend_P","Defend_P","Eruption","Vigilance","DevaForm+1","Tantrum+1","CutThroughFate+1","Conclude","Omniscience+1","CurseOfTheBell","InnerPeace","WreathOfFlame"],"relics":["PureWater","Ice Cream","Orichalcum","Singing Bowl","Odd Mushroom","Toy Ornithopter","Prayer Wheel","Calling Bell","Art of War","TeardropLocket","CaptainsWheel","Smiling Mask"],"acts_visited":["Exordium","TheCity"],"potions_floor_usage":[4,8,11,22,22],"damage_taken":[{"damage":1,"enemies":"2 Louse","floor":1,"turns":2},{"damage":1,"enemies":"Small Slimes","floor":2,"turns":3},{"damage":0,"enemies":"Jaw Worm","floor":3,"turns":3},{"damage":22,"enemies":"2 Fungi Beasts","floor":4,"turns":5},{"damage":32,"enemies":"Gremlin Nob","floor":8,"turns":3},{"damage":15,"enemies":"The Mushroom Lair","floor":11,"turns":3},{"damage":0,"enemies":"Lagavulin","floor":14,"turns":4},{"damage":0,"enemies":"Slime Boss","floor":16,"turns":5},{"damage":2,"enemies":"Chosen","floor":18,"turns":4},{"damage":16,"enemies":"Shell Parasite","floor":19,"turns":4},{"damage":6,"enemies":"Chosen and Byrds","floor":21,"turns":4},{"damage":8,"enemies":"Centurion and Healer","floor":22,"turns":6},{"damage":66,"enemies":"Slavers","floor":23,"turns":4},{"damage":22,"enemies":"3 Cultists","floor":25,"turns":4}],"seed_played":"4098201831503777102","potions_obtained":[{"floor":2,"key":"Energy Potion"},{"floor":4,"key":"GamblersBrew"},{"floor":8,"key":"PowerPotion"},{"floor":18,"key":"DistilledChaos"},{"floor":19,"key":"Energy Potion"},{"floor":21,"key":"ColorlessPotion"}],"is_trial":false,"path_per_floor":["M","M","M","M","?","R","?","E","T","R","?","T","R","E","R","B",null,"M","M","?","M","M","E","R","M"],"character_chosen":"WATCHER","items_purchased":[],"campfire_rested":1,"item_purchase_floors":[],"current_hp_per_floor":[71,70,70,48,48,48,53,21,21,21,6,6,29,31,31,31,79,81,67,67,63,69,5,5,0,0],"gold":354,"neow_bonus":"ONE_RARE_RELIC","is_daily":false,"chose_seed":false,"campfire_upgraded":4,"win_rate":0.0,"timestamp":1611137558,"path_taken":["M","M","M","M","?","R","?","E","T","R","?","?","R","E","R","BOSS","M","M","?","M","M","E","R","M"],"items_purchased_type":[],"build_version":"2020-12-22","purchased_purges":0,"victory":false,"max_hp_per_floor":[72,72,72,72,72,72,77,77,77,77,77,77,77,79,79,79,79,83,85,85,87,91,93,93,93,93],"card_choices":[{"not_picked":["Crescendo","Evaluate","ThirdEye"],"picked":"SKIP","floor":1},{"not_picked":["BattleHymn","Protect"],"picked":"DevaForm","floor":2},{"not_picked":["ClearTheMind","ForeignInfluence","Prostrate"],"picked":"SKIP","floor":3},{"not_picked":["ClearTheMind","BattleHymn"],"picked":"Tantrum","floor":4},{"not_picked":["FollowUp","ClearTheMind"],"picked":"CutThroughFate","floor":8},{"not_picked":["WindmillStrike","CutThroughFate"],"picked":"Conclude","floor":11},{"not_picked":["ReachHeaven","EmptyMind","WaveOfTheHand"],"picked":"Singing Bowl","floor":14},{"not_picked":["Vault","Devotion"],"picked":"Omniscience","floor":16},{"not_picked":["JustLucky","FearNoEvil","Consecrate"],"picked":"Singing Bowl","floor":18},{"not_picked":["FlyingSleeves","Protect","ThirdEye+1"],"picked":"Singing Bowl","floor":18},{"not_picked":["FearNoEvil","FlurryOfBlows+1","EmptyFist"],"picked":"Singing Bowl","floor":19},{"not_picked":["Indignation","JustLucky"],"picked":"InnerPeace","floor":19},{"not_picked":["ClearTheMind","Brilliance","Pray+1"],"picked":"Singing Bowl","floor":21},{"not_picked":["ReachHeaven","DeceiveReality"],"picked":"WreathOfFlame","floor":21},{"not_picked":["Consecrate+1","Pray","LikeWater"],"picked":"Singing Bowl","floor":22},{"not_picked":["FlyingSleeves","Crescendo","Evaluate"],"picked":"Singing Bowl","floor":22},{"not_picked":["Protect","Nirvana+1","FearNoEvil+1"],"picked":"Singing Bowl","floor":23}],"player_experience":313208,"relics_obtained":[{"floor":8,"key":"Orichalcum"},{"floor":9,"key":"Singing Bowl"},{"floor":11,"key":"Odd Mushroom"},{"floor":12,"key":"Toy Ornithopter"},{"floor":14,"key":"Prayer Wheel"},{"floor":17,"key":"Art of War"},{"floor":17,"key":"TeardropLocket"},{"floor":17,"key":"CaptainsWheel"},{"floor":23,"key":"Smiling Mask"}],"event_choices":[{"cards_removed":["Strike_P"],"damage_healed":0,"gold_gain":0,"player_choice":"Card Removal","damage_taken":0,"max_hp_gain":0,"max_hp_loss":0,"event_name":"The Cleric","floor":5,"gold_loss":50},{"damage_healed":0,"gold_gain":0,"player_choice":"Donut","damage_taken":0,"max_hp_gain":5,"max_hp_loss":0,"event_name":"Big Fish","floor":7,"gold_loss":0},{"damage_healed":0,"gold_gain":0,"player_choice":"Fought Mushrooms","damage_taken":0,"max_hp_gain":0,"max_hp_loss":0,"event_name":"Mushrooms","floor":11,"gold_loss":0},{"damage_healed":0,"gold_gain":0,"player_choice":"Ignored","damage_taken":0,"max_hp_gain":0,"max_hp_loss":0,"event_name":"Vampires","floor":20,"gold_loss":0}],"is_beta":false,"boss_relics":[{"not_picked":["VioletLotus","Snecko Eye"],"picked":"Calling Bell"}],"items_purged_floors":[],"is_endless":false,"potions_floor_spawned":[2,4,8,18,19,21],"killed_by":"3 Cultists","ascension_level":4}}