{"host":"tf5skwcwe0vlu2md","time":1611155307,"event":{"mods":["BaseMod","Downfall","Highlight Path","Minty Spire (QoL Compilation)","Quick Restart","StSLib","The Hierophant"],"gold_per_floor":[111,111,122,140,153,183,158,184,208,228,80,92,92,24,24,125,125,136,149,168,11,29,63,63,96,142,162,162,261,288,300,300,396,396,408,0,16,16,35,66,83,417,417,417,451,464,483,518,518,518,518,518,175,207,207],"floor_reached":56,"playtime":2547,"items_purged":["Fiend Fire"],"score":1687,"play_id":"79cce6f3-ea99-478b-ab0c-0e9480cfac9e","local_time":"20210121020827","is_ascension_mode":true,"campfire_choices":[{"data":"Whirlwind","floor":15,"key":"SMITH"},{"data":"Corruption","floor":24,"key":"SMITH"},{"data":"1","floor":28,"key":"LIFT"},{"data":"2","floor":32,"key":"LIFT"},{"floor":49,"key":"RECALL"},{"data":"3","floor":52,"key":"LIFT"}],"circlet_count":0,"master_deck":["Strike_R","Strike_R","Strike_R","Strike_R","Strike_R","Defend_R","Defend_R","Defend_R","Defend_R","Bash","Clothesline","Whirlwind+1","Double Tap","Clash","Rage","Flex","Corruption+1","Double Tap","Twin Strike+1","Second Wind+1","Berserk","Anger","Flex+1","Anger+1","Thunderclap","Intimidate+1","Feel No Pain","Clash"],"relics":["Burning Blood","Strawberry","Red Skull","PreservedInsect","Centennial Puzzle","Odd Mushroom","OrangePellets","Girya","Busted Crown","Toy Ornithopter","Calipers","Art of War","Happy Flower","Self Forming Clay","SlaversCollar","Chemical X","Pear","Ice Cream","Old Coin","Bronze Scales","Mercury Hourglass","Akabeko"],"acts_visited":["Exordium","TheCity","TheBeyond","TheEnding"],"potions_floor_usage":[6,16,25,30,35,42,48,48,50,55,55],"damage_taken":[{"damage":8,"enemies":"2 Louse","floor":1,"turns":3},{"damage":1,"enemies":"Cultist","floor":3,"turns":3},{"damage":21,"enemies":"Jaw Worm","floor":4,"turns":5},{"damage":19,"enemies":"Blue Slaver","floor":5,"turns":4},{"damage":25,"enemies":"3 Sentries","floor":6,"turns":4},{"damage":20,"enemies":"Gremlin Nob","floor":8,"turns":3},{"damage":18,"enemies":"The Mushroom Lair","floor":10,"turns":2},{"damage":0,"enemies":"Gremlin Gang","floor":12,"turns":1},{"damage":0,"enemies":"Slime Boss","floor":16,"turns":3},{"damage":0,"enemies":"3 Byrds","floor":18,"turns":1},{"damage":7,"enemies":"Chosen","floor":19,"turns":3},{"damage":12,"enemies":"Shelled Parasite and Fungi","floor":20,"turns":2},{"damage":11,"enemies":"Snecko","floor":22,"turns":4},{"damage":0,"enemies":"Slavers","floor":23,"turns":1},{"damage":29,"enemies":"Gremlin Leader","floor":25,"turns":4},{"damage":18,"enemies":"Centurion and Healer","floor":27,"turns":4},{"damage":1,"enemies":"Book of Stabbing","floor":30,"turns":2},{"damage":7,"enemies":"Cultist and Chosen","floor":31,"turns":4},{"damage":44,"enemies":"Collector","floor":33,"turns":7},{"damage":23,"enemies":"3 Darklings","floor":35,"turns":4},{"damage":11,"enemies":"Orb Walker","floor":37,"turns":3},{"damage":36,"enemies":"Sphere and 2 Shapes","floor":39,"turns":2},{"damage":18,"enemies":"Reptomancer","floor":40,"turns":3},{"damage":8,"enemies":"Spire Growth","floor":41,"turns":3},{"damage":10,"enemies":"Nemesis","floor":42,"turns":3},{"damage":0,"enemies":"Giant Head","floor":45,"turns":5},{"damage":0,"enemies":"3 Darklings","floor":46,"turns":1},{"damage":0,"enemies":"Maw","floor":47,"turns":4},{"damage":8,"enemies":"Reptomancer","floor":48,"turns":3},{"damage":70,"enemies":"Donu and Deca","floor":50,"turns":5},{"damage":23,"enemies":"Shield and Spear","floor":54,"turns":2},{"damage":125,"enemies":"The Heart","floor":55,"turns":9}],"seed_played":"-2757717530932040121","potions_obtained":[{"floor":3,"key":"hexamod:EctoCoolerPotion"},{"floor":4,"key":"Explosive Potion"},{"floor":10,"key":"AttackPotion"},{"floor":16,"key":"Energy Potion"},{"floor":18,"key":"Strength Potion"},{"floor":19,"key":"Strength Potion"},{"floor":20,"key":"FairyPotion"},{"floor":27,"key":"Explosive Potion"},{"floor":35,"key":"SkillPotion"},{"floor":41,"key":"LiquidBronze"},{"floor":42,"key":"Strength Potion"},{"floor":47,"key":"SpeedPotion"},{"floor":48,"key":"Dexterity Potion"}],"is_trial":false,"path_per_floor":["M","?","M","M","M","E","?","E","T","?","$","M","T","$","R","B",null,"M","M","M","$","M","E","R","E","T","M","R","?","E","M","R","B",null,"M","$","M","?","M","E","M","E","T","?","E","M","M","E","R","B",null,"R","$","E","B",null],"character_chosen":"IRONCLAD","items_purchased":["OrangePellets","Corruption","Toy Ornithopter","Chemical X","Pear","CultistPotion","Weak Potion","Feel No Pain","Clash"],"campfire_rested":0,"item_purchase_floors":[11,14,21,36,36,53,53,53,53],"current_hp_per_floor":[86,93,95,80,67,48,48,34,34,22,22,28,28,28,28,34,95,95,94,88,88,83,89,89,71,71,59,59,59,69,68,68,30,95,78,88,83,83,53,41,39,40,40,40,46,52,58,66,66,7,105,105,105,88,13],"gold":207,"neow_bonus":"TEN_PERCENT_HP_BONUS","is_daily":false,"chose_seed":false,"campfire_upgraded":2,"win_rate":0.0,"timestamp":1611155307,"path_taken":["M","?","M","?","M","E","?","E","T","?","$","M","?","?","R","BOSS","M","?","M","?","M","E","R","E","T","M","R","?","E","M","R","BOSS","M","$","M","?","M","E","M","E","T","?","E","M","M","E","R","BOSS","R","$","E","BOSS"],"items_purchased_type":["Relic","Card","Relic","Relic","Relic","Potion","Potion","Card","Card"],"build_version":"2020-12-13","purchased_purges":1,"victory":true,"max_hp_per_floor":[88,95,95,95,95,95,95,95,95,95,95,95,95,95,95,95,95,95,95,95,95,95,95,95,95,95,95,95,95,95,95,95,95,95,95,105,105,105,105,105,105,105,105,105,105,105,105,105,105,105,105,105,105,105,105],"card_choices":[{"not_picked":["Havoc","True Grit"],"picked":"Clothesline","floor":1},{"not_picked":["Combust","Wild Strike"],"picked":"Whirlwind","floor":3},{"not_picked":["Warcry","Dropkick"],"picked":"Double Tap","floor":4},{"not_picked":["Second Wind","Rage"],"picked":"Clash","floor":5},{"not_picked":["Clothesline","Searing Blow","Pummel"],"picked":"SKIP","floor":6},{"not_picked":["Flame Barrier","Hemokinesis"],"picked":"Rage","floor":8},{"not_picked":["Intimidate","True Grit"],"picked":"Flex","floor":10},{"not_picked":["Headbutt","Fire Breathing","True Grit"],"picked":"SKIP","floor":12},{"not_picked":["Juggernaut","Corruption"],"picked":"Double Tap","floor":16},{"not_picked":["Body Slam"],"picked":"SKIP","floor":18},{"not_picked":[],"picked":"Twin Strike+1","floor":19},{"not_picked":["Iron Wave+1"],"picked":"SKIP","floor":20},{"not_picked":["Burning Pact"],"picked":"SKIP","floor":22},{"not_picked":[],"picked":"Second Wind+1","floor":23},{"not_picked":[],"picked":"Berserk","floor":25},{"not_picked":["Cleave"],"picked":"SKIP","floor":27},{"not_picked":[],"picked":"Anger","floor":30},{"not_picked":["Disarm"],"picked":"SKIP","floor":31},{"not_picked":[],"picked":"Fiend Fire","floor":33},{"not_picked":["Iron Wave"],"picked":"SKIP","floor":35},{"not_picked":["Evolve"],"picked":"SKIP","floor":37},{"not_picked":["Havoc+1"],"picked":"SKIP","floor":39},{"not_picked":["Twin Strike"],"picked":"SKIP","floor":40},{"not_picked":[],"picked":"Flex+1","floor":41},{"not_picked":["Fire Breathing"],"picked":"SKIP","floor":42},{"not_picked":[],"picked":"Anger+1","floor":45},{"not_picked":["Thunderclap"],"picked":"SKIP","floor":46},{"not_picked":[],"picked":"Thunderclap","floor":46},{"not_picked":["Iron Wave"],"picked":"SKIP","floor":47},{"not_picked":[],"picked":"Intimidate+1","floor":48},{"not_picked":["Carnage"],"picked":"SKIP","floor":54}],"player_experience":232576,"relics_obtained":[{"floor":2,"key":"Strawberry"},{"floor":6,"key":"Red Skull"},{"floor":8,"key":"PreservedInsect"},{"floor":9,"key":"Centennial Puzzle"},{"floor":10,"key":"Odd Mushroom"},{"floor":13,"key":"Girya"},{"floor":23,"key":"Calipers"},{"floor":25,"key":"Art of War"},{"floor":26,"key":"Happy Flower"},{"floor":30,"key":"Self Forming Clay"},{"floor":40,"key":"Ice Cream"},{"floor":42,"key":"Old Coin"},{"floor":45,"key":"Bronze Scales"},{"floor":48,"key":"Mercury Hourglass"},{"floor":54,"key":"Akabeko"}],"event_choices":[{"damage_healed":0,"gold_gain":0,"player_choice":"Relic","damage_taken":0,"max_hp_gain":0,"max_hp_loss":0,"event_name":"Wheel of Change","floor":2,"gold_loss":0},{"damage_healed":0,"gold_gain":0,"player_choice":"Left Gold","damage_taken":0,"max_hp_gain":0,"max_hp_loss":0,"event_name":"World of Goop","floor":7,"gold_loss":25},{"damage_healed":0,"gold_gain":0,"player_choice":"Fought Mushrooms","damage_taken":0,"max_hp_gain":0,"max_hp_loss":0,"event_name":"Mushrooms","floor":10,"gold_loss":0},{"damage_healed":0,"gold_gain":99,"player_choice":"Stole From Cult","damage_taken":0,"max_hp_gain":0,"max_hp_loss":0,"event_name":"Nest","floor":29,"gold_loss":0},{"damage_healed":0,"gold_gain":0,"player_choice":"Memory 1","damage_taken":0,"max_hp_gain":0,"max_hp_loss":0,"event_name":"SensoryStone","floor":38,"gold_loss":0},{"damage_healed":0,"gold_gain":0,"player_choice":"Ignored","damage_taken":0,"max_hp_gain":0,"max_hp_loss":0,"event_name":"Tomb of Lord Red Mask","floor":44,"gold_loss":0}],"is_beta":false,"boss_relics":[{"not_picked":["Ectoplasm","Pandora\u0027s Box"],"picked":"Busted Crown"},{"not_picked":["Cursed Key","Tiny House"],"picked":"SlaversCollar"}],"items_purged_floors":[53],"is_endless":false,"potions_floor_spawned":[3,4,10,16,18,19,20,27,35,41,42,45,46,47,48],"ascension_level":4}}