{"host":"hnrafgucdht3qvsp","time":1611148911,"event":{"mods":["BaseMod","Bestiary","Colored Map","Minty Spire (QoL Compilation)","Relic Stats","StSLib"],"gold_per_floor":[119,139,214,229,229,229,17,42,42,42,58,71,71,99,99,196,196,215,215,225,225,241,241,254,287,311,326,340,365,365,385,385,481,481,491,501,517,517,184,184,184,184],"floor_reached":41,"language":"ENG","playtime":3014,"items_purged":["Pain","Decay"],"score":490,"play_id":"5ae7f4cd-583d-4345-963e-a4f4e47b161e","local_time":"20210120082151","is_ascension_mode":true,"campfire_choices":[{"data":"Tantrum","floor":6,"key":"SMITH"},{"data":"LikeWater","floor":10,"key":"SMITH"},{"data":"DevaForm","floor":13,"key":"SMITH"},{"data":"FlurryOfBlows","floor":15,"key":"SMITH"},{"data":"TalkToTheHand","floor":23,"key":"SMITH"},{"data":"Vault","floor":30,"key":"SMITH"},{"floor":32,"key":"REST"},{"floor":40,"key":"REST"}],"circlet_count":0,"master_deck":["Strike_P","Strike_P","Strike_P","Strike_P","Defend_P","Defend_P","Defend_P","Defend_P","Eruption","Vigilance","Tantrum+1","CutThroughFate","ClearTheMind","LikeWater+1","DevaForm+1","Perseverance","FlurryOfBlows+1","Meditate","Vault+1","TalkToTheHand+1","FlurryOfBlows","Wireheading+1","Ragnarok","Indignation+1","Conclude+1","Study+1"],"relics":["PureWater","StoneCalendar","WarpedTongs","Torii","Frozen Egg 2","Vajra","Cursed Key","Pear","Gambling Chip","Sozu","Anchor"],"acts_visited":["Exordium","TheCity","TheBeyond"],"potions_floor_usage":[25,25,29,36,36],"damage_taken":[{"damage":0,"enemies":"2 Louse","floor":1,"turns":2},{"damage":4,"enemies":"Jaw Worm","floor":2,"turns":3},{"damage":0,"enemies":"Cultist","floor":4,"turns":2},{"damage":4,"enemies":"Gremlin Nob","floor":8,"turns":4},{"damage":1,"enemies":"Exordium Wildlife","floor":11,"turns":4},{"damage":0,"enemies":"2 Fungi Beasts","floor":12,"turns":2},{"damage":1,"enemies":"Lagavulin","floor":14,"turns":6},{"damage":12,"enemies":"The Guardian","floor":16,"turns":8},{"damage":1,"enemies":"Shell Parasite","floor":18,"turns":3},{"damage":0,"enemies":"2 Thieves","floor":20,"turns":4},{"damage":8,"enemies":"Snake Plant","floor":22,"turns":4},{"damage":25,"enemies":"Centurion and Healer","floor":24,"turns":3},{"damage":8,"enemies":"Gremlin Leader","floor":25,"turns":6},{"damage":1,"enemies":"Shelled Parasite and Fungi","floor":27,"turns":4},{"damage":0,"enemies":"Cultist and Chosen","floor":28,"turns":4},{"damage":23,"enemies":"Slavers","floor":29,"turns":6},{"damage":0,"enemies":"Centurion and Healer","floor":31,"turns":4},{"damage":11,"enemies":"Automaton","floor":33,"turns":9},{"damage":3,"enemies":"Orb Walker","floor":35,"turns":6},{"damage":7,"enemies":"3 Shapes","floor":36,"turns":4},{"damage":59,"enemies":"Maw","floor":37,"turns":6},{"damage":40,"enemies":"Nemesis","floor":41,"turns":2}],"seed_played":"8418028075328747450","potions_obtained":[{"floor":2,"key":"LiquidBronze"},{"floor":8,"key":"Energy Potion"},{"floor":14,"key":"BottledMiracle"},{"floor":24,"key":"Strength Potion"},{"floor":29,"key":"Explosive Potion"},{"floor":31,"key":"Fire Potion"}],"is_trial":false,"path_per_floor":["M","M","?","M","?","R","$","E","T","R","M","M","R","E","R","B",null,"M","?","M","?","M","R","M","E","T","M","M","E","R","M","R","B",null,"M","M","M","?","$","R","E"],"character_chosen":"WATCHER","items_purchased":["ClearTheMind","LikeWater","Strength Potion","Study+1","Anchor"],"campfire_rested":2,"item_purchase_floors":[7,7,7,39,39],"current_hp_per_floor":[51,47,36,36,36,36,36,32,32,32,31,31,31,30,30,18,72,71,71,71,71,63,63,38,40,40,39,39,16,16,16,40,29,82,79,72,13,13,13,37,0,0],"gold":184,"neow_bonus":"ONE_RARE_RELIC","is_daily":false,"chose_seed":false,"campfire_upgraded":6,"win_rate":0.0,"timestamp":1611148911,"path_taken":["M","M","?","M","?","R","$","E","T","R","M","?","R","E","R","BOSS","M","?","M","?","M","R","M","E","T","M","?","E","R","M","R","BOSS","M","M","M","?","$","R","E"],"items_purchased_type":["Card","Card","Potion","Card","Relic"],"build_version":"2020-12-22","purchased_purges":2,"victory":false,"max_hp_per_floor":[72,72,72,72,72,72,72,72,72,72,72,72,72,72,72,72,72,72,72,72,72,72,72,72,82,82,82,82,82,82,82,82,82,82,82,82,82,82,82,82,82,82],"relic_stats":{"Sozu":1,"Torii":22,"counters":[22,96],"Gambling Chip":[13],"StoneCalendar":[104],"Cursed Key":1,"obtain_stats":[{"Sozu":34,"Anchor":39,"Pear":25,"Torii":8,"Gambling Chip":29,"Vajra":14,"StoneCalendar":0,"PureWater":0,"Frozen Egg 2":9,"Cursed Key":17,"WarpedTongs":5},{"Sozu":18,"Anchor":21,"Pear":13,"Torii":4,"Gambling Chip":16,"Vajra":7,"StoneCalendar":0,"PureWater":0,"Frozen Egg 2":4,"Cursed Key":8,"WarpedTongs":3},{"Sozu":78,"Anchor":94,"Pear":51,"Torii":11,"Gambling Chip":65,"Vajra":23,"StoneCalendar":0,"PureWater":0,"Frozen Egg 2":11,"Cursed Key":31,"WarpedTongs":7}],"WarpedTongs":[89]},"card_choices":[{"not_picked":["CutThroughFate","PathToVictory"],"picked":"Tantrum","floor":1},{"not_picked":["WaveOfTheHand","Tantrum","FollowUp"],"picked":"SKIP","floor":2},{"not_picked":["Indignation","JustLucky"],"picked":"CutThroughFate","floor":4},{"not_picked":["InnerPeace","FlurryOfBlows"],"picked":"DevaForm","floor":8},{"not_picked":["Crescendo","PathToVictory"],"picked":"Perseverance","floor":11},{"not_picked":["ThirdEye","Prostrate"],"picked":"FlurryOfBlows","floor":12},{"not_picked":["Swivel","SignatureMove"],"picked":"Meditate","floor":14},{"not_picked":["Blasphemy","Judgement"],"picked":"Vault","floor":16},{"not_picked":["Crescendo","ForeignInfluence","WindmillStrike"],"picked":"SKIP","floor":18},{"not_picked":["CrushJoints","Halt+1","FollowUp"],"picked":"SKIP","floor":20},{"not_picked":["CrushJoints+1","Weave+1"],"picked":"TalkToTheHand","floor":22},{"not_picked":["FollowUp","ThirdEye"],"picked":"FlurryOfBlows","floor":24},{"not_picked":["Vengeance+1","BowlingBash+1"],"picked":"Wireheading+1","floor":25},{"not_picked":["EmptyBody+1","Protect","Crescendo+1"],"picked":"SKIP","floor":27},{"not_picked":["SignatureMove","Collect","FollowUp"],"picked":"SKIP","floor":28},{"not_picked":["CrushJoints","ClearTheMind"],"picked":"DeceiveReality","floor":29},{"not_picked":["SashWhip+1","CrushJoints+1","FollowUp"],"picked":"SKIP","floor":31},{"not_picked":["Alpha","SpiritShield"],"picked":"Ragnarok","floor":33},{"not_picked":["Prostrate","FlurryOfBlows","JustLucky"],"picked":"SKIP","floor":35},{"not_picked":["FlyingSleeves+1","Evaluate"],"picked":"Indignation+1","floor":36},{"not_picked":["WreathOfFlame+1","ClearTheMind+1"],"picked":"Conclude+1","floor":37}],"player_experience":427879,"relics_obtained":[{"floor":8,"key":"Torii"},{"floor":9,"key":"Frozen Egg 2"},{"floor":14,"key":"Vajra"},{"floor":25,"key":"Pear"},{"floor":29,"key":"Gambling Chip"}],"event_choices":[{"damage_healed":0,"gold_gain":75,"player_choice":"Gather Gold","damage_taken":11,"max_hp_gain":0,"max_hp_loss":0,"event_name":"World of Goop","floor":3,"gold_loss":0},{"damage_healed":0,"gold_gain":0,"player_choice":"Rummage","damage_taken":0,"relics_obtained":["WarpedTongs"],"max_hp_gain":0,"max_hp_loss":0,"event_name":"Accursed Blacksmith","floor":5,"gold_loss":0,"cards_obtained":["Pain"]},{"damage_healed":0,"gold_gain":0,"player_choice":"Ignored","damage_taken":0,"max_hp_gain":0,"max_hp_loss":0,"event_name":"The Mausoleum","floor":19,"gold_loss":0},{"damage_healed":0,"gold_gain":0,"player_choice":"Bought 0 Potions","damage_taken":0,"max_hp_gain":0,"max_hp_loss":0,"event_name":"The Woman in Blue","floor":21,"gold_loss":0},{"cards_removed":["DeceiveReality"],"damage_healed":0,"gold_gain":0,"player_choice":"Removed Skill","damage_taken":0,"max_hp_gain":0,"max_hp_loss":0,"event_name":"Falling","floor":38,"gold_loss":0}],"is_beta":false,"boss_relics":[{"not_picked":["Ectoplasm","Busted Crown"],"picked":"Cursed Key"},{"not_picked":["Calling Bell","Velvet Choker"],"picked":"Sozu"}],"items_purged_floors":[7,39],"is_endless":false,"potions_floor_spawned":[2,8,14,20,24,29,31,36],"killed_by":"Nemesis","ascension_level":2}}