{"host":"nbmmy2ys5j9alw05","time":1611103874,"event":{"mods":["AchievementEnabler","BaseMod","Bestiary","Better Vampires","Colored Map","Colored Powertips","Googly Eyes","Minty Spire (QoL Compilation)","Quick Restart","StSLib","The Hierophant","The IronCluck","everything is the same but u backflip on backflip"],"gold_per_floor":[112,130,62,79,91,91,119,36,36,51,84,84,104,104,104,104,104],"floor_reached":16,"language":"ENG","playtime":852,"items_purged":[],"score":168,"play_id":"8b35ab17-502a-4441-9e90-0a13a64809f6","local_time":"20210119165114","is_ascension_mode":true,"campfire_choices":[{"data":"Poisoned Stab","floor":6,"key":"SMITH"},{"floor":12,"key":"REST"},{"data":"Venomology","floor":15,"key":"SMITH"}],"circlet_count":0,"master_deck":["AscendersBane","Strike_G","Strike_G","Strike_G","Strike_G","Strike_G","Defend_G","Defend_G","Defend_G","Defend_G","Defend_G","Survivor","Neutralize","Slice","PiercingWail","Dash","Adrenaline","Poisoned Stab+1","PiercingWail","Bane","Venomology+1","Prepared","Concentrate"],"relics":["Ring of the Snake","Dream Catcher","Tough Bandages","Darkstone Periapt","Torii"],"acts_visited":["Exordium"],"potions_floor_usage":[7,11,13,16,16],"damage_taken":[{"damage":5,"enemies":"Cultist","floor":1,"turns":5},{"damage":0,"enemies":"2 Louse","floor":2,"turns":4},{"damage":0,"enemies":"Jaw Worm","floor":4,"turns":4},{"damage":0,"enemies":"3 Louse","floor":5,"turns":4},{"damage":11,"enemies":"Gremlin Nob","floor":7,"turns":4},{"damage":1,"enemies":"Exordium Thugs","floor":10,"turns":5},{"damage":13,"enemies":"3 Sentries","floor":11,"turns":9},{"damage":1,"enemies":"Gremlin Gang","floor":13,"turns":5},{"damage":60,"enemies":"The Guardian","floor":16,"turns":14}],"seed_played":"6921218375831409784","potions_obtained":[{"floor":5,"key":"Fire Potion"},{"floor":10,"key":"PowerPotion"},{"floor":11,"key":"EssenceOfSteel"}],"is_trial":false,"path_per_floor":["M","M","$","M","M","R","E","?","T","M","E","R","M","?","R","B"],"character_chosen":"THE_SILENT","items_purchased":["Dash"],"campfire_rested":1,"item_purchase_floors":[3],"current_hp_per_floor":[65,65,65,65,65,65,54,54,54,53,40,63,62,62,62,2,2],"gold":104,"neow_bonus":"TEN_PERCENT_HP_BONUS","is_daily":false,"chose_seed":false,"campfire_upgraded":2,"win_rate":0.0,"timestamp":1611103874,"path_taken":["M","M","$","?","M","R","E","?","T","M","E","R","?","?","R","BOSS"],"items_purchased_type":["Card"],"build_version":"2020-12-22","purchased_purges":0,"victory":false,"max_hp_per_floor":[77,77,77,77,77,77,77,77,77,77,77,77,77,77,77,77,77],"card_choices":[{"not_picked":["Dodge and Roll","Acrobatics"],"picked":"Slice","floor":1},{"not_picked":["Bane","Underhanded Strike"],"picked":"PiercingWail","floor":2},{"not_picked":["Predator","Cloak And Dagger"],"picked":"Adrenaline","floor":4},{"not_picked":["Quick Slash","Backflip"],"picked":"Poisoned Stab","floor":5},{"not_picked":["Flying Knee","Masterful Stab"],"picked":"PiercingWail","floor":7},{"not_picked":["Eviscerate","Riddle With Holes"],"picked":"Bane","floor":10},{"not_picked":["Masterful Stab","Backstab"],"picked":"Venomology","floor":11},{"not_picked":["Underhanded Strike","Blade Dance"],"picked":"Prepared","floor":12},{"not_picked":["Eviscerate","Masterful Stab"],"picked":"Concentrate","floor":13}],"player_experience":478311,"relics_obtained":[{"floor":7,"key":"Dream Catcher"},{"floor":9,"key":"Darkstone Periapt"},{"floor":11,"key":"Torii"}],"event_choices":[{"damage_healed":0,"gold_gain":0,"player_choice":"Paid Gold","damage_taken":0,"relics_obtained":["Tough Bandages"],"max_hp_gain":0,"max_hp_loss":0,"event_name":"WeMeetAgain","floor":8,"gold_loss":83},{"damage_healed":0,"gold_gain":0,"player_choice":"Ignored","damage_taken":0,"max_hp_gain":0,"max_hp_loss":0,"event_name":"Golden Idol","floor":14,"gold_loss":0}],"is_beta":false,"boss_relics":[],"items_purged_floors":[],"is_endless":false,"potions_floor_spawned":[5,10,11],"killed_by":"The Guardian","ascension_level":10}}