{"host":"mhzgc0zma59jtmoj","time":1611109680,"event":{"mods":["BaseMod","BetterRewards","Custom Start","Glutton Mod","Hermit","Ironclad Rager","Koishi","Luminous","Minty Spire (QoL Compilation)","Shade Mod","Somnambulant","StSLib","The Cursed","The Hierophant","The Jungle","The Necromancer","Treasure Hunter"],"gold_per_floor":[119,130,149,169,186,186,186,186,218,218,218,218,245,245,245,363,363,377,404,314,239,86,132,132,152,161,161,172,181,220,220,220],"floor_reached":31,"language":"ENG","playtime":1068,"items_purged":["Acrobatics"],"score":265,"play_id":"8b88b1db-1aa2-405b-a571-63027a72a3a0","local_time":"20210119212800","daily_mods":["SealedDeck"],"is_ascension_mode":false,"campfire_choices":[{"data":"Prepared","floor":6,"key":"SMITH"},{"data":"Dodge and Roll","floor":8,"key":"SMITH"},{"data":"Accuracy","floor":12,"key":"SMITH"},{"floor":15,"key":"REST"},{"floor":24,"key":"REST"}],"circlet_count":0,"master_deck":["Dodge and Roll+1","ICR:Vanish","Dagger Spray","Blade Dance+1","Accuracy+1","Blade Dance","Cloak And Dagger","Prepared+1","TH:CursedSword","Finisher+1","TH:Mimic","Phantasmal Killer","Backflip+1","TH:DeckOfManyThings","Infinite Blades","Prepared","TH:Mimic","Caltrops","Cloak And Dagger"],"relics":["Ring of the Serpent","Juzu Bracelet","CeramicFish","Pen Nib","Boot","Ice Cream"],"acts_visited":["Exordium","TheCity"],"potions_floor_usage":[23,30,31],"damage_taken":[{"damage":0.0,"enemies":"Small Slimes","floor":1.0,"turns":1.0},{"damage":0.0,"enemies":"Cultist","floor":2.0,"turns":3.0},{"damage":0.0,"enemies":"Jaw Worm","floor":3.0,"turns":1.0},{"damage":0,"enemies":"Gremlin Gang","floor":4,"turns":1},{"damage":9,"enemies":"Red Slaver","floor":5,"turns":2},{"damage":0,"enemies":"Exordium Wildlife","floor":13,"turns":3},{"damage":45,"enemies":"The Guardian","floor":16,"turns":6},{"damage":11,"enemies":"Chosen","floor":18,"turns":3},{"damage":8,"enemies":"2 Thieves","floor":19,"turns":2},{"damage":26,"enemies":"Slavers","floor":23,"turns":5},{"damage":0,"enemies":"Snecko","floor":25,"turns":2},{"damage":17,"enemies":"Snake Plant","floor":28,"turns":4},{"damage":24,"enemies":"Book of Stabbing","floor":30,"turns":3},{"damage":8,"enemies":"Centurion and Healer","floor":31,"turns":1}],"seed_played":"2579829724479319337","potions_obtained":[{"floor":1.0,"key":"SneckoOil"},{"floor":4,"key":"GhostInAJar"},{"floor":18,"key":"SneckoOil"},{"floor":23,"key":"SmokeBomb"}],"is_trial":true,"path_per_floor":["M","M","M","M","M","R","?","R","T","?","?","R","M","?","R","B",null,"M","M","?","$","$","E","R","M","T","?","M","?","E","M"],"character_chosen":"THE_SILENT","items_purchased":["Pen Nib"],"campfire_rested":2,"item_purchase_floors":[22],"current_hp_per_floor":[70,70,70,70,61,61,43,43,43,43,43,43,43,43,64,19,70,59,51,51,51,51,25,46,46,46,46,29,29,5,0,0],"gold":220,"neow_bonus":"","is_daily":false,"chose_seed":false,"campfire_upgraded":3,"win_rate":0.0,"timestamp":1611109680,"path_taken":["M","M","M","M","M","R","?","R","T","?","?","R","M","?","R","BOSS","M","M","?","?","$","E","R","M","T","?","M","?","E","M"],"items_purchased_type":["Relic"],"build_version":"2020-12-22","purchased_purges":1,"victory":false,"max_hp_per_floor":[70,70,70,70,70,70,70,70,70,70,70,70,70,70,70,70,70,70,70,70,70,70,70,70,70,70,70,70,70,70,70,70],"card_choices":[{"not_picked":["Underhanded Strike","Flying Knee","Deadly Poison"],"picked":"SKIP","floor":1.0},{"not_picked":["Dash","Bane","Poisoned Stab"],"picked":"SKIP","floor":2.0},{"not_picked":["Heel Hook","Tactician","Sucker Punch"],"picked":"SKIP","floor":3.0},{"not_picked":["Night Terror","Slice"],"picked":"Cloak And Dagger","floor":4},{"not_picked":["Acrobatics","Escape Plan"],"picked":"Prepared","floor":5},{"not_picked":["TH:ArmorSpikes"],"picked":"TH:CursedSword","floor":9},{"not_picked":["Dagger Throw","Leg Sweep"],"picked":"Finisher","floor":13},{"not_picked":["TH:ElvenBoots"],"picked":"TH:Mimic","floor":16},{"not_picked":["Malaise","Die Die Die"],"picked":"Phantasmal Killer","floor":16},{"not_picked":["ICR:Cloudkill","Bane","Riddle With Holes"],"picked":"SKIP","floor":18},{"not_picked":["Tactician","Bane"],"picked":"Backflip+1","floor":19},{"not_picked":["TH:ArmorSpikes"],"picked":"TH:DeckOfManyThings","floor":23},{"not_picked":["Calculated Gamble","Riddle With Holes"],"picked":"Infinite Blades","floor":23},{"not_picked":["Escape Plan","Backstab"],"picked":"Prepared","floor":25},{"not_picked":["TH:DeckOfManyThings"],"picked":"TH:Mimic","floor":26},{"not_picked":["Deadly Poison","Escape Plan+1","Underhanded Strike"],"picked":"SKIP","floor":28},{"not_picked":["Tactician+1","Slice"],"picked":"Cloak And Dagger","floor":30},{"not_picked":["TH:TreasureMap","TH:ArmorSpikes"],"picked":"SKIP","floor":30}],"player_experience":197471,"relics_obtained":[{"floor":9,"key":"CeramicFish"},{"floor":23,"key":"Boot"},{"floor":30,"key":"Ice Cream"}],"event_choices":[{"damage_healed":0,"gold_gain":0,"player_choice":"Success","damage_taken":18,"relics_obtained":["Juzu Bracelet"],"max_hp_gain":0,"max_hp_loss":0,"event_name":"Scrap Ooze","floor":7,"gold_loss":0},{"damage_healed":0,"gold_gain":0,"player_choice":"Bought 0 Potions","damage_taken":0,"max_hp_gain":0,"max_hp_loss":0,"event_name":"The Woman in Blue","floor":10,"gold_loss":0},{"damage_healed":0,"gold_gain":0,"player_choice":"Ignored","damage_taken":0,"max_hp_gain":0,"max_hp_loss":0,"event_name":"NoteForYourself","floor":11,"gold_loss":0},{"damage_healed":0,"gold_gain":0,"player_choice":"Upgraded","damage_taken":0,"max_hp_gain":0,"max_hp_loss":0,"event_name":"Upgrade Shrine","floor":14,"gold_loss":0,"cards_upgraded":["Finisher"]},{"cards_removed":["Acrobatics"],"damage_healed":0,"gold_gain":0,"player_choice":"Upgrade and Remove","damage_taken":0,"max_hp_gain":0,"max_hp_loss":0,"event_name":"Designer","floor":20,"gold_loss":90,"cards_upgraded":["Blade Dance"]},{"cards_removed":["Dagger Spray"],"damage_healed":0,"gold_gain":0,"player_choice":"Purged","damage_taken":0,"max_hp_gain":0,"max_hp_loss":0,"event_name":"Purifier","floor":27,"gold_loss":0},{"damage_healed":0,"gold_gain":0,"cards_transformed":["Dagger Spray"],"player_choice":"Transformed","damage_taken":0,"max_hp_gain":0,"max_hp_loss":0,"event_name":"Transmorgrifier","floor":29,"gold_loss":0,"cards_obtained":["Caltrops"]}],"is_beta":false,"boss_relics":[{"not_picked":["HoveringKite","Velvet Choker"],"picked":"Ring of the Serpent"}],"items_purged_floors":[21],"is_endless":false,"potions_floor_spawned":[1,4,18,23],"killed_by":"Centurion and Healer","ascension_level":0}}