{"host":"eemx8njkng76fu5x","time":1611115213,"event":{"mods":["2.2 Compatiblity","BaseMod","Downfall","Minty Spire (QoL Compilation)","Permanent Neow","StSLib","Unceasing Turn Reminder","Unknown Chances"],"gold_per_floor":[0,20,36,136,147,147,147,176,176,204,235,135,170,187,202,303,303,203,214,214,229,249,249,326,326,354,354,88,88,88,118,128,223,223,223,234,248,262,262,262,341,356,389,400,426,595,495,524,540,540,540,572,76,76,76,76,76],"floor_reached":55,"language":"ENG","playtime":3361,"items_purged":["bronze:Strike","bronze:Defend"],"score":1049,"play_id":"410bbd54-7bb8-4c39-8fa4-937df7a4018b","local_time":"20210120120013","is_ascension_mode":true,"campfire_choices":[{"data":"bronze:Goto","floor":1.0,"key":"SMITH"},{"data":"bronze:OilSpill","floor":6.0,"key":"SMITH"},{"floor":9.0,"key":"RECALL"},{"data":"bronze:Assembly","floor":12.0,"key":"SMITH"},{"data":"bronze:Optimize","floor":18.0,"key":"SMITH"},{"data":"bronze:NullPointer","floor":23.0,"key":"SMITH"},{"data":"bronze:CleanCode","floor":25.0,"key":"SMITH"},{"data":"bronze:BitShift","floor":30.0,"key":"SMITH"},{"data":"bronze:TinkerersToolbox","floor":35.0,"key":"SMITH"},{"data":"bronze:OilSpill","floor":40.0,"key":"SMITH"},{"data":"bronze:NullPointer","floor":47.0,"key":"SMITH"},{"data":"bronze:Verify","floor":54.0,"key":"SMITH"}],"circlet_count":0,"master_deck":["bronze:Defend","bronze:Defend+1","bronze:Goto+1","bronze:Iterate","bronze:OilSpill+1","bronze:Iterate","bronze:Assembly+1","bronze:Optimize+1","bronze:CleanCode+1","bronze:Deprecate","bronze:Format+1","bronze:Boost+1","bronze:Flail+1","bronze:DelayedSlice+1","bronze:OilSpill+1","bronze:NullPointer+1","bronze:WhirlingStrike+1","bronze:BitShift+1","bronze:Terminator+1","bronze:TinkerersToolbox+1","bronze:BitShift+1","bronze:Return+1","bronze:NullPointer+1","bronze:Philosophize","bronze:DarkDash+1","bronze:Verify+1"],"relics":["bronze:BronzeCore","FossilizedHelix","Question Card","WingedGreaves","hexamod:BolsterEngine","Mummified Hand","downfall:HeartBlessingRed","Bronze Scales","Astrolabe","downfall:HeartBlessingGreen","Shuriken","Smiling Mask","Pen Nib","Enchiridion","War Paint","Empty Cage","Meat on the Bone","Dream Catcher","Anchor","downfall:HeartBlessingBlue","Eternal Feather","Incense Burner","Bottled Lightning"],"acts_visited":["Exordium","TheCity","TheBeyond","TheEnding"],"potions_floor_usage":[],"damage_taken":[{"damage":0.0,"enemies":"2 Louse","floor":2.0,"turns":3.0},{"damage":0.0,"enemies":"Small Slimes","floor":3.0,"turns":3.0},{"damage":0.0,"enemies":"Cultist","floor":5.0,"turns":2.0},{"damage":12.0,"enemies":"3 Sentries","floor":8.0,"turns":9.0},{"damage":0.0,"enemies":"Gremlin Nob","floor":10.0,"turns":3.0},{"damage":16.0,"enemies":"3 Sentries","floor":11.0,"turns":9.0},{"damage":0.0,"enemies":"Lagavulin","floor":13.0,"turns":5.0},{"damage":0.0,"enemies":"Blue Slaver","floor":14.0,"turns":1.0},{"damage":0.0,"enemies":"Lots of Slimes","floor":15.0,"turns":3.0},{"damage":22.0,"enemies":"DF_ARCHETYPE_STREAMLINE","floor":16.0,"turns":8.0},{"damage":0.0,"enemies":"3 Byrds","floor":19.0,"turns":2.0},{"damage":0.0,"enemies":"3 Cultists","floor":21.0,"turns":2.0},{"damage":0.0,"enemies":"Snecko","floor":22.0,"turns":3.0},{"damage":0.0,"enemies":"Slavers","floor":26.0,"turns":3.0},{"damage":2.0,"enemies":"downfall:FleeingMerchant","floor":28.0,"turns":4.0},{"damage":0.0,"enemies":"Book of Stabbing","floor":31.0,"turns":3.0},{"damage":0.0,"enemies":"Snake Plant","floor":32.0,"turns":1.0},{"damage":0.0,"enemies":"SI_MIRROR_ARCHETYPE","floor":33.0,"turns":5.0},{"damage":0.0,"enemies":"Orb Walker","floor":36.0,"turns":2.0},{"damage":0.0,"enemies":"3 Shapes","floor":37.0,"turns":2.0},{"damage":0.0,"enemies":"Maw","floor":38.0,"turns":4.0},{"damage":0.0,"enemies":"4 Shapes","floor":42.0,"turns":6.0},{"damage":0.0,"enemies":"Reptomancer","floor":43.0,"turns":3.0},{"damage":0.0,"enemies":"Sphere and 2 Shapes","floor":44.0,"turns":1.0},{"damage":0.0,"enemies":"Nemesis","floor":45.0,"turns":3.0},{"damage":0.0,"enemies":"downfall:FleeingMerchant","floor":46.0,"turns":2.0},{"damage":4.0,"enemies":"Giant Head","floor":48.0,"turns":5.0},{"damage":0.0,"enemies":"Transient","floor":49.0,"turns":5.0},{"damage":3.0,"enemies":"IC_BLOCK_ARCHETYPE","floor":50.0,"turns":5.0},{"damage":25.0,"enemies":"downfall:CharBossMerchant","floor":52.0,"turns":7.0},{"damage":88,"enemies":"downfall:NeowBoss","floor":55,"turns":9}],"seed_played":"3651271918500874219","potions_obtained":[{"floor":5.0,"key":"Strength Potion"},{"floor":8.0,"key":"Block Potion"},{"floor":13.0,"key":"bronze:FreeFunctionsPotion"},{"floor":16.0,"key":"ColorlessPotion"},{"floor":22.0,"key":"Energy Potion"},{"floor":27.0,"key":"CultistPotion"},{"floor":43.0,"key":"Dexterity Potion"},{"floor":49.0,"key":"LiquidMemories"}],"is_trial":false,"path_per_floor":["R","M","M","?","M","R","T","E","R","E","E","R","E","M","M","B",null,"R","M","?","M","M","R","T","R","E","?","$","?","R","E","M","B",null,"R","M","M","M","?","R","T","M","E","M","E","$","R","E","M","B",null,"E","$","R","B"],"character_chosen":"THE_AUTOMATON","items_purchased":["Pen Nib","bronze:BitShift","Anchor","Bottled Lightning","bronze:Verify","PowerPotion"],"campfire_rested":0,"item_purchase_floors":[28,28,46,53,53,53],"current_hp_per_floor":[70,70,70,70,70,70,70,58,58,58,42,42,42,42,42,20,70,70,70,70,70,70,70,70,70,70,70,68,52,52,52,52,52,70,70,70,70,70,70,70,70,70,70,70,70,70,80,76,76,73,80,55,55,70,0,0,0],"gold":76,"neow_bonus":"ONE_RARE_RELIC","is_daily":false,"chose_seed":false,"campfire_upgraded":11,"win_rate":0.0,"timestamp":1611115213,"path_taken":["R","M","M","?","M","R","T","E","R","E","E","R","E","M","M","BOSS","R","M","?","M","M","R","T","R","E","?","$","?","R","E","M","BOSS","R","M","M","M","?","R","T","M","E","M","E","$","R","E","M","BOSS","E","$","R","BOSS"],"items_purchased_type":["Relic","Card","Relic","Relic","Card","Potion"],"build_version":"2020-12-22","purchased_purges":2,"victory":false,"max_hp_per_floor":[70,70,70,70,70,70,70,70,70,70,70,70,70,70,70,70,70,70,70,70,70,70,70,70,70,70,70,70,70,70,70,70,70,70,70,70,70,70,70,70,70,70,70,70,70,70,80,80,80,80,80,80,80,80,80,80,80],"card_choices":[{"not_picked":["bronze:Overheat","bronze:DigitalCarnage"],"picked":"bronze:Iterate","floor":2.0},{"not_picked":["bronze:Overheat","bronze:Shield"],"picked":"bronze:OilSpill","floor":3.0},{"not_picked":["bronze:ClassDefault","bronze:Deprecate","bronze:CutThrough"],"picked":"SKIP","floor":5.0},{"not_picked":["bronze:NullPointer","bronze:Fortify","bronze:Constructor"],"picked":"bronze:Iterate","floor":8.0},{"not_picked":["bronze:Separator","bronze:Overheat","bronze:BronzeArmor"],"picked":"bronze:Assembly","floor":10.0},{"not_picked":["bronze:Repulsor","bronze:BugBarrage","bronze:Shield"],"picked":"bronze:Optimize","floor":11.0},{"not_picked":["bronze:Repair","bronze:CutThrough","bronze:Overheat"],"picked":"bronze:CleanCode","floor":13.0},{"not_picked":["bronze:Turbo","bronze:Overload","bronze:Branch"],"picked":"bronze:Deprecate","floor":14.0},{"not_picked":["bronze:InfiniteBeams","bronze:ChosenStrike","bronze:Return","bronze:Frontload"],"picked":"SKIP","floor":15.0},{"not_picked":["bronze:Hardcode","bronze:FindAndReplace","bronze:Verify"],"picked":"bronze:Format","floor":16.0},{"not_picked":["bronze:ChildClass","bronze:Fortify","bronze:Separator"],"picked":"bronze:OilSpill","floor":19.0},{"not_picked":["bronze:ItsAFeature","bronze:MaxOutput","bronze:WhirlingStrike","bronze:Shield"],"picked":"SKIP","floor":21.0},{"not_picked":["bronze:Flail","bronze:Frontload+1","bronze:DelayedGuard+1"],"picked":"bronze:NullPointer","floor":22.0},{"not_picked":["bronze:CloningBeam+1","bronze:DigitalCarnage+1","bronze:Frontload","bronze:Overheat"],"picked":"SKIP","floor":26.0},{"not_picked":["bronze:Mutator","bronze:WildBeam","bronze:Constructor"],"picked":"bronze:WhirlingStrike+1","floor":28.0},{"not_picked":["bronze:Iterate","bronze:BitShift+1","bronze:MaxOutput"],"picked":"bronze:Terminator+1","floor":31.0},{"not_picked":["bronze:DigitalCarnage+1","bronze:Branch+1","bronze:Refactor","bronze:ClassDefault+1"],"picked":"SKIP","floor":32.0},{"not_picked":["bronze:Verify","bronze:SpaghettiCode","bronze:Mutator"],"picked":"bronze:TinkerersToolbox","floor":33.0},{"not_picked":["bronze:CutThrough","bronze:Backtrace","bronze:Branch","bronze:Frontload"],"picked":"SKIP","floor":36.0},{"not_picked":["bronze:CutThrough","bronze:Flail","bronze:FineTuning+1"],"picked":"bronze:BitShift+1","floor":37.0},{"not_picked":["bronze:Constructor","bronze:CloningBeam+1","bronze:BronzeArmor+1","bronze:Optimize+1"],"picked":"SKIP","floor":38.0},{"not_picked":["bronze:Optimize","bronze:Deprecate","bronze:InfiniteBeams+1"],"picked":"bronze:Return+1","floor":42.0},{"not_picked":["bronze:Verify","bronze:Optimize","bronze:CutThrough","bronze:Safeguard"],"picked":"SKIP","floor":43.0},{"not_picked":["bronze:Verify","bronze:Optimize","bronze:CutThrough","bronze:Safeguard"],"picked":"SKIP","floor":43.0},{"not_picked":["bronze:DigitalCarnage","bronze:WhirlingStrike","bronze:Branch","bronze:WildBeam"],"picked":"SKIP","floor":44.0},{"not_picked":["bronze:Overload+1","bronze:DelayedGuard","bronze:Deprecate+1"],"picked":"bronze:NullPointer","floor":45.0},{"not_picked":["bronze:Repair+1","bronze:Shield","bronze:BugBarrage+1","bronze:Flail"],"picked":"SKIP","floor":46.0},{"not_picked":["bronze:DigitalCarnage+1","bronze:Branch","bronze:ClassDefault+1"],"picked":"bronze:Philosophize","floor":48.0},{"not_picked":["bronze:Constructor+1","bronze:CutThrough","bronze:CloningBeam+1","bronze:WildBeam"],"picked":"SKIP","floor":49.0},{"not_picked":["bronze:Separator","bronze:GetLatest","bronze:Frontload+1"],"picked":"bronze:DarkDash+1","floor":52.0}],"player_experience":507982,"relics_obtained":[{"floor":7.0,"key":"Question Card"},{"floor":8.0,"key":"WingedGreaves"},{"floor":10.0,"key":"hexamod:BolsterEngine"},{"floor":11.0,"key":"Mummified Hand"},{"floor":13.0,"key":"Bronze Scales"},{"floor":24.0,"key":"Shuriken"},{"floor":26.0,"key":"Smiling Mask"},{"floor":29.0,"key":"Enchiridion"},{"floor":31.0,"key":"War Paint"},{"floor":43.0,"key":"Meat on the Bone"},{"floor":45.0,"key":"Dream Catcher"},{"floor":48.0,"key":"Eternal Feather"},{"floor":52.0,"key":"Incense Burner"}],"event_choices":[],"is_beta":false,"boss_relics":[{"not_picked":["Cursed Key","Busted Crown"],"picked":"Astrolabe"},{"not_picked":["Pandora\u0027s Box","Snecko Eye"],"picked":"Empty Cage"}],"items_purged_floors":[28,53],"is_endless":false,"potions_floor_spawned":[5,8,13,14,15,16,22,31,36,38,43,45,49],"killed_by":"downfall:NeowBoss","ascension_level":1}}