{"host":"b3acx0fd85ri4t7i","time":1611133975,"event":{"mods":["BaseMod","Colored Powertips","Minty Spire (QoL Compilation)","Quick Restart","Relic Stats","StSLib","[功能]功能增强和修复MOD"],"gold_per_floor":[112,112,2,13,13,66,66,66,66,66,93,93,123,139,139,213,0,17,17,84,117,117,317,317,352,378,390,433,459,225,27,27,101,101,111,111,111,111,11,43,43,72,126,169,169,194,416,456,456,456,456,456,456,119,150,150,150],"floor_reached":56,"language":"ZHS","playtime":1907,"items_purged":["Strike_R","Defend_R","Strike_R","Strike_R","Strike_R","Defend_R","Bash","Strike_R+1","Defend_R+1","Madness+1","Armaments+1","Flex"],"score":2364,"play_id":"72660832-e104-4b29-ac85-dde697af927c","local_time":"20210120171255","is_ascension_mode":true,"campfire_choices":[{"data":"Inflame","floor":8.0,"key":"SMITH"},{"floor":10.0,"key":"RECALL"},{"data":"Berserk","floor":15.0,"key":"SMITH"},{"data":"Limit Break","floor":32.0,"key":"SMITH"},{"data":"Battle Trance","floor":45.0,"key":"SMITH"},{"floor":49.0,"key":"REST"},{"data":"Flex","floor":53.0,"key":"SMITH"}],"circlet_count":0,"master_deck":["AscendersBane","Dual Wield+1","Inflame+1","Flex+1","Berserk+1","Battle Trance+1","Limit Break+1","Pummel+1","Hemokinesis+1","Sword Boomerang+1","Whirlwind+1","Impervious+1","Rupture+1","Clash+1","Metallicize+1","Thunderclap+1","Barricade+1","Hemokinesis+1","Mayhem+1","Clash+1","Berserk+1","Flex+1","Pummel+1","Clash+1","Pummel+1","Panache+1"],"relics":["Black Star","Juzu Bracelet","Happy Flower","Meat on the Bone","Red Skull","MealTicket","Bronze Scales","Mummified Hand","EctoplasmExtend","Molten Egg 2","Toxic Egg 2","OrangePellets","Red Mask","Enchiridion","MutagenicStrength","Singing Bowl","Blood Vial","MawBank","StrikeDummy","Darkstone Periapt","Frozen Egg 2","Potion Belt","Paper Frog","StoneCalendar","Runic Cube","Ornamental Fan","Blue Candle","Ancient Tea Set","Letter Opener","Question Card","CeramicFish","Self Forming Clay","Art of War","Calipers","Kunai","Bag of Preparation","Vajra","Whetstone","Medical Kit","Shuriken","Bottled Lightning"],"acts_visited":["Exordium","TheCity","TheBeyond","TheEnding"],"potions_floor_usage":[56,56,56],"damage_taken":[{"damage":3.0,"enemies":"2 Louse","floor":1.0,"turns":3.0},{"damage":7.0,"enemies":"Cultist","floor":4.0,"turns":4.0},{"damage":0.0,"enemies":"Lagavulin","floor":6.0,"turns":1.0},{"damage":39.0,"enemies":"Gremlin Nob","floor":11.0,"turns":4.0},{"damage":32.0,"enemies":"3 Sentries","floor":13.0,"turns":4.0},{"damage":0.0,"enemies":"Jaw Worm","floor":14.0,"turns":3.0},{"damage":65.0,"enemies":"The Guardian","floor":16.0,"turns":7.0},{"damage":22.0,"enemies":"3 Byrds","floor":18.0,"turns":4.0},{"damage":8.0,"enemies":"Masked Bandits","floor":21.0,"turns":3.0},{"damage":10.0,"enemies":"Book of Stabbing","floor":25.0,"turns":2.0},{"damage":33.0,"enemies":"Gremlin Leader","floor":28.0,"turns":3.0},{"damage":2.0,"enemies":"Spheric Guardian","floor":29.0,"turns":1.0},{"damage":20.0,"enemies":"Automaton","floor":33.0,"turns":3.0},{"damage":2.0,"enemies":"3 Darklings","floor":35.0,"turns":1.0},{"damage":2.0,"enemies":"Reptomancer","floor":40.0,"turns":3.0},{"damage":6.0,"enemies":"Giant Head","floor":42.0,"turns":4.0},{"damage":19.0,"enemies":"Nemesis","floor":44.0,"turns":3.0},{"damage":1.0,"enemies":"Mind Bloom Boss Battle","floor":46.0,"turns":2.0},{"damage":4.0,"enemies":"Giant Head","floor":48.0,"turns":2.0},{"damage":19.0,"enemies":"Donu and Deca","floor":50.0,"turns":2.0},{"damage":20.0,"enemies":"Time Eater","floor":51.0,"turns":2.0},{"damage":5.0,"enemies":"Shield and Spear","floor":55.0,"turns":2.0},{"damage":79,"enemies":"The Heart","floor":56,"turns":3}],"seed_played":"6536335648379150110","potions_obtained":[{"floor":1.0,"key":"SteroidPotion"},{"floor":4.0,"key":"ColorlessPotion"},{"floor":6.0,"key":"Explosive Potion"},{"floor":11.0,"key":"AttackPotion"},{"floor":13.0,"key":"LiquidBronze"},{"floor":18.0,"key":"ElixirPotion"},{"floor":18.0,"key":"BloodPotion"},{"floor":21.0,"key":"EssenceOfSteel"},{"floor":35.0,"key":"PowerPotion"},{"floor":40.0,"key":"Energy Potion"},{"floor":42.0,"key":"Fire Potion"},{"floor":44.0,"key":"Fruit Juice"},{"floor":46.0,"key":"Explosive Potion"},{"floor":55.0,"key":"ColorlessPotion"}],"is_trial":false,"path_per_floor":["M","?","$","M","?","E","?","R","T","R","E","?","E","M","R","B",null,"M","?","$","?","?","?","?","E","T","T","E","M","$","$","R","B",null,"M","?","?","?","$","E","?","E","T","E","R","?","?","E","R","B","B",null,"R","$","E","B"],"character_chosen":"IRONCLAD","items_purchased":["Juzu Bracelet","Inflame","Flex","Molten Egg 2","Toxic Egg 2","OrangePellets","Pummel+1","Madness+1","Hemokinesis+1","Potion Belt","Paper Frog","Rupture+1","Clash+1","Metallicize+1","Thunderclap+1","StoneCalendar","BlessingOfTheForge","Mayhem+1","Clash+1","Vajra","Clash+1","Pummel+1","Whetstone","Medical Kit","Panache+1","GamblersBrew"],"campfire_rested":1,"item_purchase_floors":[3,3,3,20,20,20,20,20,20,30,30,30,30,31,31,31,31,39,39,54,54,54,54,54,54,54],"current_hp_per_floor":[65,65,65,58,58,58,58,58,58,58,31,75,43,43,43,22,62,40,55,70,62,41,41,41,43,43,43,24,36,51,66,66,48,68,68,68,68,68,71,69,69,67,67,50,50,58,58,56,80,61,43,71,71,80,77,0,0],"gold":150,"neow_bonus":"BOSS_RELIC","is_daily":false,"chose_seed":false,"campfire_upgraded":5,"win_rate":0.0,"timestamp":1611133975,"path_taken":["M","?","$","M","?","E","?","R","T","R","E","?","E","M","R","BOSS","M","?","$","?","?","?","?","E","T","?","E","M","?","$","R","BOSS","M","?","?","?","?","E","?","E","T","E","R","?","?","E","R","BOSS","BOSS","R","$","E","BOSS"],"items_purchased_type":["Relic","Card","Card","Relic","Relic","Relic","Card","Card","Card","Relic","Relic","Card","Card","Card","Card","Relic","Potion","Card","Card","Relic","Card","Card","Relic","Relic","Card","Potion"],"build_version":"2020-12-22","purchased_purges":12,"victory":false,"max_hp_per_floor":[75,75,75,75,75,75,75,75,75,75,75,75,75,75,75,75,75,75,75,75,75,75,75,75,75,75,75,75,75,75,75,75,75,75,75,71,71,71,71,71,71,73,73,73,73,80,80,80,80,80,80,80,80,80,82,82,82],"relic_stats":{"Darkstone Periapt":0,"Singing Bowl":6,"CeramicFish":45,"StoneCalendar":[0],"Juzu Bracelet":5,"Bag of Preparation":[8],"Whetstone":[],"Blood Vial":20,"Mummified Hand":[85],"MealTicket":57,"Kunai":[6],"Runic Cube":[42],"Happy Flower":[19],"counters":[23,66],"Self Forming Clay":[60],"Blue Candle":[5],"Letter Opener":[46],"MawBank":48,"Question Card":4,"Medical Kit":[3],"OrangePellets":[55],"Ornamental Fan":[44],"Shuriken":[1],"Bronze Scales":[125],"Black Star":10,"Art of War":[0],"obtain_stats":[{"Darkstone Periapt":28,"Calipers":46,"Singing Bowl":25,"CeramicFish":43,"Enchiridion":22,"Vajra":54,"StoneCalendar":31,"Juzu Bracelet":3,"Bag of Preparation":48,"Whetstone":54,"Ancient Tea Set":40,"Burning Blood":0,"Blood Vial":25,"Mummified Hand":13,"MealTicket":11,"Red Mask":21,"Kunai":48,"Toxic Egg 2":20,"Red Skull":11,"Paper Frog":30,"Runic Cube":34,"Potion Belt":30,"Happy Flower":6,"EctoplasmExtend":17,"Self Forming Clay":44,"Blue Candle":40,"Letter Opener":42,"Frozen Egg 2":28,"MawBank":26,"Question Card":42,"Medical Kit":54,"OrangePellets":20,"Ornamental Fan":38,"Shuriken":55,"Bronze Scales":13,"MutagenicStrength":24,"Molten Egg 2":20,"Black Star":0,"Art of War":44,"Bottled Lightning":55,"StrikeDummy":27,"Meat on the Bone":6},{"Darkstone Periapt":11,"Calipers":18,"Singing Bowl":10,"CeramicFish":16,"Enchiridion":9,"Vajra":21,"StoneCalendar":12,"Juzu Bracelet":1,"Bag of Preparation":19,"Whetstone":21,"Ancient Tea Set":15,"Burning Blood":0,"Blood Vial":10,"Mummified Hand":5,"MealTicket":4,"Red Mask":9,"Kunai":19,"Toxic Egg 2":8,"Red Skull":4,"Paper Frog":12,"Runic Cube":13,"Potion Belt":12,"Happy Flower":3,"EctoplasmExtend":7,"Self Forming Clay":17,"Blue Candle":15,"Letter Opener":16,"Frozen Egg 2":11,"MawBank":10,"Question Card":16,"Medical Kit":21,"OrangePellets":8,"Ornamental Fan":14,"Shuriken":22,"Bronze Scales":5,"MutagenicStrength":9,"Molten Egg 2":8,"Black Star":0,"Art of War":17,"Bottled Lightning":22,"StrikeDummy":10,"Meat on the Bone":3},{"Darkstone Periapt":38,"Calipers":55,"Singing Bowl":35,"CeramicFish":50,"Enchiridion":33,"Vajra":61,"StoneCalendar":39,"Juzu Bracelet":3,"Bag of Preparation":57,"Whetstone":61,"Ancient Tea Set":46,"Burning Blood":0,"Blood Vial":35,"Mummified Hand":16,"MealTicket":12,"Red Mask":33,"Kunai":57,"Toxic Egg 2":30,"Red Skull":12,"Paper Frog":39,"Runic Cube":42,"Potion Belt":39,"Happy Flower":8,"EctoplasmExtend":26,"Self Forming Clay":53,"Blue Candle":46,"Letter Opener":50,"Frozen Egg 2":38,"MawBank":35,"Question Card":50,"Medical Kit":61,"OrangePellets":30,"Ornamental Fan":43,"Shuriken":63,"Bronze Scales":16,"MutagenicStrength":33,"Molten Egg 2":30,"Black Star":0,"Art of War":53,"Bottled Lightning":63,"StrikeDummy":35,"Meat on the Bone":8}],"Meat on the Bone":60},"card_choices":[{"not_picked":["Thunderclap","Sword Boomerang"],"picked":"Dual Wield","floor":1.0},{"not_picked":["Pummel","Wild Strike"],"picked":"Flex","floor":4.0},{"not_picked":["Armaments","Second Wind","Clothesline"],"picked":"SKIP","floor":6.0},{"not_picked":["Sword Boomerang","Iron Wave","Dropkick"],"picked":"SKIP","floor":11.0},{"not_picked":["Hemokinesis","Burning Pact","Dual Wield"],"picked":"SKIP","floor":13.0},{"not_picked":["Power Through","Immolate","Armaments"],"picked":"SKIP","floor":14.0},{"not_picked":["Double Tap","Reaper"],"picked":"Limit Break","floor":16.0},{"not_picked":["Intimidate","Body Slam","True Grit"],"picked":"SKIP","floor":18.0},{"not_picked":["Anger+1","Twin Strike+1"],"picked":"Sword Boomerang+1","floor":21.0},{"not_picked":["Body Slam+1","Warcry+1"],"picked":"Whirlwind+1","floor":25.0},{"not_picked":["Flame Barrier+1","Body Slam+1"],"picked":"Armaments+1","floor":28.0},{"not_picked":["Iron Wave+1","Havoc+1"],"picked":"Impervious+1","floor":29.0},{"not_picked":["Fiend Fire+1","Juggernaut+1"],"picked":"Barricade+1","floor":33.0},{"not_picked":["Uppercut+1","True Grit+1"],"picked":"Hemokinesis+1","floor":35.0},{"not_picked":["Inflame+1","Pommel Strike+1"],"picked":"Berserk+1","floor":40.0},{"not_picked":["Anger+1","Headbutt+1","Perfected Strike+1"],"picked":"Singing Bowl","floor":42.0},{"not_picked":["True Grit+1","Thunderclap+1","Clothesline+1"],"picked":"Flex+1","floor":44.0},{"not_picked":["Whirlwind+1","Perfected Strike+1","Wild Strike+1","Rage+1"],"picked":"Singing Bowl","floor":46.0},{"not_picked":["Clothesline+1","Pommel Strike+1","Barricade+1"],"picked":"Pummel+1","floor":48.0},{"not_picked":["Body Slam+1","Cleave+1","Armaments+1","Spot Weakness+1"],"picked":"Singing Bowl","floor":55.0}],"player_experience":314592,"relics_obtained":[{"floor":6.0,"key":"Happy Flower"},{"floor":6.0,"key":"Meat on the Bone"},{"floor":11.0,"key":"Red Skull"},{"floor":11.0,"key":"MealTicket"},{"floor":13.0,"key":"Bronze Scales"},{"floor":13.0,"key":"Mummified Hand"},{"floor":21.0,"key":"Red Mask"},{"floor":22.0,"key":"Enchiridion"},{"floor":25.0,"key":"Singing Bowl"},{"floor":25.0,"key":"Blood Vial"},{"floor":26.0,"key":"MawBank"},{"floor":27.0,"key":"StrikeDummy"},{"floor":28.0,"key":"Darkstone Periapt"},{"floor":28.0,"key":"Frozen Egg 2"},{"floor":40.0,"key":"Blue Candle"},{"floor":40.0,"key":"Ancient Tea Set"},{"floor":42.0,"key":"Letter Opener"},{"floor":42.0,"key":"Question Card"},{"floor":43.0,"key":"CeramicFish"},{"floor":44.0,"key":"Self Forming Clay"},{"floor":44.0,"key":"Art of War"},{"floor":46.0,"key":"Calipers"},{"floor":48.0,"key":"Kunai"},{"floor":48.0,"key":"Bag of Preparation"},{"floor":55.0,"key":"Shuriken"},{"floor":55.0,"key":"Bottled Lightning"}],"event_choices":[{"cards_removed":["Defend_R"],"damage_healed":0.0,"max_hp_gain":0.0,"max_hp_loss":0.0,"gold_gain":0.0,"event_name":"Purifier","player_choice":"Purged","floor":2.0,"gold_loss":0.0,"damage_taken":0.0},{"damage_healed":0.0,"max_hp_gain":0.0,"max_hp_loss":0.0,"gold_gain":0.0,"event_name":"Living Wall","player_choice":"Grow","floor":5.0,"gold_loss":0.0,"damage_taken":0.0,"cards_upgraded":["Dual Wield"]},{"damage_healed":0.0,"max_hp_gain":0.0,"max_hp_loss":0.0,"gold_gain":0.0,"event_name":"Match and Keep!","player_choice":"2 cards matched","floor":7.0,"gold_loss":0.0,"damage_taken":0.0,"cards_obtained":["Berserk","Battle Trance"]},{"damage_healed":0.0,"max_hp_gain":0.0,"max_hp_loss":0.0,"gold_gain":0.0,"event_name":"Shining Light","player_choice":"Entered Light","floor":12.0,"gold_loss":0.0,"damage_taken":23.0,"cards_upgraded":["Strike_R","Defend_R"]},{"damage_healed":0.0,"max_hp_gain":0.0,"max_hp_loss":0.0,"gold_gain":0.0,"event_name":"Ghosts","player_choice":"Ignored","floor":19.0,"gold_loss":0.0,"damage_taken":0.0},{"damage_healed":0.0,"max_hp_gain":0.0,"max_hp_loss":0.0,"gold_gain":0.0,"event_name":"Masked Bandits","player_choice":"Fought Bandits","floor":21.0,"gold_loss":0.0,"damage_taken":0.0},{"damage_healed":0.0,"max_hp_gain":0.0,"max_hp_loss":0.0,"gold_gain":0.0,"event_name":"Cursed Tome","player_choice":"Obtained Book","floor":22.0,"gold_loss":0.0,"damage_taken":21.0},{"damage_healed":0.0,"max_hp_gain":0.0,"max_hp_loss":0.0,"gold_gain":250.0,"event_name":"The Joust","player_choice":"Bet on Owner","floor":23.0,"gold_loss":50.0,"damage_taken":0.0},{"damage_healed":0.0,"max_hp_gain":0.0,"max_hp_loss":0.0,"gold_gain":0.0,"event_name":"Drug Dealer","player_choice":"Inject Mutagens","floor":24.0,"gold_loss":0.0,"damage_taken":0.0,"relics_obtained":["MutagenicStrength"]},{"damage_healed":0.0,"max_hp_gain":0.0,"max_hp_loss":4.0,"gold_gain":0.0,"event_name":"Winding Halls","player_choice":"Max HP","floor":36.0,"gold_loss":0.0,"damage_taken":0.0},{"damage_healed":0.0,"max_hp_gain":0.0,"max_hp_loss":0.0,"gold_gain":0.0,"event_name":"Transmorgrifier","player_choice":"Ignored","floor":37.0,"gold_loss":0.0,"damage_taken":0.0},{"damage_healed":0.0,"max_hp_gain":0.0,"max_hp_loss":0.0,"gold_gain":0.0,"event_name":"WeMeetAgain","player_choice":"Gave Potion","floor":38.0,"gold_loss":0.0,"damage_taken":0.0,"relics_obtained":["Ornamental Fan"]},{"damage_healed":0.0,"max_hp_gain":0.0,"max_hp_loss":0.0,"gold_gain":0.0,"event_name":"Lab","player_choice":"Got Potions","floor":41.0,"gold_loss":0.0,"damage_taken":0.0},{"damage_healed":0.0,"max_hp_gain":0.0,"max_hp_loss":0.0,"gold_gain":0.0,"event_name":"MindBloom","player_choice":"Fight","floor":46.0,"gold_loss":0.0,"damage_taken":0.0},{"damage_healed":0.0,"max_hp_gain":0.0,"max_hp_loss":0.0,"gold_gain":222.0,"event_name":"Tomb of Lord Red Mask","player_choice":"Wore Mask","floor":47.0,"gold_loss":0.0,"damage_taken":0.0}],"is_beta":false,"boss_relics":[{"not_picked":["Velvet Choker","Calling Bell"],"picked":"EctoplasmExtend"},{"not_picked":["Pandora\u0027s Box","Runic Pyramid"],"picked":"Runic Cube"}],"items_purged_floors":[20,20,20,20,20,20,20,30,30,30,30,54],"is_endless":false,"potions_floor_spawned":[1,4,6,11,13,18,18,18,21,28,35,40,42,44,46,55,55],"killed_by":"The Heart","ascension_level":20}}