{"host":"h4qgcirtxz6qax9j","time":1611137860,"event":{"mods":["AchievementEnabler","BaseMod","Colored Powertips","Hermit","Minty Spire (QoL Compilation)","StSLib","SuperFastMode","The Servant 0.9.4"],"gold_per_floor":[111,37,57,57,69,69,88,99,145,175,175,175],"floor_reached":11,"language":"KOR","playtime":215,"items_purged":[],"score":75,"play_id":"288a96c4-087a-4ae3-a2ba-6330a4311c9a","local_time":"20210120191740","is_ascension_mode":true,"campfire_choices":[{"data":"SilverBlades","floor":6,"key":"SMITH"}],"circlet_count":0,"master_deck":["Strike_S","Strike_S","Strike_S","Strike_S","Defend_S","Defend_S","Defend_S","Defend_S","KidneyShot+1","Exchange","ShatteredReality","SilverBlades+1","Starlight","Rearm"],"relics":["Uniform","Sundial","Broom"],"acts_visited":["Exordium"],"potions_floor_usage":[11],"damage_taken":[{"damage":0,"enemies":"Cultist","floor":1,"turns":3},{"damage":0,"enemies":"Small Slimes","floor":3,"turns":3},{"damage":1,"enemies":"2 Louse","floor":5,"turns":2},{"damage":5,"enemies":"Blue Slaver","floor":7,"turns":4},{"damage":20,"enemies":"3 Louse","floor":8,"turns":3},{"damage":42,"enemies":"Lagavulin","floor":11,"turns":6}],"seed_played":"-7320572823849156690","potions_obtained":[{"floor":3,"key":"Explosive Potion"},{"floor":8,"key":"PowerPotion"}],"is_trial":false,"path_per_floor":["M","$","M","?","M","R","M","M","T","?","E"],"character_chosen":"THE_SERVANT","items_purchased":["SilverBlades"],"campfire_rested":0,"item_purchase_floors":[2],"current_hp_per_floor":[65,65,65,58,57,57,52,32,32,32,0,0],"gold":175,"neow_bonus":"UPGRADE_CARD","is_daily":false,"chose_seed":false,"campfire_upgraded":1,"win_rate":0.0,"timestamp":1611137860,"path_taken":["M","$","M","?","M","R","M","M","T","?","E"],"items_purchased_type":["Card"],"build_version":"2020-12-22","purchased_purges":0,"victory":false,"max_hp_per_floor":[65,65,65,65,65,65,65,65,65,65,65,65],"card_choices":[{"not_picked":["TimeWarp","Alleviate"],"picked":"ShatteredReality","floor":1},{"not_picked":["Alleviate","DoubleEdge","Snipe"],"picked":"SKIP","floor":3},{"not_picked":["DoubleEdge","FastForward"],"picked":"Starlight","floor":5},{"not_picked":["Spin","SpecialFormula","Revamp"],"picked":"SKIP","floor":7},{"not_picked":["BestPractice","Foresight"],"picked":"Rearm","floor":8}],"player_experience":80413,"relics_obtained":[{"floor":9,"key":"Broom"}],"event_choices":[{"damage_healed":0,"gold_gain":0,"player_choice":"Success","damage_taken":7,"relics_obtained":["Sundial"],"max_hp_gain":0,"max_hp_loss":0,"event_name":"Scrap Ooze","floor":4,"gold_loss":0},{"damage_healed":0,"gold_gain":30,"player_choice":"Searched \u00271\u0027 times","damage_taken":0,"max_hp_gain":0,"max_hp_loss":0,"event_name":"Dead Adventurer","floor":10,"gold_loss":0}],"is_beta":false,"boss_relics":[],"items_purged_floors":[],"is_endless":false,"potions_floor_spawned":[3,8],"killed_by":"Lagavulin","ascension_level":3}}