{"host":"37ccm3d17clopct7","time":1611125641,"event":{"mods":["BaseMod","Lobotomy","Minty Spire (QoL Compilation)","StSLib","The Bug Knight","The Cursed","The Hierophant","The Runesmith"],"gold_per_floor":[111,111,36,48,78,78,78,78,149,149,149,170,170,203,203,203,203],"floor_reached":16,"language":"KOR","playtime":590,"items_purged":["hierophant:Defend_Hierophant"],"score":90,"play_id":"4891d6b8-5247-41fb-a5d2-868557498ac6","local_time":"20210120155401","is_ascension_mode":false,"campfire_choices":[{"data":"hierophant:ChurchCoffers","floor":6,"key":"SMITH"},{"data":"hierophant:Refuge","floor":8,"key":"SMITH"},{"data":"hierophant:Punish","floor":10,"key":"SMITH"},{"data":"hierophant:Smite","floor":15,"key":"SMITH"}],"circlet_count":0,"master_deck":["hierophant:Strike_Hierophant","hierophant:Strike_Hierophant","hierophant:Strike_Hierophant","hierophant:Strike_Hierophant","hierophant:Punish+1","hierophant:Defend_Hierophant","hierophant:Defend_Hierophant","hierophant:Defend_Hierophant","hierophant:ChurchCoffers+1","Wellcheers","hierophant:Doubloon","hierophant:ConvertCurrency","UniverseFragment","hierophant:Doubloon","hierophant:Refuge+1","hierophant:OrnateBuckler","OSAHOGD","hierophant:Smite+1","Bloodbath","hierophant:Doubloon","hierophant:CoinFling"],"relics":["hierophant:PropheticMaskRelic","CogitoBucket","HornCleat","Ancient Tea Set","Pantograph"],"acts_visited":["Exordium"],"potions_floor_usage":[16,16],"damage_taken":[{"damage":6,"enemies":"Jaw Worm","floor":1,"turns":4},{"damage":0,"enemies":"Small Slimes","floor":4,"turns":3},{"damage":11,"enemies":"Cultist","floor":5,"turns":6},{"damage":0,"enemies":"Blue Slaver","floor":12,"turns":5},{"damage":4,"enemies":"Exordium Thugs","floor":14,"turns":2},{"damage":85,"enemies":"Slime Boss","floor":16,"turns":13}],"seed_played":"-5911039191561042251","potions_obtained":[{"floor":4,"key":"Swift Potion"},{"floor":14,"key":"Weak Potion"}],"is_trial":false,"path_per_floor":["M","?","$","M","M","R","$","R","T","R","?","M","T","M","R","B"],"character_chosen":"HIEROPHANT","items_purchased":[],"campfire_rested":0,"item_purchase_floors":[],"current_hp_per_floor":[69,69,69,69,61,61,61,61,61,61,54,57,57,53,53,0,0],"gold":203,"neow_bonus":"","is_daily":false,"chose_seed":false,"campfire_upgraded":4,"win_rate":0.0,"timestamp":1611125641,"path_taken":["M","?","$","M","M","R","$","R","T","R","?","M","?","?","R","BOSS"],"items_purchased_type":[],"build_version":"2020-12-22","purchased_purges":1,"victory":false,"max_hp_per_floor":[75,75,75,75,75,75,75,75,75,75,75,75,75,75,75,75,75],"card_choices":[{"not_picked":["WallGazer","Scorched","Murderer"],"picked":"Singing Bowl","floor":1},{"not_picked":["Murderer","Porccubus"],"picked":"Wellcheers","floor":1},{"not_picked":["hierophant:HammerAndAnvil","hierophant:Flagellation"],"picked":"hierophant:ConvertCurrency","floor":1},{"not_picked":["MeatLantern","QueenBee"],"picked":"UniverseFragment","floor":4},{"not_picked":["hierophant:Embezzle","hierophant:HammerAndAnvil"],"picked":"hierophant:Refuge","floor":4},{"not_picked":["hierophant:Upheaval","hierophant:Shelter"],"picked":"hierophant:OrnateBuckler","floor":5},{"not_picked":["Murderer","SpiderBud"],"picked":"OSAHOGD","floor":12},{"not_picked":["hierophant:Sermon","hierophant:HammerAndAnvil"],"picked":"hierophant:Smite","floor":12},{"not_picked":["BigBird","GreedKing"],"picked":"Bloodbath","floor":14},{"not_picked":["hierophant:SealAway","hierophant:Glossolalia"],"picked":"hierophant:CoinFling","floor":14}],"player_experience":78536,"relics_obtained":[{"floor":9,"key":"HornCleat"},{"floor":13,"key":"Pantograph"}],"event_choices":[{"damage_healed":0,"gold_gain":0,"player_choice":"Ignored","damage_taken":0,"max_hp_gain":0,"max_hp_loss":0,"event_name":"Shining Light","floor":2,"gold_loss":0},{"damage_healed":0,"gold_gain":0,"player_choice":"Success","damage_taken":7,"relics_obtained":["Ancient Tea Set"],"max_hp_gain":0,"max_hp_loss":0,"event_name":"Scrap Ooze","floor":11,"gold_loss":0}],"is_beta":false,"boss_relics":[],"items_purged_floors":[3],"is_endless":false,"potions_floor_spawned":[4,14],"killed_by":"Slime Boss","ascension_level":0}}