{"host":"rupmf8lnk599ormj","time":1611175441,"event":{"mods":["2.2 Compatiblity","AchievementEnabler","BaseMod","Better Match","Better Third Choice","BetterRewards","Colored Map","Colored Powertips","Conspire","Downfall","Evolution","Gold Saver","Googly Eyes","Hubris","Minty Spire (QoL Compilation)","Quick Restart","Rare Cards Sparkle","Shade Mod","Spicy Shops","StSLib","The Cursed"],"gold_per_floor":[780,780,814,215,226,326,326,326,351,41,41,141,151,167,177,273,273,273,284,284,284,295,330,330,359,359,185,205,205,236,256,272,369,369,369,379,396,396,40,40,64,64,94,105,22,22,39,57,71,71,71,71],"floor_reached":50,"language":"ENG","playtime":3624,"items_purged":[],"score":734,"play_id":"6820a1aa-3461-46b4-80c1-55f8ec1f1e5f","local_time":"20210120154401","is_ascension_mode":true,"campfire_choices":[{"floor":1,"key":"RECALL"},{"data":"1","floor":8,"key":"LIFT"},{"floor":11,"key":"REST"},{"data":"2","floor":18,"key":"LIFT"},{"floor":26,"key":"REST"},{"data":"3","floor":35,"key":"LIFT"},{"data":"Slimebound:SlimeBrawl","floor":40,"key":"SMITH"},{"floor":46,"key":"REST"}],"circlet_count":0,"master_deck":["Slimebound:Strike_Slimebound","Slimebound:Strike_Slimebound","Slimebound:Strike_Slimebound","Slimebound:Tackle","Slimebound:Defend_Slimebound","Slimebound:Defend_Slimebound","Slimebound:Defend_Slimebound","Slimebound:Defend_Slimebound","Slimebound:Split","Slimebound:CorrosiveSpit","Slimebound:LivingWall","Slimebound:SplitAcid","Slimebound:Equalize","Slimebound:AcidTongue","Mind Blast","Slimebound:Nibble","Slimebound:Prepare","Slimebound:SplitAcid","Slimebound:DivideAndConquer","Slimebound:LeechingTouch","Slimebound:SamplingLick","Slimebound:SelfFormingGoo","Slimebound:SplitLeeching+1","Slimebound:SplitMire+1","hubris:DuctTapeCard+2","Slimebound:SlimeBrawl+1","Slimebound:GoopTackle+1","Dark Shackles","Slimebound:RainOfGoop","Slimebound:Schlurp","Slimebound:Prepare","Slimebound:Overexert","Slimebound:TongueLash","Slimebound:OozeBath","Slimebound:GrowthPunch+1","Slimebound:ItLooksTasty+1","Slimebound:Gluttony","Dramatic Entrance","Slimebound:LevelUp","Transmutation","Slimebound:LeechEnergy","Slimebound:ItLooksTasty","hubris:Insight","Slimebound:SamplingLick+1","Slimebound:SlimeTap","Slimebound:LevelUp+1"],"relics":["Slimebound:AbsorbEndCombatUpgraded","EVO:Axolotl","downfall:HeartsMalice","Nunchaku","Membership Card","ClockworkSouvenir","Tiny Chest","Girya","Bottled Tornado","Orichalcum","hubris:OldNail","hubris:HerbalPaste","Slimebound:AggressiveSlimeRelic","PreservedInsect","Strawberry","Omamori","TungstenRod","hubris:DuctTape","Regal Pillow","conspire:TreasureMap","hubris:Towel","Gambling Chip","Philosopher\u0027s Stone","Strange Spoon","hubris:TenFootPole","conspire:Dentures","Pear","Pen Nib","Slimebound:MaxSlimesRelic","conspire:DecoderRing","Cauldron"],"acts_visited":["Exordium","TheCity","TheBeyond"],"potions_floor_usage":[15,16,16,25,32,33,33,50,50,50,50,50,50],"damage_taken":[{"damage":0,"enemies":"Cultist","floor":2,"turns":1},{"damage":0,"enemies":"conspire:MimicChest","floor":3,"turns":1},{"damage":0,"enemies":"downfall:FleeingMerchant","floor":4,"turns":1},{"damage":0,"enemies":"conspire:RoseBush","floor":5,"turns":3},{"damage":59,"enemies":"Gremlin Nob","floor":9,"turns":5},{"damage":5,"enemies":"downfall:FleeingMerchant","floor":10,"turns":4},{"damage":3,"enemies":"Small Slimes","floor":13,"turns":2},{"damage":1,"enemies":"Exordium Wildlife","floor":14,"turns":3},{"damage":12,"enemies":"Exordium Thugs","floor":15,"turns":4},{"damage":57,"enemies":"DF_ARCHETYPE_STREAMLINE","floor":16,"turns":13},{"damage":4,"enemies":"Chosen","floor":19,"turns":4},{"damage":2,"enemies":"conspire:HollyBat","floor":22,"turns":7},{"damage":0,"enemies":"conspire:Head Lice","floor":23,"turns":4},{"damage":22,"enemies":"Slavers","floor":25,"turns":2},{"damage":2,"enemies":"downfall:FleeingMerchant","floor":27,"turns":4},{"damage":7,"enemies":"Shelled Parasite and Fungi","floor":28,"turns":5},{"damage":0,"enemies":"conspire:SneckoGhost","floor":30,"turns":5},{"damage":3,"enemies":"Cultist and Chosen","floor":31,"turns":6},{"damage":6,"enemies":"Snake Plant","floor":32,"turns":3},{"damage":60,"enemies":"IC_MUSHROOM_ARCHETYPE","floor":33,"turns":10},{"damage":30,"enemies":"3 Shapes","floor":36,"turns":3},{"damage":13,"enemies":"3 Darklings","floor":37,"turns":5},{"damage":0,"enemies":"downfall:FleeingMerchant","floor":39,"turns":4},{"damage":13,"enemies":"Giant Head","floor":43,"turns":6},{"damage":4,"enemies":"4 Shapes","floor":44,"turns":3},{"damage":10,"enemies":"Spire Growth","floor":47,"turns":4},{"damage":0,"enemies":"Transient","floor":48,"turns":5},{"damage":6,"enemies":"Sphere and 2 Shapes","floor":49,"turns":3},{"damage":120,"enemies":"WA_ARCHETYPE_DIVINITY","floor":50,"turns":7}],"seed_played":"2430721404710047089","potions_obtained":[{"floor":5,"key":"EssenceOfSteel"},{"floor":9,"key":"EssenceOfSteel"},{"floor":13,"key":"Slimebound:SlimedPotion"},{"floor":23,"key":"Fire Potion"},{"floor":28,"key":"SneckoOil"},{"floor":30,"key":"LiquidBronze"},{"floor":32,"key":"FearPotion"},{"floor":43,"key":"LiquidBronze"},{"floor":44,"key":"champ:CounterPotion"},{"floor":45,"key":"EntropicBrew"},{"floor":45,"key":"EssenceOfSteel"}],"is_trial":false,"path_per_floor":["R","M","?","$","M","?","T","R","E","$","R","?","M","M","M","B",null,"R","M","T","?","M","E","T","E","R","$","M","?","E","M","M","B",null,"R","M","M","?","$","R","T","T","E","M","$","R","M","M","M","B"],"character_chosen":"SLIMEBOUND","items_purchased":["Membership Card","ClockworkSouvenir","Tiny Chest","Girya","Slimebound:Equalize","Slimebound:AcidTongue","Mind Blast","hubris:OldNail","hubris:HerbalPaste","Slimebound:AggressiveSlimeRelic","PreservedInsect","conspire:TreasureMap","Dark Shackles","Slimebound:RainOfGoop","Strange Spoon","hubris:TenFootPole","conspire:Dentures","Dramatic Entrance","Slimebound:LevelUp","Pear","Transmutation","Cauldron","hubris:Insight"],"campfire_rested":3,"item_purchase_floors":[4,4,4,4,4,4,4,10,10,10,10,27,27,27,39,39,39,39,39,39,39,45,45],"current_hp_per_floor":[65,65,65,65,65,65,65,65,8,11,30,30,36,40,42,3,65,65,61,68,68,72,72,72,53,72,72,72,72,72,72,71,34,72,72,56,64,64,82,82,82,82,72,73,73,82,82,82,81,0,0,0],"gold":71,"neow_bonus":"THREE_ENEMY_KILL","is_daily":false,"chose_seed":false,"campfire_upgraded":1,"win_rate":0.0,"timestamp":1611175441,"path_taken":["R","M","?","$","M","?","T","R","E","?","R","?","M","M","M","BOSS","R","M","?","?","M","E","T","E","R","$","M","?","E","M","M","BOSS","R","M","M","?","$","R","T","?","E","M","$","R","?","M","M","BOSS"],"items_purchased_type":["Relic","Relic","Relic","Relic","Card","Card","Card","Relic","Relic","Relic","Relic","Relic","Card","Card","Relic","Relic","Relic","Card","Card","Relic","Card","Relic","Card"],"build_version":"2020-12-22","purchased_purges":0,"victory":false,"max_hp_per_floor":[65,65,65,65,65,65,65,65,65,65,65,65,65,65,65,65,65,65,65,72,72,72,72,72,72,72,72,72,72,72,72,72,72,72,72,72,72,72,82,82,82,82,82,82,82,82,82,82,82,82,82,82],"card_choices":[{"not_picked":["Slimebound:PressTheAttack","Slimebound:RollThrough"],"picked":"Slimebound:LivingWall","floor":2},{"not_picked":["Slimebound:SplitBruiser","Slimebound:SplitLeeching"],"picked":"Slimebound:SlimeSpikes","floor":3},{"not_picked":["Slimebound:LeechEnergy","Slimebound:BestDefense"],"picked":"Slimebound:SplitAcid","floor":4},{"not_picked":["Slimebound:SamplingLick","Slimebound:CheckThePlaybook"],"picked":"Slimebound:Nibble","floor":5},{"not_picked":["Slimebound:ComboTackle","Slimebound:FinishingTackle"],"picked":"Slimebound:Prepare","floor":9},{"not_picked":["Slimebound:BestDefense","Slimebound:Replication"],"picked":"Slimebound:SplitAcid","floor":10},{"not_picked":["Slimebound:SlimeSpikes","Slimebound:RollThrough"],"picked":"Slimebound:DivideAndConquer","floor":13},{"not_picked":["Slimebound:SplitMire","Slimebound:ViciousTackle"],"picked":"Slimebound:LeechingTouch","floor":14},{"not_picked":["Slimebound:SplitMire","Slimebound:SplitBruiser"],"picked":"Slimebound:SamplingLick","floor":15},{"not_picked":["Slimebound:DuplicatedForm","Slimebound:PrepareCrush"],"picked":"Slimebound:SelfFormingGoo","floor":16},{"not_picked":["Slimebound:SplitAcid","Slimebound:ItLooksTasty"],"picked":"Slimebound:SplitLeeching+1","floor":19},{"not_picked":["Slimebound:ItLooksTasty","Slimebound:SlimeSlap"],"picked":"Slimebound:SplitMire+1","floor":22},{"not_picked":["Slimebound:RollThrough","Slimebound:MegaLick"],"picked":"Slimebound:SplitSpecialist","floor":23},{"not_picked":["Slimebound:SplitMire","Slimebound:ItLooksTasty+1"],"picked":"Slimebound:SlimeBrawl","floor":25},{"not_picked":["Slimebound:FlameTackle","Slimebound:RollThrough+1"],"picked":"Slimebound:GoopTackle+1","floor":27},{"not_picked":["Slimebound:TongueLash+1","Slimebound:FinishingTackle+1"],"picked":"Slimebound:Schlurp","floor":28},{"not_picked":["Slimebound:Equalize","Slimebound:SlimeSpikes"],"picked":"Slimebound:Prepare","floor":30},{"not_picked":["Slimebound:SplitBruiser","Slimebound:SplitAcid"],"picked":"Slimebound:Overexert","floor":31},{"not_picked":["Slimebound:SplitLeeching","Slimebound:GoopTackle+1"],"picked":"Slimebound:TongueLash","floor":32},{"not_picked":["Slimebound:CheckThePlaybook","Slimebound:FirmFortitude"],"picked":"Slimebound:OozeBath","floor":33},{"not_picked":["Slimebound:ForwardTackle","Slimebound:TongueLash+1"],"picked":"Slimebound:GrowthPunch+1","floor":36},{"not_picked":["Slimebound:Equalize","Slimebound:Grow+1"],"picked":"Slimebound:ItLooksTasty+1","floor":37},{"not_picked":["Slimebound:LeechingTouch+1","Slimebound:LeechEnergy+1"],"picked":"Slimebound:Gluttony","floor":39},{"not_picked":["Slimebound:ViciousTackle","Slimebound:FinishingTackle+1"],"picked":"Slimebound:LeechEnergy","floor":43},{"not_picked":["Slimebound:ComboTackle","Slimebound:GrowthPunch+1"],"picked":"Slimebound:ItLooksTasty","floor":44},{"not_picked":["Slimebound:Schlurp","Slimebound:ItLooksTasty+1"],"picked":"Slimebound:SamplingLick+1","floor":47},{"not_picked":["Slimebound:SplitAcid","Slimebound:SplitMire"],"picked":"Slimebound:SlimeTap","floor":48},{"not_picked":["Slimebound:GoopTackle+1","Slimebound:SplitLeeching+1"],"picked":"Slimebound:LevelUp+1","floor":49}],"player_experience":222134,"relics_obtained":[{"floor":3,"key":"Nunchaku"},{"floor":7,"key":"Bottled Tornado"},{"floor":9,"key":"Orichalcum"},{"floor":20,"key":"Strawberry"},{"floor":23,"key":"TungstenRod"},{"floor":24,"key":"hubris:DuctTape"},{"floor":25,"key":"Regal Pillow"},{"floor":30,"key":"Gambling Chip"},{"floor":41,"key":"Pen Nib"},{"floor":42,"key":"Slimebound:MaxSlimesRelic"},{"floor":43,"key":"conspire:DecoderRing"}],"event_choices":[{"damage_healed":0,"gold_gain":100,"player_choice":"Gold","damage_taken":0,"max_hp_gain":0,"max_hp_loss":0,"event_name":"Wheel of Change","floor":12,"gold_loss":0}],"is_beta":false,"boss_relics":[{"not_picked":["Cursed Key","hubris:HollowSoul"],"picked":"Slimebound:AbsorbEndCombatUpgraded"},{"not_picked":["hubris:BlackHole","hubris:CrackedHourglass"],"picked":"Philosopher\u0027s Stone"}],"items_purged_floors":[],"is_endless":false,"potions_floor_spawned":[5,9,13,14,23,28,30,32,43,44,47],"killed_by":"WA_ARCHETYPE_DIVINITY","ascension_level":1}}