{"host":"6nlkmf8brg11b1z4","time":1611184659,"event":{"mods":["AchievementEnabler","Act Like it!","BaseMod","BetterRewards","Downfall","Hermit","Key Reminder","Minty Spire (QoL Compilation)","Relic Filter","StSLib"],"gold_per_floor":[112,287,19,31,31,57,57,88,127,139,166,178,204,231,243,351,363,385,425,456,485,497,536,559,604,616,628,640,652,109,109,109,208,208,221,238,83,103,115,115,169,169,169,182,182,182,210,228,228,228,228,228,35,67,67,67],"floor_reached":55,"language":"ENG","playtime":1736,"items_purged":["Strike_R","Strike_R","Doubt","Defend_R"],"score":1020,"play_id":"1281d77e-bd7a-4689-911e-3d6756238b9a","local_time":"20210121001739","is_ascension_mode":false,"campfire_choices":[{"data":"Flex","floor":10,"key":"SMITH"},{"data":"Sword Boomerang","floor":12,"key":"SMITH"},{"data":"Feed","floor":15,"key":"SMITH"},{"data":"Flex","floor":29,"key":"SMITH"},{"data":"Pommel Strike","floor":32,"key":"SMITH"},{"data":"Uppercut","floor":40,"key":"SMITH"},{"data":"1","floor":42,"key":"LIFT"},{"data":"2","floor":45,"key":"LIFT"},{"floor":49,"key":"RECALL"},{"data":"3","floor":52,"key":"LIFT"}],"circlet_count":0,"master_deck":["Strike_R","Strike_R","Strike_R","Defend_R","Defend_R","Defend_R","Bash","Flash of Steel","Immolate","Flex+1","Sword Boomerang+1","Disarm","Spot Weakness","Feed+1","Reaper","Flex+1","Reaper","Inflame","Pommel Strike+1","Exhume","Blood for Blood+1","Uppercut+1","Pommel Strike+1","Pommel Strike","Headbutt","Seeing Red+1"],"relics":["Burning Blood","HornCleat","Red Skull","Oddly Smooth Stone","Gambling Chip","MawBank","Coffee Dripper","Red Mask","Vajra","Bottled Tornado","PreservedInsect","MutagenicStrength","Mummified Hand","Bronze Scales","Cursed Key","Omamori","Girya","Sundial","Calipers","Brimstone","Bag of Preparation"],"acts_visited":["Exordium","TheCity","TheBeyond","TheEnding"],"potions_floor_usage":[8,16,55,55,55],"damage_taken":[{"damage":6,"enemies":"Jaw Worm","floor":1,"turns":3},{"damage":0,"enemies":"2 Louse","floor":4,"turns":1},{"damage":5,"enemies":"3 Sentries","floor":6,"turns":4},{"damage":0,"enemies":"Gremlin Nob","floor":8,"turns":3},{"damage":7,"enemies":"Small Slimes","floor":11,"turns":2},{"damage":0,"enemies":"Looter","floor":13,"turns":1},{"damage":0,"enemies":"Large Slime","floor":14,"turns":3},{"damage":38,"enemies":"The Guardian","floor":16,"turns":6},{"damage":4,"enemies":"Chosen","floor":18,"turns":4},{"damage":0,"enemies":"Masked Bandits","floor":19,"turns":3},{"damage":7,"enemies":"2 Thieves","floor":20,"turns":3},{"damage":6,"enemies":"Chosen and Byrds","floor":21,"turns":3},{"damage":29,"enemies":"Slavers","floor":23,"turns":5},{"damage":33,"enemies":"Centurion and Healer","floor":24,"turns":5},{"damage":31,"enemies":"Gremlin Leader","floor":25,"turns":6},{"damage":30,"enemies":"Automaton","floor":33,"turns":6},{"damage":6,"enemies":"3 Shapes","floor":35,"turns":2},{"damage":13,"enemies":"3 Darklings","floor":36,"turns":3},{"damage":7,"enemies":"Jaw Worm Horde","floor":38,"turns":2},{"damage":0,"enemies":"Sphere and 2 Shapes","floor":39,"turns":4},{"damage":29,"enemies":"2 Orb Walkers","floor":41,"turns":4},{"damage":11,"enemies":"Spire Growth","floor":44,"turns":3},{"damage":0,"enemies":"Nemesis","floor":47,"turns":1},{"damage":1,"enemies":"Jaw Worm Horde","floor":48,"turns":2},{"damage":94,"enemies":"Time Eater","floor":50,"turns":8},{"damage":12,"enemies":"Shield and Spear","floor":54,"turns":3},{"damage":170,"enemies":"The Heart","floor":55,"turns":6}],"seed_played":"9201679066640314064","potions_obtained":[{"floor":6,"key":"hexamod:SoulburnPotion"},{"floor":13,"key":"PowerPotion"},{"floor":14,"key":"Guardian:BlockOnCardUsePotion"},{"floor":16,"key":"Regen Potion"},{"floor":19,"key":"Guardian:BlockOnCardUsePotion"},{"floor":25,"key":"GamblersBrew"},{"floor":39,"key":"Ancient Potion"}],"is_trial":false,"path_per_floor":["M","?","$","M","?","E","?","E","T","R","M","R","M","M","R","B",null,"M","?","M","M","$","E","M","E","T","?","?","R","$","?","R","B",null,"M","M","$","M","M","R","?","R","T","M","R","?","E","M","R","B",null,"R","$","E","B"],"character_chosen":"IRONCLAD","items_purchased":["Flash of Steel","HornCleat","Immolate","Flex","Red Skull","Mummified Hand","Bronze Scales","Omamori","Brimstone","Headbutt"],"campfire_rested":0,"item_purchase_floors":[0,0,0,0,3,30,30,37,53,53],"current_hp_per_floor":[80,80,80,80,77,78,83,85,85,85,84,84,85,85,85,57,89,89,93,97,97,97,87,81,83,83,62,62,62,62,62,62,98,114,114,114,114,114,118,118,108,108,108,117,117,117,122,126,126,42,130,130,130,130,0,0],"gold":67,"neow_bonus":"","is_daily":false,"chose_seed":false,"campfire_upgraded":6,"win_rate":0.0,"timestamp":1611184659,"path_taken":["M","?","$","M","?","E","?","E","T","R","?","R","M","M","R","BOSS","M","?","M","M","$","E","M","E","T","?","?","R","$","?","R","BOSS","M","M","$","M","M","R","?","R","T","M","R","?","E","M","R","BOSS","R","$","E","BOSS"],"items_purchased_type":["Card","Relic","Card","Card","Relic","Relic","Relic","Relic","Relic","Card"],"build_version":"2020-12-22","purchased_purges":4,"victory":false,"max_hp_per_floor":[80,80,80,80,80,80,85,85,85,85,85,85,85,85,85,89,89,89,93,97,97,97,101,105,105,105,110,110,110,110,110,110,114,114,114,114,114,114,118,118,118,118,118,122,122,122,122,126,126,130,130,130,130,130,130,130],"card_choices":[{"not_picked":["Clash","Seeing Red"],"picked":"Sword Boomerang","floor":1},{"not_picked":["Cleave","Warcry","Inflame"],"picked":"SKIP","floor":4},{"not_picked":["Havoc","Combust"],"picked":"Disarm","floor":6},{"not_picked":["Blood for Blood","Warcry"],"picked":"Spot Weakness","floor":8},{"not_picked":["Warcry","Shrug It Off","Spot Weakness"],"picked":"SKIP","floor":11},{"not_picked":["Fire Breathing","Clothesline","Rampage"],"picked":"SKIP","floor":13},{"not_picked":["Thunderclap","Wild Strike"],"picked":"Feed","floor":14},{"not_picked":["Brutality","Immolate"],"picked":"Reaper","floor":16},{"not_picked":["Body Slam+1","Havoc","Dual Wield"],"picked":"SKIP","floor":18},{"not_picked":["Armaments","True Grit+1","Shockwave"],"picked":"SKIP","floor":20},{"not_picked":["Perfected Strike","Twin Strike"],"picked":"Flex","floor":21},{"not_picked":["Cleave","Shrug It Off"],"picked":"Reaper","floor":23},{"not_picked":["Heavy Blade","Anger"],"picked":"Inflame","floor":24},{"not_picked":["Disarm","Burning Pact"],"picked":"Pommel Strike","floor":25},{"not_picked":["Berserk","Corruption"],"picked":"Exhume","floor":33},{"not_picked":["Wild Strike","Spot Weakness"],"picked":"Blood for Blood+1","floor":35},{"not_picked":["Clothesline","Rage+1"],"picked":"Uppercut","floor":36},{"not_picked":["Perfected Strike","Blood for Blood+1","Anger+1"],"picked":"SKIP","floor":38},{"not_picked":["Sword Boomerang+1","Shockwave+1"],"picked":"Pommel Strike+1","floor":39},{"not_picked":["Inflame+1","Headbutt","Dropkick"],"picked":"SKIP","floor":44},{"not_picked":["Perfected Strike+1","Brutality","Entrench+1"],"picked":"SKIP","floor":47},{"not_picked":["Anger+1","Iron Wave"],"picked":"Pommel Strike","floor":48},{"not_picked":["Reckless Charge","Evolve"],"picked":"Seeing Red+1","floor":54}],"player_experience":408833,"relics_obtained":[{"floor":6,"key":"Gambling Chip"},{"floor":8,"key":"MawBank"},{"floor":19,"key":"Red Mask"},{"floor":23,"key":"Vajra"},{"floor":25,"key":"Bottled Tornado"},{"floor":26,"key":"PreservedInsect"},{"floor":41,"key":"Girya"},{"floor":43,"key":"Sundial"},{"floor":47,"key":"Calipers"},{"floor":54,"key":"Bag of Preparation"}],"event_choices":[{"damage_healed":0,"gold_gain":175,"player_choice":"AGREE","damage_taken":0,"max_hp_gain":0,"max_hp_loss":0,"event_name":"Liars Game","floor":2,"gold_loss":0,"cards_obtained":["Doubt"]},{"damage_healed":0,"gold_gain":0,"player_choice":"Success","damage_taken":3,"relics_obtained":["Oddly Smooth Stone"],"max_hp_gain":0,"max_hp_loss":0,"event_name":"Scrap Ooze","floor":5,"gold_loss":0},{"damage_healed":0,"gold_gain":0,"player_choice":"Donut","damage_taken":0,"max_hp_gain":5,"max_hp_loss":0,"event_name":"Big Fish","floor":7,"gold_loss":0},{"damage_healed":0,"gold_gain":0,"player_choice":"Fought Bandits","damage_taken":0,"max_hp_gain":0,"max_hp_loss":0,"event_name":"Masked Bandits","floor":19,"gold_loss":0},{"damage_healed":0,"gold_gain":0,"player_choice":"Shed Blood","damage_taken":26,"max_hp_gain":5,"max_hp_loss":0,"event_name":"Forgotten Altar","floor":27,"gold_loss":0},{"damage_healed":0,"gold_gain":0,"player_choice":"Inject Mutagens","damage_taken":0,"relics_obtained":["MutagenicStrength"],"max_hp_gain":0,"max_hp_loss":0,"event_name":"Drug Dealer","floor":28,"gold_loss":0},{"damage_healed":0,"gold_gain":0,"player_choice":"Fight","damage_taken":0,"max_hp_gain":0,"max_hp_loss":0,"event_name":"Mysterious Sphere","floor":41,"gold_loss":0},{"damage_healed":0,"gold_gain":0,"player_choice":"Ignored","damage_taken":0,"max_hp_gain":0,"max_hp_loss":0,"event_name":"NoteForYourself","floor":46,"gold_loss":0}],"is_beta":false,"boss_relics":[{"not_picked":["Ectoplasm","SlaversCollar"],"picked":"Coffee Dripper"},{"not_picked":["Black Blood","bronze:MakeshiftBattery"],"picked":"Cursed Key"}],"items_purged_floors":[0,0,3,30],"is_endless":false,"potions_floor_spawned":[6,13,14,16,19,23,25,33,39,47],"killed_by":"The Heart","ascension_level":0}}