{"host":"yd6hhqps9de4qmof","time":1611157455,"event":{"mods":["BaseMod","Downfall","Hermit","Highlight Path","Jorbs\u0027s Wanderer Trilogy","Minty Spire (QoL Compilation)","Relic Stats","Shade Mod","StSLib","The Cursed","The Servant 0.9.4"],"gold_per_floor":[99,110,126,137,237,266,291,6,6,106,120,20,5,36,49,149,149,149,168,168,182,182,216,285,302,302,302,314,333,365,384,400,496,496,496,514,98,112,124,124,124,142,174,190,207,42,42,42,61,61,61,61],"floor_reached":50,"language":"ENG","playtime":1998,"items_purged":[],"score":604,"play_id":"488de240-7c80-4369-929b-3a3a24bbd9d8","local_time":"20210120164415","is_ascension_mode":true,"campfire_choices":[{"floor":1,"key":"RECALL"},{"data":"bronze:BronzeOrb","floor":9,"key":"SMITH"},{"floor":12,"key":"REST"},{"floor":18,"key":"REST"},{"floor":27,"key":"REST"},{"floor":35,"key":"REST"},{"floor":47,"key":"REST"}],"circlet_count":0,"master_deck":["bronze:Strike+1","bronze:Strike+1","bronze:Strike+1","bronze:Strike+1","bronze:Defend+1","bronze:Defend+1","bronze:Defend+1","bronze:Defend+1","bronze:Replicate","bronze:Goto","bronze:DelayedSlice","bronze:BronzeOrb+1","bronze:WildBeam","bronze:Library","expansioncontent:StudyTheSpire","bronze:Constructor","bronze:WhirlingStrike","bronze:ChosenStrike","bronze:DigitalCarnage","bronze:AlphaBuild","bronze:ChosenStrike","bronze:OilSpill","bronze:ShipIt","bronze:BuggyMess+1","bronze:Overheat+1","bronze:BronzeOrb+1","bronze:FollowUp","bronze:Break","bronze:Frontload+1","bronze:Overload+1","bronze:BronzeOrb","bronze:Flail","bronze:Shield+1","bronze:Deprecate+1","bronze:BuggyMess+1","bronze:BurnOut","bronze:Boost+1","Mayhem","expansioncontent:HyperBeam"],"relics":["bronze:PlatinumCore","Tiny Chest","Art of War","downfall:HeartBlessingRed","TungstenRod","Fusion Hammer","Incense Burner","Gremlin Horn","StrikeDummy","Bottled Flame","Sling","Ornamental Fan","PreservedInsect","Vajra"],"acts_visited":["Exordium","TheCity","TheBeyond"],"potions_floor_usage":[6,6,16,30,33,33,39,43,45,50,50,50],"damage_taken":[{"damage":1,"enemies":"Cultist","floor":2,"turns":3},{"damage":2,"enemies":"2 Louse","floor":3,"turns":4},{"damage":7,"enemies":"Small Slimes","floor":4,"turns":2},{"damage":16,"enemies":"Lagavulin","floor":6,"turns":4},{"damage":0,"enemies":"downfall:FleeingMerchant","floor":8,"turns":4},{"damage":3,"enemies":"Red Slaver","floor":11,"turns":4},{"damage":0,"enemies":"downfall:FleeingMerchant","floor":13,"turns":4},{"damage":16,"enemies":"Gremlin Nob","floor":14,"turns":3},{"damage":0,"enemies":"2 Fungi Beasts","floor":15,"turns":2},{"damage":31,"enemies":"DF_ARCHETYPE_STREAMLINE","floor":16,"turns":6},{"damage":0,"enemies":"Chosen","floor":19,"turns":3},{"damage":2,"enemies":"Centurion and Healer","floor":21,"turns":4},{"damage":35,"enemies":"Book of Stabbing","floor":23,"turns":4},{"damage":0,"enemies":"Snake Plant","floor":25,"turns":3},{"damage":0,"enemies":"Sentry and Sphere","floor":28,"turns":3},{"damage":0,"enemies":"3 Cultists","floor":29,"turns":3},{"damage":26,"enemies":"Gremlin Leader","floor":30,"turns":6},{"damage":12,"enemies":"Snake Plant","floor":31,"turns":3},{"damage":0,"enemies":"Chosen and Byrds","floor":32,"turns":4},{"damage":5,"enemies":"SI_MIRROR_ARCHETYPE","floor":33,"turns":4},{"damage":6,"enemies":"3 Darklings","floor":36,"turns":2},{"damage":1,"enemies":"downfall:FleeingMerchant","floor":37,"turns":4},{"damage":0,"enemies":"Orb Walker","floor":38,"turns":2},{"damage":2,"enemies":"Writhing Mass","floor":39,"turns":5},{"damage":17,"enemies":"Maw","floor":42,"turns":6},{"damage":7,"enemies":"Reptomancer","floor":43,"turns":4},{"damage":0,"enemies":"Spire Growth","floor":44,"turns":3},{"damage":0,"enemies":"Writhing Mass","floor":45,"turns":2},{"damage":0,"enemies":"downfall:FleeingMerchant","floor":46,"turns":1},{"damage":17,"enemies":"Transient","floor":49,"turns":5},{"damage":114,"enemies":"WA_ARCHETYPE_DIVINITY","floor":50,"turns":9}],"seed_played":"-3036203639202377917","potions_obtained":[{"floor":3,"key":"Strength Potion"},{"floor":4,"key":"bronze:BuildAFunctionPotion"},{"floor":11,"key":"FearPotion"},{"floor":16,"key":"FearPotion"},{"floor":25,"key":"EssenceOfSteel"},{"floor":28,"key":"Strength Potion"},{"floor":31,"key":"Strength Potion"},{"floor":38,"key":"Fruit Juice"},{"floor":39,"key":"sneckomod:MuddlingPotion"},{"floor":43,"key":"hexamod:SoulburnPotion"}],"is_trial":false,"path_per_floor":["R","M","M","M","?","E","T","$","R","?","M","R","$","E","M","B",null,"R","M","?","M","T","E","T","M","?","R","M","M","E","M","M","B",null,"R","M","$","M","M","T","T","M","E","M","M","$","R","$","M","B"],"character_chosen":"THE_AUTOMATON","items_purchased":["expansioncontent:StudyTheSpire","bronze:Constructor","Strength Potion","Sling","bronze:BronzeOrb","bronze:Flail","bronze:FreeFunctionsPotion","Weak Potion","Vajra","DuplicationPotion","Mayhem","expansioncontent:HyperBeam"],"campfire_rested":5,"item_purchase_floors":[8,8,8,37,37,37,37,37,46,46,46,46],"current_hp_per_floor":[77,76,74,67,67,51,51,51,51,51,48,71,71,55,55,24,77,77,77,77,75,75,40,40,40,40,63,63,63,37,25,25,20,77,77,71,70,70,68,68,68,51,49,49,49,49,73,73,56,0,0,0],"gold":61,"neow_bonus":"TEN_PERCENT_HP_BONUS","is_daily":false,"chose_seed":false,"campfire_upgraded":1,"win_rate":0.0,"timestamp":1611157455,"path_taken":["R","?","M","M","?","E","T","$","R","?","?","R","$","E","M","BOSS","R","M","?","M","?","E","T","M","?","R","M","M","E","M","M","BOSS","R","M","?","M","?","?","T","?","E","M","M","$","R","$","M","BOSS"],"items_purchased_type":["Card","Card","Potion","Relic","Card","Card","Potion","Potion","Relic","Potion","Card","Card"],"build_version":"2020-12-22","purchased_purges":0,"victory":false,"max_hp_per_floor":[77,77,77,77,77,77,77,77,77,77,77,77,77,77,77,77,77,77,77,77,77,77,77,77,77,77,77,77,77,77,77,77,77,77,77,77,77,77,77,77,77,77,82,82,82,82,82,82,82,82,82,82],"relic_stats":{"Gremlin Horn":[14,14],"counters":[31,116],"Ornamental Fan":[92],"Tiny Chest":2,"PreservedInsect":0,"Art of War":[6],"obtain_stats":[{"bronze:PlatinumCore":34,"bronze:BronzeCore":0,"downfall:HeartBlessingRed":12,"Gremlin Horn":23,"Vajra":46,"PreservedInsect":43,"Incense Burner":22,"Sling":37,"Bottled Flame":30,"Ornamental Fan":40,"Tiny Chest":6,"Fusion Hammer":17,"Art of War":7,"StrikeDummy":24,"TungstenRod":14},{"bronze:PlatinumCore":20,"bronze:BronzeCore":0,"downfall:HeartBlessingRed":6,"Gremlin Horn":13,"Vajra":29,"PreservedInsect":26,"Incense Burner":12,"Sling":22,"Bottled Flame":17,"Ornamental Fan":24,"Tiny Chest":4,"Fusion Hammer":10,"Art of War":4,"StrikeDummy":13,"TungstenRod":8},{"bronze:PlatinumCore":73,"bronze:BronzeCore":0,"downfall:HeartBlessingRed":21,"Gremlin Horn":47,"Vajra":102,"PreservedInsect":96,"Incense Burner":43,"Sling":79,"Bottled Flame":62,"Ornamental Fan":86,"Tiny Chest":13,"Fusion Hammer":36,"Art of War":13,"StrikeDummy":47,"TungstenRod":28}],"TungstenRod":31},"card_choices":[{"not_picked":["bronze:Invalidate","bronze:CloningBeam","bronze:Philosophize"],"picked":"SKIP","floor":2},{"not_picked":["bronze:CloningBeam","bronze:DelayedGuard"],"picked":"bronze:DelayedSlice","floor":3},{"not_picked":["bronze:Separator","bronze:Allocate"],"picked":"bronze:BronzeOrb","floor":4},{"not_picked":["bronze:ForLoop","bronze:Safeguard"],"picked":"bronze:WildBeam","floor":6},{"not_picked":["bronze:Constructor","bronze:OilSpill"],"picked":"bronze:Library","floor":8},{"not_picked":["bronze:BuggyMess","bronze:OilSpill"],"picked":"bronze:WhirlingStrike","floor":11},{"not_picked":["bronze:OilSpill","bronze:Frontload"],"picked":"bronze:ChosenStrike","floor":13},{"not_picked":["bronze:ForLoop","bronze:Backtrace"],"picked":"bronze:DigitalCarnage","floor":14},{"not_picked":["bronze:Constructor","bronze:Deprecate","bronze:TinkerersToolbox"],"picked":"SKIP","floor":15},{"not_picked":["bronze:TinkerersToolbox","bronze:RecursiveStrike"],"picked":"bronze:AlphaBuild","floor":16},{"not_picked":["bronze:CutThrough","bronze:DelayedGuard+1"],"picked":"bronze:ChosenStrike","floor":19},{"not_picked":["bronze:WhirlingStrike","bronze:Separator"],"picked":"bronze:OilSpill","floor":21},{"not_picked":["bronze:Separator","bronze:ForLoop+1"],"picked":"bronze:ShipIt","floor":23},{"not_picked":["bronze:Invalidate+1","bronze:Return+1"],"picked":"bronze:BuggyMess+1","floor":25},{"not_picked":["bronze:BitShift","bronze:Invalidate+1","bronze:FineTuning"],"picked":"SKIP","floor":28},{"not_picked":["bronze:DelayedGuard","bronze:Deprecate"],"picked":"bronze:Overheat+1","floor":29},{"not_picked":["bronze:Philosophize","bronze:BuggyMess"],"picked":"bronze:BronzeOrb+1","floor":30},{"not_picked":["bronze:Philosophize","bronze:BitShift"],"picked":"bronze:FollowUp","floor":31},{"not_picked":["bronze:DigitalCarnage","bronze:NullPointer","bronze:Safeguard"],"picked":"SKIP","floor":32},{"not_picked":["bronze:Virus","bronze:Assembly"],"picked":"bronze:Break","floor":33},{"not_picked":["bronze:BitShift","bronze:InfiniteBeams"],"picked":"bronze:Frontload+1","floor":36},{"not_picked":["bronze:Overheat+1","bronze:ChildClass+1"],"picked":"bronze:Overload+1","floor":37},{"not_picked":["bronze:Branch","bronze:Allocate"],"picked":"bronze:Shield+1","floor":38},{"not_picked":["bronze:CutThrough+1","bronze:Refactor+1"],"picked":"bronze:Deprecate+1","floor":39},{"not_picked":["bronze:ClassDefault+1","bronze:BugBarrage"],"picked":"bronze:BuggyMess+1","floor":42},{"not_picked":["bronze:DelayedSlice+1","bronze:CleanCode"],"picked":"bronze:BurnOut","floor":43},{"not_picked":["bronze:DelayedSlice","bronze:OilSpill+1"],"picked":"bronze:Boost+1","floor":44},{"not_picked":["bronze:BronzeArmor","bronze:WildBeam","bronze:MaxOutput"],"picked":"SKIP","floor":45},{"not_picked":["bronze:Optimize","bronze:Invalidate","bronze:BitShift+1"],"picked":"SKIP","floor":46},{"not_picked":["bronze:BugBarrage","bronze:TinkerersToolbox","bronze:Deprecate"],"picked":"SKIP","floor":49}],"player_experience":1154771,"relics_obtained":[{"floor":6,"key":"Tiny Chest"},{"floor":7,"key":"Art of War"},{"floor":14,"key":"TungstenRod"},{"floor":22,"key":"Incense Burner"},{"floor":23,"key":"Gremlin Horn"},{"floor":24,"key":"StrikeDummy"},{"floor":30,"key":"Bottled Flame"},{"floor":40,"key":"Ornamental Fan"},{"floor":43,"key":"PreservedInsect"}],"event_choices":[{"damage_healed":0,"gold_gain":100,"player_choice":"Gold","damage_taken":0,"max_hp_gain":0,"max_hp_loss":0,"event_name":"Wheel of Change","floor":10,"gold_loss":0}],"is_beta":false,"boss_relics":[{"not_picked":["Empty Cage","Cursed Key"],"picked":"Fusion Hammer"},{"not_picked":["SacredBark","Runic Pyramid"],"picked":"bronze:PlatinumCore"}],"items_purged_floors":[],"is_endless":false,"potions_floor_spawned":[3,4,11,16,25,28,31,38,39,43,44,49],"killed_by":"WA_ARCHETYPE_DIVINITY","ascension_level":1}}