{"host":"7qmclr78zvlntuh5","time":1611180413,"event":{"mods":["BaseMod","Downfall","Minty Spire (QoL Compilation)","StSLib"],"gold_per_floor":[99,118,568,568,582,617,617,517,80,94,105,105,5,19,34,139,139,139,149,149,53,53,53,53,87,143,175,181,195,212,212,228,330,330,230,246,265,265,265,265,265,292,308,326,360,148,182,38,49,49,49,83,83,83,83,83],"floor_reached":57,"language":"ENG","playtime":5420,"items_purged":["downfall:Icky","Pain"],"score":1463,"play_id":"5e35a9a6-ce18-458b-bd0a-b24020774f1b","local_time":"20210120170653","is_ascension_mode":true,"campfire_choices":[{"data":"bronze:Replicate","floor":1.0,"key":"SMITH"},{"floor":8.0,"key":"RECALL"},{"floor":13.0,"key":"REST"},{"data":"bronze:BurnOut","floor":18.0,"key":"SMITH"},{"data":"bronze:BugBarrage","floor":23.0,"key":"SMITH"},{"data":"bronze:ShipIt","floor":35.0,"key":"SMITH"},{"data":"bronze:TinkerersToolbox","floor":40.0,"key":"SMITH"},{"data":"expansioncontent:PolyBeam","floor":54,"key":"SMITH"}],"circlet_count":0,"master_deck":["bronze:Strike","bronze:Strike","bronze:Defend","bronze:Defend","bronze:Defend+1","bronze:Replicate+1","bronze:Goto","bronze:Overheat","downfall:Icky","downfall:Icky","downfall:Haunted","bronze:CutThrough+1","bronze:CutThrough+1","bronze:Constructor","expansioncontent:DashGenerateEvil","bronze:WildBeam","bronze:Repair","bronze:BugBarrage+1","downfall:Malfunctioning","bronze:Optimize","bronze:BitShift","bronze:BurnOut+1","bronze:MaxOutput","bronze:BugBarrage+1","bronze:Repair","bronze:NullPointer","bronze:TinkerersToolbox+1","bronze:NullPointer","bronze:ShipIt+1","bronze:DarkDash+1","expansioncontent:PolyBeam+1","bronze:ForLoop+1","bronze:ItsAFeature+1","bronze:MaxOutput"],"relics":["bronze:BronzeCore","PreservedInsect","Bronze Scales","Unceasing Top","downfall:HeartBlessingGreen","Lantern","downfall:HeartBlessingRed","Cursed Key","downfall:KnowingSkull","FossilizedHelix","Art of War","OrangePellets","Coffee Dripper","downfall:HeartBlessingBlue","Question Card","Juzu Bracelet","Toolbox","Toxic Egg 2","Guardian:PocketSentry","Happy Flower"],"acts_visited":["Exordium","TheCity","TheBeyond","TheEnding"],"potions_floor_usage":[55,56,56],"damage_taken":[{"damage":1.0,"enemies":"2 Louse","floor":2.0,"turns":2.0},{"damage":5.0,"enemies":"Cultist","floor":5.0,"turns":4.0},{"damage":29.0,"enemies":"3 Sentries","floor":6.0,"turns":5.0},{"damage":0.0,"enemies":"downfall:FleeingMerchant","floor":9.0,"turns":4.0},{"damage":10.0,"enemies":"Jaw Worm","floor":10.0,"turns":2.0},{"damage":22.0,"enemies":"Exordium Wildlife","floor":11.0,"turns":3.0},{"damage":0.0,"enemies":"2 Fungi Beasts","floor":14.0,"turns":2.0},{"damage":0.0,"enemies":"Gremlin Gang","floor":15.0,"turns":2.0},{"damage":50.0,"enemies":"DF_ARCHETYPE_STREAMLINE","floor":16.0,"turns":9.0},{"damage":0.0,"enemies":"Chosen","floor":19.0,"turns":3.0},{"damage":0.0,"enemies":"downfall:FleeingMerchant","floor":21.0,"turns":4.0},{"damage":5.0,"enemies":"Gremlin Leader","floor":25.0,"turns":2.0},{"damage":5.0,"enemies":"Shell Parasite","floor":26.0,"turns":3.0},{"damage":7.0,"enemies":"Slavers","floor":27.0,"turns":3.0},{"damage":16.0,"enemies":"downfall:FleeingMerchant","floor":28.0,"turns":3.0},{"damage":0.0,"enemies":"Centurion and Healer","floor":29.0,"turns":3.0},{"damage":6.0,"enemies":"Chosen and Byrds","floor":30.0,"turns":4.0},{"damage":0.0,"enemies":"Cultist and Chosen","floor":32.0,"turns":4.0},{"damage":7.0,"enemies":"IC_MUSHROOM_ARCHETYPE","floor":33.0,"turns":5.0},{"damage":0.0,"enemies":"Orb Walker","floor":36.0,"turns":2.0},{"damage":0.0,"enemies":"3 Darklings","floor":37.0,"turns":4.0},{"damage":11.0,"enemies":"Reptomancer","floor":42.0,"turns":5.0},{"damage":0.0,"enemies":"Jaw Worm Horde","floor":43.0,"turns":3.0},{"damage":0.0,"enemies":"4 Shapes","floor":44.0,"turns":3.0},{"damage":15.0,"enemies":"Nemesis","floor":45.0,"turns":5.0},{"damage":0.0,"enemies":"Giant Head","floor":47.0,"turns":5.0},{"damage":0,"enemies":"Sphere and 2 Shapes","floor":49,"turns":3},{"damage":3,"enemies":"SI_POISON_ARCHETYPE","floor":50,"turns":9},{"damage":39,"enemies":"downfall:CharBossMerchant","floor":52,"turns":6},{"damage":31,"enemies":"downfall:NeowBoss","floor":55,"turns":12},{"damage":71,"enemies":"downfall:NeowBossFinal","floor":56,"turns":10}],"seed_played":"-8642622982376373352","potions_obtained":[{"floor":2.0,"key":"BlessingOfTheForge"},{"floor":6.0,"key":"Regen Potion"},{"floor":11.0,"key":"Explosive Potion"},{"floor":25.0,"key":"Regen Potion"}],"is_trial":false,"path_per_floor":["R","M","?","?","M","E","T","R","$","M","M","?","R","M","M","B",null,"R","M","?","$","?","R","T","E","M","E","$","M","M","?","M","B",null,"R","M","M","?","?","R","T","E","M","M","E","$","E","$","M","B",null,"E","$","R","B","B",null],"character_chosen":"THE_AUTOMATON","items_purchased":["expansioncontent:DashGenerateEvil","Lantern","bronze:WildBeam","bronze:MaxOutput","bronze:NullPointer","OrangePellets","bronze:MaxOutput","Toolbox","Guardian:PocketSentry"],"campfire_rested":1,"item_purchase_floors":[9,9,9,21,28,28,46,46,48],"current_hp_per_floor":[70,69,69,69,64,35,35,35,35,25,10,10,31,31,38,20,70,70,70,70,70,63,63,63,58,53,53,37,44,58,58,68,61,70,80,80,80,70,70,70,70,66,73,80,65,65,79,79,79,76,80,41,41,41,42,25],"gold":83,"neow_bonus":"RANDOM_COMMON_RELIC","is_daily":false,"chose_seed":false,"campfire_upgraded":6,"win_rate":0.0,"timestamp":1611180413,"path_taken":["R","M","?","?","?","E","T","R","$","M","M","?","R","M","M","BOSS","R","M","?","$","?","R","T","E","?","E","$","M","?","?","M","BOSS","R","M","M","?","?","R","T","E","M","?","E","$","E","$","M","BOSS","E","$","R","BOSS","BOSS"],"items_purchased_type":["Card","Relic","Card","Card","Card","Relic","Card","Relic","Relic"],"build_version":"2020-12-22","purchased_purges":2,"victory":true,"max_hp_per_floor":[70,70,70,70,70,70,70,70,70,70,70,70,70,70,70,70,70,70,70,70,70,70,70,70,70,70,70,70,70,70,70,70,70,70,80,80,80,80,80,80,80,80,80,80,80,80,80,80,80,80,80,80,80,80,80,85],"card_choices":[{"not_picked":["bronze:ForLoop","bronze:Frontload"],"picked":"bronze:Overheat","floor":2.0},{"not_picked":["bronze:BuggyMess","bronze:FineTuning"],"picked":"bronze:CutThrough","floor":5.0},{"not_picked":["bronze:GetLatest","bronze:Deprecate"],"picked":"bronze:CutThrough","floor":6.0},{"not_picked":["bronze:OilSpill","bronze:Iterate"],"picked":"bronze:Constructor","floor":9.0},{"not_picked":["bronze:MaxOutput","bronze:Overload"],"picked":"bronze:Repair","floor":10.0},{"not_picked":["bronze:CutThrough","bronze:DelayedSlice"],"picked":"bronze:BugBarrage","floor":11.0},{"not_picked":["bronze:Deprecate","bronze:BronzeArmor"],"picked":"bronze:Optimize","floor":14.0},{"not_picked":["bronze:DigitalCarnage","bronze:Invalidate"],"picked":"bronze:BitShift","floor":15.0},{"not_picked":["bronze:AlphaBuild","bronze:Assembly"],"picked":"bronze:BurnOut","floor":16.0},{"not_picked":["bronze:DelayedSlice","bronze:Boost+1","bronze:ChosenStrike"],"picked":"SKIP","floor":19.0},{"not_picked":["bronze:Philosophize","bronze:Boost","bronze:FineTuning+1"],"picked":"SKIP","floor":21.0},{"not_picked":["bronze:FollowUp+1","bronze:DelayedSlice","bronze:BronzeArmor"],"picked":"SKIP","floor":25.0},{"not_picked":["bronze:Frontload","bronze:Boost+1","bronze:Iterate"],"picked":"SKIP","floor":26.0},{"not_picked":["bronze:NullPointer","bronze:Return+1"],"picked":"bronze:BugBarrage+1","floor":27.0},{"not_picked":["bronze:Iterate","bronze:DelayedSlice+1"],"picked":"bronze:Repair","floor":28.0},{"not_picked":["bronze:Safeguard","bronze:Constructor","bronze:Invalidate"],"picked":"SKIP","floor":29.0},{"not_picked":["bronze:Invalidate","bronze:WhirlingStrike"],"picked":"bronze:TinkerersToolbox","floor":30.0},{"not_picked":["bronze:Iterate","bronze:Branch","bronze:CutThrough"],"picked":"SKIP","floor":32.0},{"not_picked":["bronze:InfiniteLoop","bronze:Hardcode"],"picked":"bronze:ShipIt","floor":33.0},{"not_picked":["bronze:BronzeOrb","bronze:WhirlingStrike"],"picked":"bronze:DarkDash+1","floor":36.0},{"not_picked":["bronze:OilSpill","bronze:Frontload+1","bronze:Branch"],"picked":"SKIP","floor":37.0},{"not_picked":["expansioncontent:Chronoboost","expansioncontent:YouAreMine"],"picked":"expansioncontent:PolyBeam","floor":38.0},{"not_picked":["bronze:Overheat","bronze:WildBeam"],"picked":"bronze:ForLoop+1","floor":42.0},{"not_picked":["bronze:ChosenStrike+1","bronze:Branch","bronze:ForceShield"],"picked":"bronze:ItsAFeature+1","floor":43.0},{"not_picked":["bronze:BitShift","bronze:Overheat+1","bronze:Boost+1","bronze:Turbo+1"],"picked":"SKIP","floor":44.0},{"not_picked":["bronze:ChildClass+1","bronze:Format","bronze:ForceShield+1","bronze:Shell"],"picked":"SKIP","floor":45.0},{"not_picked":["bronze:Fortify","bronze:Overload+1","bronze:Boost+1","bronze:CutThrough"],"picked":"SKIP","floor":47.0},{"not_picked":["bronze:GetLatest+1","bronze:ForceShield+1","bronze:ClassDefault","bronze:WildBeam"],"picked":"SKIP","floor":49},{"not_picked":["bronze:Philosophize+1","bronze:DelayedSlice+1","bronze:Frontload+1","bronze:Constructor+1"],"picked":"SKIP","floor":52}],"player_experience":231853,"relics_obtained":[{"floor":6.0,"key":"Bronze Scales"},{"floor":7.0,"key":"Unceasing Top"},{"floor":25.0,"key":"FossilizedHelix"},{"floor":27.0,"key":"Art of War"},{"floor":42.0,"key":"Question Card"},{"floor":45.0,"key":"Juzu Bracelet"},{"floor":47.0,"key":"Toxic Egg 2"},{"floor":52,"key":"Happy Flower"}],"event_choices":[{"damage_healed":0.0,"max_hp_gain":0.0,"max_hp_loss":0.0,"gold_gain":0.0,"event_name":"The Library","player_choice":"Read","floor":31.0,"gold_loss":0.0,"damage_taken":0.0,"cards_obtained":["bronze:NullPointer"]}],"is_beta":false,"boss_relics":[{"not_picked":["Astrolabe","Runic Dome"],"picked":"Cursed Key"},{"not_picked":["Velvet Choker","bronze:PlatinumCore"],"picked":"Coffee Dripper"}],"items_purged_floors":[9,28],"is_endless":false,"potions_floor_spawned":[2,6,11,25,27,29,32,37,43,47,49,52],"ascension_level":2}}