{"host":"l60rmjjsfi0fipmi","time":1611156993,"event":{"mods":["BaseMod","Colored Map","DeckTracker","Hermit","Highlight Path","Jorbs\u0027s Wanderer Trilogy","Minty Spire (QoL Compilation)","StSLib","The Cursed"],"gold_per_floor":[113,113,123,103,119,152,152,182,205,205,30,30,30,42,42,146,146,160,160,178,178,178,178,206,206,232,88,103,120,20,120,120,215,215,235,246,264,65,115,115,115,115,167,181,181,208,208,218,218,218,218],"floor_reached":50,"language":"ENG","playtime":3309,"items_purged":["Defend_G","Defend_G","Strike_G"],"score":648,"play_id":"70046e1b-42df-4536-9330-90b3b5bb456b","local_time":"20210120103633","is_ascension_mode":true,"campfire_choices":[{"floor":7,"key":"REST"},{"floor":10,"key":"REST"},{"floor":15,"key":"REST"},{"data":"Apotheosis","floor":23,"key":"SMITH"},{"data":"After Image","floor":25,"key":"SMITH"},{"floor":32,"key":"REST"},{"floor":40,"key":"REST"},{"data":"Accuracy","floor":42,"key":"SMITH"},{"floor":45,"key":"REST"},{"floor":49,"key":"REST"}],"circlet_count":0,"master_deck":["Strike_G+1","Strike_G+1","Defend_G+1","Defend_G+1","Defend_G","Survivor","Neutralize+1","Expertise","Blade Dance+1","Die Die Die+1","Blade Dance","Dagger Spray","After Image+1","Apotheosis+1","PiercingWail","Night Terror","Noxious Fumes","Setup+1","Finisher","Terror","CurseOfTheBell","Crippling Poison+1","Crippling Poison+1","Accuracy+1","Bullet Time"],"relics":["Ring of the Snake","Bag of Preparation","Happy Flower","Boot","SlaversCollar","Singing Bowl","Whetstone","Calling Bell","War Paint","Ninja Scroll","Unceasing Top","Incense Burner","Blood Vial","Nunchaku","Darkstone Periapt"],"acts_visited":["Exordium","TheCity","TheBeyond"],"potions_floor_usage":[6,20,22,24,29,29,37,50,50],"damage_taken":[{"damage":0,"enemies":"Small Slimes","floor":1,"turns":5},{"damage":0,"enemies":"Jaw Worm","floor":3,"turns":4},{"damage":0,"enemies":"Cultist","floor":5,"turns":3},{"damage":32,"enemies":"Lagavulin","floor":6,"turns":9},{"damage":29,"enemies":"Gremlin Nob","floor":8,"turns":4},{"damage":12,"enemies":"Exordium Thugs","floor":14,"turns":3},{"damage":21,"enemies":"Hexaghost","floor":16,"turns":12},{"damage":9,"enemies":"Shell Parasite","floor":18,"turns":8},{"damage":7,"enemies":"Spheric Guardian","floor":20,"turns":5},{"damage":10,"enemies":"Snecko","floor":22,"turns":4},{"damage":5,"enemies":"Gremlin Leader","floor":24,"turns":4},{"damage":2,"enemies":"Shelled Parasite and Fungi","floor":28,"turns":7},{"damage":3,"enemies":"Snake Plant","floor":29,"turns":4},{"damage":19,"enemies":"Automaton","floor":33,"turns":7},{"damage":21,"enemies":"3 Shapes","floor":35,"turns":10},{"damage":8,"enemies":"Orb Walker","floor":36,"turns":5},{"damage":19,"enemies":"Sphere and 2 Shapes","floor":37,"turns":6},{"damage":0,"enemies":"Mind Bloom Boss Battle","floor":39,"turns":5},{"damage":21,"enemies":"Spire Growth","floor":44,"turns":4},{"damage":5,"enemies":"Reptomancer","floor":46,"turns":5},{"damage":46,"enemies":"3 Darklings","floor":48,"turns":7},{"damage":47,"enemies":"Donu and Deca","floor":50,"turns":5}],"seed_played":"-5321103910501072404","potions_obtained":[{"floor":5,"key":"Strength Potion"},{"floor":8,"key":"SmokeBomb"},{"floor":14,"key":"SkillPotion"},{"floor":16,"key":"DistilledChaos"},{"floor":18,"key":"Strength Potion"},{"floor":24,"key":"SpeedPotion"},{"floor":28,"key":"SpeedPotion"},{"floor":29,"key":"SpeedPotion"},{"floor":36,"key":"Energy Potion"},{"floor":48,"key":"Fire Potion"}],"is_trial":false,"path_per_floor":["M","?","M","?","M","E","R","E","T","R","$","?","$","M","R","B",null,"M","?","M","?","M","R","E","R","T","$","M","M","$","?","R","B",null,"M","M","M","$","?","R","?","R","T","M","R","E","T","M","R","B"],"character_chosen":"THE_SILENT","items_purchased":["Apotheosis","Finisher","Accuracy"],"campfire_rested":7,"item_purchase_floors":[11,27,38],"current_hp_per_floor":[70,70,70,70,70,38,59,30,30,51,51,37,37,25,46,25,59,50,37,30,55,45,45,42,42,42,42,42,39,39,39,62,45,72,51,43,26,26,26,50,50,50,50,33,58,57,57,15,41,0,0],"gold":218,"neow_bonus":"TRANSFORM_CARD","is_daily":false,"chose_seed":false,"campfire_upgraded":3,"win_rate":0.0,"timestamp":1611156993,"path_taken":["M","?","M","?","M","E","R","E","T","R","$","?","?","M","R","BOSS","M","?","M","?","M","R","E","R","T","?","M","?","$","?","R","BOSS","M","?","M","$","?","R","?","R","T","?","R","E","?","M","R","BOSS"],"items_purchased_type":["Card","Card","Card"],"build_version":"2020-12-22","purchased_purges":3,"victory":false,"max_hp_per_floor":[70,70,70,70,70,70,70,70,70,70,70,70,70,70,70,70,70,70,75,75,75,75,75,77,77,77,77,79,79,79,79,79,81,81,81,81,83,83,83,83,83,83,83,85,85,87,87,89,89,89,89],"card_choices":[{"not_picked":["Caltrops","Dagger Spray"],"picked":"Blade Dance","floor":1},{"not_picked":["Quick Slash","Acrobatics"],"picked":"Die Die Die","floor":3},{"not_picked":["Deflect","PiercingWail"],"picked":"Blade Dance","floor":5},{"not_picked":["Reflex","Bane"],"picked":"Dagger Spray","floor":6},{"not_picked":["Cloak And Dagger","Eviscerate"],"picked":"After Image","floor":8},{"not_picked":["Prepared","All Out Attack"],"picked":"PiercingWail","floor":14},{"not_picked":["Wraith Form v2","Malaise"],"picked":"Night Terror","floor":16},{"not_picked":["Blade Dance","Escape Plan"],"picked":"Noxious Fumes","floor":18},{"not_picked":["Slice","Deflect"],"picked":"Setup+1","floor":20},{"not_picked":["Blade Dance+1","Deflect","Underhanded Strike"],"picked":"Singing Bowl","floor":24},{"not_picked":["Grand Finale","Flechettes+1","Acrobatics"],"picked":"Singing Bowl","floor":28},{"not_picked":["Skewer+1","Riddle With Holes"],"picked":"Terror","floor":29},{"not_picked":["Die Die Die","Wraith Form v2","Burst"],"picked":"Singing Bowl","floor":33},{"not_picked":["Flying Knee","Underhanded Strike"],"picked":"Crippling Poison+1","floor":35},{"not_picked":["Quick Slash+1","Acrobatics+1"],"picked":"Crippling Poison+1","floor":36},{"not_picked":["Blade Dance+1","Dagger Throw","Backstab+1"],"picked":"Singing Bowl","floor":37},{"not_picked":["Underhanded Strike+1","Infinite Blades+1"],"picked":"Bullet Time","floor":39},{"not_picked":["Outmaneuver+1","Masterful Stab+1","Caltrops"],"picked":"Singing Bowl","floor":44},{"not_picked":["Cloak And Dagger","Underhanded Strike","Dagger Throw+1"],"picked":"Singing Bowl","floor":46},{"not_picked":["Backstab","Flying Knee","Cloak And Dagger+1"],"picked":"Singing Bowl","floor":48}],"player_experience":511125,"relics_obtained":[{"floor":6,"key":"Bag of Preparation"},{"floor":8,"key":"Happy Flower"},{"floor":9,"key":"Boot"},{"floor":24,"key":"Singing Bowl"},{"floor":26,"key":"Whetstone"},{"floor":34,"key":"War Paint"},{"floor":34,"key":"Ninja Scroll"},{"floor":34,"key":"Unceasing Top"},{"floor":39,"key":"Incense Burner"},{"floor":43,"key":"Blood Vial"},{"floor":46,"key":"Nunchaku"},{"floor":47,"key":"Darkstone Periapt"}],"event_choices":[{"damage_healed":0,"gold_gain":0,"player_choice":"Grow","damage_taken":0,"max_hp_gain":0,"max_hp_loss":0,"event_name":"Living Wall","floor":2,"gold_loss":0,"cards_upgraded":["Neutralize"]},{"damage_healed":0,"gold_gain":0,"player_choice":"Left Gold","damage_taken":0,"max_hp_gain":0,"max_hp_loss":0,"event_name":"World of Goop","floor":4,"gold_loss":20},{"damage_healed":0,"gold_gain":0,"player_choice":"Entered Light","damage_taken":14,"max_hp_gain":0,"max_hp_loss":0,"event_name":"Shining Light","floor":12,"gold_loss":0,"cards_upgraded":["Defend_G","Die Die Die"]},{"damage_healed":0,"gold_gain":0,"player_choice":"Shed Blood","damage_taken":18,"max_hp_gain":5,"max_hp_loss":0,"event_name":"Forgotten Altar","floor":19,"gold_loss":0},{"damage_healed":25,"gold_gain":0,"player_choice":"Heal","damage_taken":0,"max_hp_gain":0,"max_hp_loss":0,"event_name":"The Library","floor":21,"gold_loss":0},{"damage_healed":0,"gold_gain":100,"player_choice":"Pray","damage_taken":0,"max_hp_gain":0,"max_hp_loss":0,"event_name":"Golden Shrine","floor":31,"gold_loss":0},{"damage_healed":0,"gold_gain":0,"player_choice":"Fight","damage_taken":0,"max_hp_gain":0,"max_hp_loss":0,"event_name":"MindBloom","floor":39,"gold_loss":0},{"cards_removed":["Strike_G"],"damage_healed":0,"gold_gain":0,"player_choice":"Removed Attack","damage_taken":0,"max_hp_gain":0,"max_hp_loss":0,"event_name":"Falling","floor":41,"gold_loss":0}],"is_beta":false,"boss_relics":[{"not_picked":["Velvet Choker","Snecko Eye"],"picked":"SlaversCollar"},{"not_picked":["Coffee Dripper","Black Star"],"picked":"Calling Bell"}],"items_purged_floors":[27,30,38],"is_endless":false,"potions_floor_spawned":[5,8,14,16,18,24,28,29,36,48],"killed_by":"Donu and Deca","ascension_level":5}}