{"host":"9ltncrns7b9wt2tr","time":1611126063,"event":{"mods":["AchievementEnabler","BaseMod","BetterRewards","Colored Map","Colored Powertips","Minty Spire (QoL Compilation)","Quick Restart","Replay The Spire","StSLib","SuperFastMode"],"gold_per_floor":[111,121,121,137,155,189,189,189,189],"floor_reached":8,"language":"ZHS","playtime":419,"items_purged":[],"score":61,"play_id":"7a647f11-1c4e-40fa-a844-1c3befae5920","local_time":"20210120150103","is_ascension_mode":true,"campfire_choices":[{"data":"BasicCrystalCard","floor":7,"key":"SMITH"}],"circlet_count":0,"master_deck":["Strike_B","Strike_B","Strike_B","Defend_B","Defend_B","Defend_B","Defend_B","Zap","Dualcast","Blizzard","Coolheaded","Amplify","Darkness","FIFO Queue","Skim","BasicCrystalCard+1","Compile Driver"],"relics":["Cracked Core","Replay:PocketPolymizer","Ginger"],"acts_visited":["Exordium"],"potions_floor_usage":[],"damage_taken":[{"damage":0.0,"enemies":"Small Slimes","floor":1.0,"turns":3.0},{"damage":0.0,"enemies":"Cultist","floor":2.0,"turns":4.0},{"damage":4,"enemies":"Jaw Worm","floor":4,"turns":4},{"damage":28,"enemies":"Gremlin Gang","floor":5,"turns":6},{"damage":39,"enemies":"Lagavulin","floor":6,"turns":9},{"damage":41,"enemies":"Gremlin Nob","floor":8,"turns":4}],"seed_played":"-5462016298329057977","potions_obtained":[{"floor":2.0,"key":"BlessingOfTheForge"},{"floor":4,"key":"FairyPotion"},{"floor":6,"key":"GamblersBrew"}],"is_trial":false,"path_per_floor":["M","M","?","M","M","E","R","E"],"character_chosen":"DEFECT","items_purchased":[],"campfire_rested":0,"item_purchase_floors":[],"current_hp_per_floor":[66,66,66,62,34,22,22,0,0],"gold":189,"neow_bonus":"","is_daily":false,"chose_seed":false,"campfire_upgraded":1,"win_rate":0.0,"timestamp":1611126063,"path_taken":["M","M","?","?","M","E","R","E"],"items_purchased_type":[],"build_version":"2020-12-22","purchased_purges":0,"victory":false,"max_hp_per_floor":[75,75,75,75,75,75,75,75,75],"card_choices":[{"not_picked":["Go for the Eyes","Leap"],"picked":"Blizzard","floor":1.0},{"not_picked":["Chill","Undo"],"picked":"Coolheaded","floor":2.0},{"not_picked":["Sunder","Barrage"],"picked":"FIFO Queue","floor":4},{"not_picked":["Steam Power","Barrage"],"picked":"Skim","floor":5},{"not_picked":["Sweeping Beam","Gash"],"picked":"BasicCrystalCard","floor":6}],"player_experience":92511,"relics_obtained":[{"floor":6,"key":"Ginger"}],"event_choices":[{"damage_healed":0,"gold_gain":0,"player_choice":"2 cards matched","damage_taken":0,"max_hp_gain":0,"max_hp_loss":0,"event_name":"Match and Keep!","floor":3,"gold_loss":0,"cards_obtained":["Amplify","Darkness"]}],"is_beta":false,"boss_relics":[],"items_purged_floors":[],"is_endless":false,"potions_floor_spawned":[2,4,6],"killed_by":"Gremlin Nob","ascension_level":1}}