{"host":"usrgk25etjl0nf5i","time":1611122079,"event":{"mods":["2.2 Compatiblity","BaseMod","Downfall","Hubris","Minty Spire (QoL Compilation)","StSLib","SuperFastMode"],"gold_per_floor":[119,134,134,234,254,289,289,28,99,99,126,137,163,94,94,94,94],"floor_reached":16,"language":"ENG","playtime":418,"items_purged":["hubris:Gluttony"],"score":283,"play_id":"8cae890f-a8e2-42c1-9f87-e642477dd924","local_time":"20210119215439","is_ascension_mode":true,"campfire_choices":[{"data":"Zap","floor":7,"key":"SMITH"},{"data":"Machine Learning","floor":10,"key":"SMITH"},{"floor":15,"key":"REST"}],"circlet_count":0,"master_deck":["AscendersBane","Strike_B","Strike_B","Strike_B","Strike_B","Defend_B","Defend_B","Defend_B","Defend_B","Zap+1","Dualcast","Machine Learning+1","Leap","Go for the Eyes","Regret","hubris:Lust","Writhe","hubris:Compulsion","Electrodynamics","Clumsy","Go for the Eyes","Barrage","Static Discharge","Auto Shields","Conserve Battery","Echo Form","Capacitor"],"relics":["Cracked Core","PreservedInsect","Du-Vu Doll","Ancient Tea Set","hubris:BallOfYels","hubris:SphereOfDissonance","Art of War","hubris:DisguiseKit"],"acts_visited":["Exordium"],"potions_floor_usage":[12],"damage_taken":[{"damage":9,"enemies":"2 Louse","floor":1,"turns":2},{"damage":7,"enemies":"Jaw Worm","floor":2,"turns":3},{"damage":0,"enemies":"Small Slimes","floor":5,"turns":2},{"damage":3,"enemies":"Lagavulin","floor":6,"turns":5},{"damage":11,"enemies":"Gremlin Nob","floor":11,"turns":3},{"damage":30,"enemies":"Exordium Thugs","floor":12,"turns":4},{"damage":11,"enemies":"Lagavulin","floor":13,"turns":4},{"damage":27,"enemies":"Hexaghost","floor":16,"turns":8}],"seed_played":"-4881077420730694161","potions_obtained":[{"floor":2,"key":"PowerPotion"},{"floor":6,"key":"Weak Potion"}],"is_trial":false,"path_per_floor":["M","M","?","?","M","E","R","$","T","R","E","M","E","$","R","B"],"character_chosen":"DEFECT","items_purchased":["hubris:BallOfYels","Static Discharge","Capacitor"],"campfire_rested":1,"item_purchase_floors":[8,8,14],"current_hp_per_floor":[59,52,52,57,57,54,54,54,54,54,43,13,2,2,26,0,0],"gold":94,"neow_bonus":"ONE_RANDOM_RARE_CARD","is_daily":false,"chose_seed":false,"campfire_upgraded":2,"win_rate":0.0,"timestamp":1611122079,"path_taken":["M","M","?","?","M","E","R","$","T","R","E","M","E","?","R","BOSS"],"items_purchased_type":["Relic","Card","Card"],"build_version":"2020-12-22","purchased_purges":1,"victory":false,"max_hp_per_floor":[75,75,75,80,80,80,80,80,80,80,80,80,80,80,80,80,80],"card_choices":[{"not_picked":["Undo","Coolheaded"],"picked":"Leap","floor":1},{"not_picked":["Rebound","Cold Snap"],"picked":"Go for the Eyes","floor":2},{"not_picked":["Beam Cell","Consume"],"picked":"Go for the Eyes","floor":5},{"not_picked":["Defragment","Compile Driver"],"picked":"Barrage","floor":6},{"not_picked":["Coolheaded","Barrage"],"picked":"Auto Shields","floor":11},{"not_picked":["Hologram","Streamline"],"picked":"Conserve Battery","floor":12},{"not_picked":["Reprogram","Leap"],"picked":"Echo Form","floor":13}],"player_experience":653299,"relics_obtained":[{"floor":6,"key":"Ancient Tea Set"},{"floor":9,"key":"hubris:SphereOfDissonance"},{"floor":11,"key":"Art of War"},{"floor":13,"key":"hubris:DisguiseKit"}],"event_choices":[{"damage_healed":0,"gold_gain":0,"player_choice":"Box","damage_taken":0,"relics_obtained":["PreservedInsect"],"max_hp_gain":0,"max_hp_loss":0,"event_name":"Big Fish","floor":3,"gold_loss":0,"cards_obtained":["Regret"]}],"is_beta":false,"boss_relics":[],"items_purged_floors":[8],"is_endless":false,"potions_floor_spawned":[2,6,11],"killed_by":"Hexaghost","ascension_level":11}}