{"host":"vyjryxuuuxkt43k4","time":1611157972,"event":{"mods":["AchievementEnabler","BaseMod","Colored Map","DeckTracker","Keyboard Shortcuts","Minty Spire (QoL Compilation)","Permanent Neow","Quick Restart","StSLib","SuperFastMode","everything is the same but u backflip on backflip"],"gold_per_floor":[113,124,149,166,20,20,46,57,57,76,76,132,152,164,164,236,236,250,55,75,0,19,19,69,69,148,38,55,66,66,94,94,168,168,180,55,68,123,137,165,165,215,242,271,287,306,306,36,36,36,36,36,11,37,37],"floor_reached":56,"language":"KOR","playtime":2723,"items_purged":["Rampage","Wild Strike"],"score":1945,"play_id":"ce30e382-b006-468a-a3c1-520ebd24710b","local_time":"20210121005252","is_ascension_mode":true,"campfire_choices":[{"data":"Apotheosis","floor":6.0,"key":"SMITH"},{"floor":11.0,"key":"REST"},{"floor":15.0,"key":"REST"},{"data":"Body Slam","floor":23.0,"key":"SMITH"},{"data":"Entrench","floor":25.0,"key":"SMITH"},{"data":"Whirlwind","floor":30.0,"key":"SMITH"},{"floor":32.0,"key":"REST"},{"floor":41.0,"key":"REST"},{"floor":49.0,"key":"RECALL"},{"floor":52.0,"key":"REST"}],"circlet_count":0,"master_deck":["AscendersBane","Bash","Apotheosis+1","Dark Embrace","Headbutt","Power Through","Second Wind","Bludgeon","Sword Boomerang","Ghostly Armor","Shockwave","Offering","Blood for Blood","Dual Wield","Combust","Body Slam+1","Double Tap","Shockwave","Feel No Pain","Battle Trance","Entrench+1","Evolve","Whirlwind+1","Demon Form","Seeing Red","Disarm","Offering+1","Entrench+1","Master of Strategy+1","Blind+1","Havoc+1"],"relics":["Burning Blood","Membership Card","Orichalcum","Blue Candle","Akabeko","Pandora\u0027s Box","Omamori","HornCleat","Art of War","Toy Ornithopter","Cursed Key","Chemical X","TungstenRod","Calipers","Juzu Bracelet","Toxic Egg 2","ClockworkSouvenir","Bottled Lightning","Bag of Marbles"],"acts_visited":["Exordium","TheCity","TheBeyond","TheEnding"],"potions_floor_usage":[55],"damage_taken":[{"damage":10.0,"enemies":"Cultist","floor":1.0,"turns":6.0},{"damage":10.0,"enemies":"2 Louse","floor":2.0,"turns":4.0},{"damage":5.0,"enemies":"Jaw Worm","floor":4.0,"turns":4.0},{"damage":30.0,"enemies":"3 Sentries","floor":7.0,"turns":9.0},{"damage":13.0,"enemies":"2 Fungi Beasts","floor":8.0,"turns":6.0},{"damage":10.0,"enemies":"Looter","floor":10.0,"turns":3.0},{"damage":10.0,"enemies":"Gremlin Nob","floor":12.0,"turns":4.0},{"damage":0.0,"enemies":"Blue Slaver","floor":13.0,"turns":1.0},{"damage":8.0,"enemies":"Gremlin Gang","floor":14.0,"turns":6.0},{"damage":18.0,"enemies":"The Guardian","floor":16.0,"turns":8.0},{"damage":11.0,"enemies":"Shell Parasite","floor":18.0,"turns":4.0},{"damage":6.0,"enemies":"Chosen","floor":20.0,"turns":3.0},{"damage":12.0,"enemies":"Centurion and Healer","floor":22.0,"turns":7.0},{"damage":6.0,"enemies":"3 Cultists","floor":28.0,"turns":4.0},{"damage":10.0,"enemies":"Snecko","floor":29.0,"turns":5.0},{"damage":17.0,"enemies":"Gremlin Leader","floor":31.0,"turns":5.0},{"damage":27.0,"enemies":"Automaton","floor":33.0,"turns":6.0},{"damage":6.0,"enemies":"Orb Walker","floor":35.0,"turns":3.0},{"damage":12.0,"enemies":"3 Darklings","floor":37.0,"turns":3.0},{"damage":14.0,"enemies":"2 Orb Walkers","floor":38.0,"turns":5.0},{"damage":6.0,"enemies":"Transient","floor":39.0,"turns":5.0},{"damage":39.0,"enemies":"Giant Head","floor":40.0,"turns":6.0},{"damage":33.0,"enemies":"Nemesis","floor":44.0,"turns":5.0},{"damage":10.0,"enemies":"Maw","floor":45.0,"turns":6.0},{"damage":9.0,"enemies":"4 Shapes","floor":46.0,"turns":5.0},{"damage":25.0,"enemies":"Time Eater","floor":50.0,"turns":7.0},{"damage":10,"enemies":"Shield and Spear","floor":54,"turns":3},{"damage":47,"enemies":"The Heart","floor":55,"turns":9}],"seed_played":"8461831563526088791","potions_obtained":[{"floor":4.0,"key":"BlessingOfTheForge"},{"floor":7.0,"key":"PowerPotion"},{"floor":10.0,"key":"PowerPotion"},{"floor":12.0,"key":"Explosive Potion"},{"floor":13.0,"key":"Swift Potion"},{"floor":14.0,"key":"SpeedPotion"},{"floor":18.0,"key":"Block Potion"},{"floor":20.0,"key":"Dexterity Potion"},{"floor":28.0,"key":"CultistPotion"},{"floor":35.0,"key":"AttackPotion"},{"floor":39.0,"key":"FairyPotion"},{"floor":44.0,"key":"Swift Potion"}],"is_trial":false,"path_per_floor":["M","M","T","M","$","R","E","M","T","M","R","?","M","M","R","B",null,"M","$","M","?","M","R","?","R","T","$","M","M","R","E","R","B",null,"M","$","M","?","M","E","R","?","T","E","M","M","?","$","R","B",null,"R","$","E","B",null],"character_chosen":"IRONCLAD","items_purchased":["Membership Card","Feel No Pain","Battle Trance","Omamori","Evolve","Art of War","Chemical X","ClockworkSouvenir","Bottled Lightning","Blind+1","Energy Potion","AttackPotion"],"campfire_rested":5,"item_purchase_floors":[5,19,19,19,27,27,36,48,48,48,48,53],"current_hp_per_floor":[46,42,42,43,43,43,19,12,12,8,30,26,32,30,52,40,66,61,61,61,61,55,55,55,55,55,55,55,51,51,40,62,41,67,67,67,61,53,53,25,47,47,47,20,16,13,13,13,13,23,62,75,75,71,35],"gold":37,"neow_bonus":"RANDOM_COLORLESS_2","is_daily":false,"chose_seed":false,"campfire_upgraded":4,"win_rate":0.0,"timestamp":1611157972,"path_taken":["M","M","?","M","$","R","E","M","T","M","R","?","M","M","R","BOSS","M","$","M","?","M","R","?","R","T","$","M","M","R","E","R","BOSS","M","$","M","?","M","E","R","?","T","E","M","M","?","$","R","BOSS","R","$","E","BOSS"],"items_purchased_type":["Relic","Card","Card","Relic","Card","Relic","Relic","Relic","Relic","Card","Potion","Potion"],"build_version":"2020-12-22","purchased_purges":2,"victory":true,"max_hp_per_floor":[75,75,75,75,75,75,75,75,75,75,75,75,75,75,75,75,75,75,75,75,75,75,75,75,75,75,75,75,75,75,75,75,75,75,75,75,75,75,75,75,75,75,75,75,75,75,75,75,75,75,75,75,75,75,75],"card_choices":[{"not_picked":["Master of Strategy","Panache"],"picked":"Apotheosis","floor":0.0},{"not_picked":["Rage","Clothesline"],"picked":"Dark Embrace","floor":1.0},{"not_picked":["Flex","Thunderclap"],"picked":"Headbutt","floor":2.0},{"not_picked":["Burning Pact","Cleave"],"picked":"Power Through","floor":4.0},{"not_picked":["Bloodletting","Flex"],"picked":"Second Wind","floor":7.0},{"not_picked":["Clothesline","Perfected Strike"],"picked":"Bludgeon","floor":8.0},{"not_picked":["Iron Wave","Thunderclap","Anger"],"picked":"SKIP","floor":10.0},{"not_picked":["Rage","Flex"],"picked":"Sword Boomerang","floor":12.0},{"not_picked":["Carnage","Burning Pact"],"picked":"Ghostly Armor","floor":13.0},{"not_picked":["Flex","True Grit"],"picked":"Shockwave","floor":14.0},{"not_picked":["Limit Break","Brutality"],"picked":"Offering","floor":16.0},{"not_picked":["Thunderclap","Armaments","Clothesline+1"],"picked":"SKIP","floor":18.0},{"not_picked":["Thunderclap+1","Headbutt","Flex"],"picked":"SKIP","floor":20.0},{"not_picked":["Thunderclap","Sword Boomerang"],"picked":"Entrench","floor":22.0},{"not_picked":["Cleave","Armaments","Havoc"],"picked":"SKIP","floor":28.0},{"not_picked":["Blood for Blood+1","Body Slam"],"picked":"Whirlwind","floor":29.0},{"not_picked":["Anger","Dropkick","Clothesline"],"picked":"SKIP","floor":31.0},{"not_picked":["Reaper","Double Tap"],"picked":"Demon Form","floor":33.0},{"not_picked":["Iron Wave+1","Dual Wield"],"picked":"Seeing Red","floor":35.0},{"not_picked":["Thunderclap","Flex"],"picked":"Disarm","floor":37.0},{"not_picked":["Anger","Dropkick","Havoc"],"picked":"SKIP","floor":39.0},{"not_picked":["Burning Pact","Armaments","Disarm"],"picked":"SKIP","floor":40.0},{"not_picked":["Dark Embrace","Brutality"],"picked":"Offering+1","floor":44.0},{"not_picked":["Thunderclap+1","Headbutt","Dark Embrace+1"],"picked":"SKIP","floor":45.0},{"not_picked":["Clothesline","Second Wind+1"],"picked":"Entrench+1","floor":46.0},{"not_picked":["Transmutation+1","Dark Shackles+1"],"picked":"Master of Strategy+1","floor":47.0},{"not_picked":["Blood for Blood+1","Perfected Strike"],"picked":"Havoc+1","floor":54}],"player_experience":168994,"relics_obtained":[{"floor":7.0,"key":"Orichalcum"},{"floor":9.0,"key":"Blue Candle"},{"floor":12.0,"key":"Akabeko"},{"floor":26.0,"key":"HornCleat"},{"floor":31.0,"key":"Toy Ornithopter"},{"floor":38.0,"key":"TungstenRod"},{"floor":40.0,"key":"Calipers"},{"floor":43.0,"key":"Juzu Bracelet"},{"floor":44.0,"key":"Toxic Egg 2"},{"floor":54,"key":"Bag of Marbles"}],"event_choices":[{"damage_healed":0.0,"max_hp_gain":0.0,"max_hp_loss":0.0,"gold_gain":0.0,"event_name":"Dead Adventurer","player_choice":"Searched \u00271\u0027 times","floor":12.0,"gold_loss":0.0,"damage_taken":0.0},{"cards_removed":["Perfected Strike"],"damage_healed":0.0,"max_hp_gain":0.0,"max_hp_loss":0.0,"gold_gain":0.0,"event_name":"Beggar","player_choice":"Gave Gold","floor":21.0,"gold_loss":75.0,"damage_taken":0.0},{"damage_healed":0.0,"max_hp_gain":0.0,"max_hp_loss":0.0,"gold_gain":50.0,"event_name":"Nest","player_choice":"Stole From Cult","floor":24.0,"gold_loss":0.0,"damage_taken":0.0},{"damage_healed":0.0,"max_hp_gain":0.0,"max_hp_loss":0.0,"gold_gain":0.0,"event_name":"Mysterious Sphere","player_choice":"Fight","floor":38.0,"gold_loss":0.0,"damage_taken":0.0},{"damage_healed":0.0,"max_hp_gain":0.0,"max_hp_loss":0.0,"gold_gain":50.0,"event_name":"Golden Shrine","player_choice":"Pray","floor":42.0,"gold_loss":0.0,"damage_taken":0.0},{"damage_healed":0.0,"max_hp_gain":0.0,"max_hp_loss":0.0,"gold_gain":0.0,"event_name":"SensoryStone","player_choice":"Memory 1","floor":47.0,"gold_loss":0.0,"damage_taken":0.0}],"is_beta":false,"boss_relics":[{"not_picked":["Velvet Choker","SacredBark"],"picked":"Pandora\u0027s Box"},{"not_picked":["SlaversCollar","Busted Crown"],"picked":"Cursed Key"}],"items_purged_floors":[19,36],"is_endless":false,"potions_floor_spawned":[4,7,10,12,13,14,18,20,28,35,39,44],"ascension_level":15}}