{"host":"f5mjulaw5aqlqmd7","time":1611159465,"event":{"mods":["Act Like it!","BaseMod","Colored Map","GifTheSpireLib","Hallownest","Minty Spire (QoL Compilation)","StSLib","The Bug Knight"],"gold_per_floor":[114,114,140,159,84,114,114,114,114,114,132,151,151,169,169,264,264,280,297,308,407,20,295,295,59,59,59,89,105,120,120,120],"floor_reached":31,"language":"ITA","playtime":9162,"items_purged":[],"score":280,"play_id":"b5913f85-20a7-4937-b461-f454c6c059a4","local_time":"20210120111745","is_ascension_mode":false,"campfire_choices":[{"data":"HollowMod:FocusHealStart","floor":7,"key":"SMITH"},{"data":"1","floor":10,"key":"LIFT"},{"data":"2","floor":13,"key":"LIFT"},{"data":"3","floor":15,"key":"LIFT"},{"data":"HollowMod:SlysStrikes","floor":24,"key":"SMITH"},{"data":"HollowMod:CycloneSlash","floor":27,"key":"SMITH"}],"circlet_count":0,"master_deck":["HollowMod:NailStrikeStart","HollowMod:NailStrikeStart","HollowMod:NailStrikeStart","HollowMod:QuickDashStart","HollowMod:QuickDashStart","HollowMod:QuickDashStart","HollowMod:FocusHealStart+1","HollowMod:PogoStrike","HollowMod:CloakDash","HollowMod:SoulSplash","HollowMod:GoodIntentions","HollowMod:PerfectDash","HollowMod:SlysStrikes+1","HollowMod:GoodIntentions+1","HollowMod:InfectionAssault+1","HollowMod:MidwifesHunger+1","HollowMod:CycloneSlash+1","HollowMod:SoulEater","HollowMod:MonarchWings","HollowMod:DreamGate","HollowMod:NewLittleFool","Regret","HollowMod:BaldurShell","HollowMod:CycloneSlash","HollowMod:HowlingWraiths","HollowMod:PerfectDash+1"],"relics":["HollowMod:VesselMask","NeowsBlessing","Centennial Puzzle","HollowMod:DelicateFlower","Girya","Astrolabe","Lee\u0027s Waffle","Dream Catcher","Vajra","Blood Vial","Ornamental Fan"],"acts_visited":["Exordium","TheCity"],"potions_floor_usage":[],"damage_taken":[{"damage":0,"enemies":"Cultist","floor":1,"turns":1},{"damage":0,"enemies":"Small Slimes","floor":4,"turns":1},{"damage":0,"enemies":"HollowMod:MossKnight","floor":6,"turns":1},{"damage":0,"enemies":"2 Louse","floor":11,"turns":1},{"damage":1,"enemies":"Large Slime","floor":12,"turns":6},{"damage":0,"enemies":"3 Louse","floor":14,"turns":2},{"damage":69,"enemies":"Slime Boss","floor":16,"turns":15},{"damage":20,"enemies":"Chosen","floor":18,"turns":8},{"damage":26,"enemies":"3 Byrds","floor":19,"turns":6},{"damage":42,"enemies":"Centurion and Healer","floor":20,"turns":8},{"damage":28,"enemies":"HollowMod:Nosk","floor":28,"turns":11},{"damage":26,"enemies":"Sentry and Sphere","floor":29,"turns":6},{"damage":27,"enemies":"Cultist and Chosen","floor":30,"turns":9},{"damage":30,"enemies":"Slavers","floor":31,"turns":3}],"seed_played":"7046481469182283608","potions_obtained":[{"floor":4,"key":"Strength Potion"},{"floor":12,"key":"LiquidBronze"},{"floor":14,"key":"EssenceOfSteel"}],"is_trial":false,"path_per_floor":["M","$","T","M","$","E","R","?","T","R","M","M","R","M","R","B",null,"M","M","M","?","$","?","R","$","T","R","E","M","M","E"],"character_chosen":"THE_BUGKNIGHT","items_purchased":["HollowMod:InfectionAssault","Lee\u0027s Waffle","HollowMod:DreamGate","HollowMod:NewLittleFool","Dream Catcher","Vajra","HollowMod:BaldurShell","HollowMod:CycloneSlash"],"campfire_rested":0,"item_purchase_floors":[5,22,22,22,22,25,25,25],"current_hp_per_floor":[75,75,75,75,75,75,75,75,75,75,75,75,75,75,75,18,75,61,41,9,9,82,82,82,82,82,82,60,36,21,0,0],"gold":120,"neow_bonus":"THREE_ENEMY_KILL","is_daily":false,"chose_seed":false,"campfire_upgraded":3,"win_rate":0.0,"timestamp":1611159465,"path_taken":["M","$","?","M","$","E","R","?","T","R","M","M","R","M","R","BOSS","M","M","?","?","$","?","R","$","T","R","E","M","?","E"],"items_purchased_type":["Card","Relic","Card","Card","Relic","Relic","Card","Card"],"build_version":"2020-12-22","purchased_purges":0,"victory":false,"max_hp_per_floor":[75,75,75,75,75,75,75,75,75,75,75,75,75,75,75,75,75,75,75,75,75,82,82,82,82,82,82,82,82,82,82,82],"card_choices":[{"not_picked":["HollowMod:VengefulSpirit","HollowMod:NewJinnsSoul"],"picked":"HollowMod:TaintedHusks","floor":1},{"not_picked":["HollowMod:DungDefenderAura","HollowMod:NewJinnsSoul"],"picked":"HollowMod:CloakDash","floor":4},{"not_picked":["HollowMod:CycloneSlash","HollowMod:FallenFury"],"picked":"HollowMod:SoulSplash","floor":6},{"not_picked":["HollowMod:SharpenedNail","HollowMod:InfectedAttack"],"picked":"HollowMod:GoodIntentions","floor":11},{"not_picked":["HollowMod:TaintedHusks","HollowMod:QuirrelsAssistance","HollowMod:Grubsong"],"picked":"SKIP","floor":12},{"not_picked":["HollowMod:ShadowDash","HollowMod:CornifersMapStart"],"picked":"HollowMod:PerfectDash","floor":14},{"not_picked":["HollowMod:ElderbugsWisdom","HollowMod:AwokenDreamNail"],"picked":"HollowMod:SlysStrikes","floor":16},{"not_picked":["HollowMod:SoulStrike+1","HollowMod:LifebloodCocoon"],"picked":"HollowMod:CycloneSlash","floor":18},{"not_picked":["HollowMod:NewJinnsSoul","HollowMod:RecoilStrike"],"picked":"HollowMod:SoulEater","floor":19},{"not_picked":["HollowMod:CornifersMapStart","HollowMod:SharpenedShadows"],"picked":"HollowMod:MonarchWings","floor":20},{"not_picked":["HollowMod:Grubsong","HollowMod:CornifersMapStart+1","HollowMod:DungDefenderAura"],"picked":"SKIP","floor":28},{"not_picked":["HollowMod:GoodIntentions+1","HollowMod:WraithStrike"],"picked":"HollowMod:HowlingWraiths","floor":29},{"not_picked":["HollowMod:LifebloodCocoon","HollowMod:InfectedAttack"],"picked":"HollowMod:PerfectDash+1","floor":30}],"player_experience":67422,"relics_obtained":[{"floor":3,"key":"Centennial Puzzle"},{"floor":6,"key":"HollowMod:DelicateFlower"},{"floor":9,"key":"Girya"},{"floor":26,"key":"Blood Vial"},{"floor":28,"key":"Ornamental Fan"}],"event_choices":[{"cards_removed":["HollowMod:InfectionAssault"],"damage_healed":0,"gold_gain":0,"player_choice":"Offered Uncommon","damage_taken":0,"max_hp_gain":0,"max_hp_loss":0,"event_name":"Bonfire Elementals","floor":8,"gold_loss":0},{"damage_healed":0,"gold_gain":99,"player_choice":"Stole From Cult","damage_taken":0,"max_hp_gain":0,"max_hp_loss":0,"event_name":"Nest","floor":21,"gold_loss":0},{"damage_healed":0,"gold_gain":275,"player_choice":"Desecrate","damage_taken":0,"max_hp_gain":0,"max_hp_loss":0,"event_name":"Golden Shrine","floor":23,"gold_loss":0,"cards_obtained":["Regret"]}],"is_beta":false,"boss_relics":[{"not_picked":["Philosopher\u0027s Stone","Empty Cage"],"picked":"Astrolabe"}],"items_purged_floors":[],"is_endless":false,"potions_floor_spawned":[4,12,14,18,29],"killed_by":"Slavers","ascension_level":0}}