{"host":"i0avyit1s6jb1siw","time":1611132287,"event":{"mods":["BaseMod","DeckTracker","Dota2Spire","Highlight Path","Minty Spire (QoL Compilation)","Quick Restart","StSLib","SuperFastMode"],"gold_per_floor":[117,117,117,12,12,12,22,36,36,89,146,146,162,207,294,294,294,294],"floor_reached":17,"language":"ENG","playtime":338,"items_purged":["Strike_P"],"score":230,"play_id":"1e822228-976e-4ed6-890f-b46da16b91a4","local_time":"20210120094447","is_ascension_mode":true,"campfire_choices":[{"data":"BowlingBash","floor":6,"key":"SMITH"},{"data":"CrushJoints","floor":16,"key":"SMITH"}],"circlet_count":0,"master_deck":["AscendersBane","Strike_P","Strike_P","Strike_P","Defend_P","Defend_P","Defend_P","Defend_P","Eruption+1","Vigilance","BowlingBash","BowlingBash+1","CrushJoints+1","Protect","ForeignInfluence","Parasite","InnerPeace","Prostrate"],"relics":["PureWater","NeowsBlessing","Dota2Spire:EtherealBlade","Frozen Egg 2","Dota2Spire:HandOfMidas","Dota2Spire:MaskOfMadness","HornCleat"],"acts_visited":["Exordium"],"potions_floor_usage":[15,17],"damage_taken":[{"damage":0,"enemies":"Small Slimes","floor":1,"turns":2},{"damage":0,"enemies":"2 Louse","floor":7,"turns":2},{"damage":0,"enemies":"Jaw Worm","floor":8,"turns":1},{"damage":16,"enemies":"Gremlin Nob","floor":11,"turns":3},{"damage":5,"enemies":"Gremlin Gang","floor":13,"turns":3},{"damage":2,"enemies":"3 Louse","floor":14,"turns":3},{"damage":7,"enemies":"3 Sentries","floor":15,"turns":9},{"damage":25,"enemies":"Hexaghost","floor":17,"turns":8}],"seed_played":"96626200235671004","potions_obtained":[{"floor":1,"key":"StancePotion"},{"floor":11,"key":"Block Potion"}],"is_trial":false,"path_per_floor":["M","?","?","$","?","R","M","M","T","T","E","?","M","M","E","R","B"],"character_chosen":"WATCHER","items_purchased":["BowlingBash"],"campfire_rested":0,"item_purchase_floors":[4],"current_hp_per_floor":[61,35,35,35,35,35,35,35,35,35,19,36,31,29,22,22,0,0],"gold":294,"neow_bonus":"THREE_ENEMY_KILL","is_daily":false,"chose_seed":false,"campfire_upgraded":2,"win_rate":0.0,"timestamp":1611132287,"path_taken":["M","?","?","$","?","R","M","M","T","T","E","?","M","M","E","R","BOSS"],"items_purchased_type":["Card"],"build_version":"2020-12-22","purchased_purges":1,"victory":false,"max_hp_per_floor":[68,68,68,68,68,68,68,68,68,68,68,68,68,68,68,68,68,68],"card_choices":[{"not_picked":["Fasting2","JustLucky"],"picked":"BowlingBash","floor":1},{"not_picked":["FlyingSleeves","Consecrate"],"picked":"CrushJoints","floor":7},{"not_picked":["PathToVictory","ClearTheMind"],"picked":"Protect","floor":8},{"not_picked":["Sanctity","FlurryOfBlows"],"picked":"ForeignInfluence","floor":11},{"not_picked":["Evaluate","BattleHymn+1"],"picked":"InnerPeace","floor":13},{"not_picked":["Weave","BowlingBash","Consecrate"],"picked":"SKIP","floor":14},{"not_picked":["BattleHymn+1","WaveOfTheHand"],"picked":"Prostrate","floor":15}],"player_experience":2302074,"relics_obtained":[{"floor":9,"key":"Frozen Egg 2"},{"floor":10,"key":"Dota2Spire:HandOfMidas"},{"floor":11,"key":"Dota2Spire:MaskOfMadness"},{"floor":15,"key":"HornCleat"}],"event_choices":[{"damage_healed":0,"gold_gain":0,"player_choice":"Success","damage_taken":26,"relics_obtained":["Dota2Spire:EtherealBlade"],"max_hp_gain":0,"max_hp_loss":0,"event_name":"Scrap Ooze","floor":2,"gold_loss":0},{"damage_healed":0,"gold_gain":0,"player_choice":"Grow","damage_taken":0,"max_hp_gain":0,"max_hp_loss":0,"event_name":"Living Wall","floor":3,"gold_loss":0,"cards_upgraded":["Eruption"]},{"damage_healed":0,"gold_gain":0,"player_choice":"Ignored","damage_taken":0,"max_hp_gain":0,"max_hp_loss":0,"event_name":"Liars Game","floor":5,"gold_loss":0},{"damage_healed":17,"gold_gain":0,"player_choice":"Healed and dodged fight","damage_taken":0,"max_hp_gain":0,"max_hp_loss":0,"event_name":"Mushrooms","floor":12,"gold_loss":0,"cards_obtained":["Parasite"]}],"is_beta":false,"boss_relics":[],"items_purged_floors":[4],"is_endless":false,"potions_floor_spawned":[1,11],"killed_by":"Hexaghost","ascension_level":20}}