{"host":"6azrrw3tf7wb0f4b","time":1611121633,"event":{"mods":["BaseMod","DeckTracker","Minty Spire (QoL Compilation)","SuperFastMode"],"gold_per_floor":[114,114,128,146,166,166,42,76,76,251,11,11,25,25,25,99,99,99,99,99,0,0,0,0,0],"floor_reached":24,"language":"KOR","playtime":413,"items_purged":["Strike_B"],"score":323,"play_id":"1eeb0782-a393-40fb-8db4-1e4239f844bc","local_time":"20210120144713","is_ascension_mode":true,"campfire_choices":[{"data":"Sunder","floor":6.0,"key":"SMITH"},{"floor":15.0,"key":"REST"},{"floor":23,"key":"REST"}],"circlet_count":0,"master_deck":["AscendersBane","Strike_B","Strike_B","Defend_B","Defend_B","Defend_B","Defend_B","Zap","Dualcast","Biased Cognition","Beam Cell","Sweeping Beam","Heatsinks","Sunder+1","Cold Snap","Hologram","Doubt","Parasite","Ball Lightning","Deep Breath","Turbo","Electrodynamics","Force Field","Auto Shields+1","Coolheaded"],"relics":["Cracked Core","Dream Catcher","Eternal Feather","Mummified Hand","Ectoplasm"],"acts_visited":["Exordium","TheCity"],"potions_floor_usage":[],"damage_taken":[{"damage":2.0,"enemies":"Jaw Worm","floor":1.0,"turns":3.0},{"damage":1.0,"enemies":"Cultist","floor":3.0,"turns":3.0},{"damage":1.0,"enemies":"2 Louse","floor":4.0,"turns":2.0},{"damage":16.0,"enemies":"2 Fungi Beasts","floor":5.0,"turns":3.0},{"damage":42.0,"enemies":"Lagavulin","floor":8.0,"turns":6.0},{"damage":2.0,"enemies":"Gremlin Gang","floor":13.0,"turns":2.0},{"damage":53.0,"enemies":"The Guardian","floor":16.0,"turns":11.0},{"damage":19,"enemies":"Shell Parasite","floor":18,"turns":3},{"damage":19,"enemies":"Spheric Guardian","floor":19,"turns":5},{"damage":2,"enemies":"3 Cultists","floor":20,"turns":3},{"damage":64,"enemies":"Book of Stabbing","floor":24,"turns":5}],"seed_played":"-7873300180395562598","potions_obtained":[{"floor":4.0,"key":"SmokeBomb"},{"floor":5.0,"key":"Fruit Juice"},{"floor":8.0,"key":"LiquidMemories"},{"floor":16.0,"key":"SteroidPotion"}],"is_trial":false,"path_per_floor":["M","?","M","M","M","R","$","E","T","?","$","?","M","?","R","B",null,"M","M","M","?","$","R","E"],"character_chosen":"DEFECT","items_purchased":["Cold Snap","Mummified Hand"],"campfire_rested":2,"item_purchase_floors":[7,11],"current_hp_per_floor":[66,66,65,64,53,53,53,11,11,11,11,31,29,29,65,12,63,44,25,23,23,23,59,0,0],"gold":0,"neow_bonus":"ONE_RANDOM_RARE_CARD","is_daily":false,"chose_seed":false,"campfire_upgraded":1,"win_rate":0.0,"timestamp":1611121633,"path_taken":["M","?","M","M","?","R","?","E","T","?","$","?","M","?","R","BOSS","M","?","?","?","$","R","E"],"items_purchased_type":["Card","Relic"],"build_version":"2020-12-22","purchased_purges":1,"victory":false,"max_hp_per_floor":[75,75,75,75,80,80,80,80,80,80,80,80,80,80,80,80,80,80,80,80,80,80,80,80,80],"card_choices":[{"not_picked":["Leap","Melter"],"picked":"Beam Cell","floor":1.0},{"not_picked":["Undo","Beam Cell"],"picked":"Sweeping Beam","floor":3.0},{"not_picked":["Reprogram","Double Energy"],"picked":"Heatsinks","floor":4.0},{"not_picked":["Blizzard","Turbo"],"picked":"Sunder","floor":5.0},{"not_picked":["Hyperbeam","Rebound"],"picked":"Hologram","floor":8.0},{"not_picked":["Cold Snap","Genetic Algorithm"],"picked":"Ball Lightning","floor":13.0},{"not_picked":["Cold Snap","Reinforced Body"],"picked":"Turbo","floor":15.0},{"not_picked":["Seek","Multi-Cast"],"picked":"Electrodynamics","floor":16.0},{"not_picked":["Reprogram","Barrage"],"picked":"Force Field","floor":18},{"not_picked":["Steam","Ball Lightning","Conserve Battery"],"picked":"SKIP","floor":19},{"not_picked":["Genetic Algorithm","Go for the Eyes"],"picked":"Auto Shields+1","floor":20},{"not_picked":["Beam Cell+1","Steam"],"picked":"Coolheaded","floor":23}],"player_experience":731694,"relics_obtained":[{"floor":8.0,"key":"Dream Catcher"},{"floor":9.0,"key":"Eternal Feather"}],"event_choices":[{"cards_removed":["Strike_B"],"damage_healed":0.0,"max_hp_gain":0.0,"max_hp_loss":0.0,"gold_gain":0.0,"event_name":"Wheel of Change","player_choice":"Card Removal","floor":2.0,"gold_loss":0.0,"damage_taken":0.0},{"damage_healed":0.0,"max_hp_gain":0.0,"max_hp_loss":0.0,"gold_gain":175.0,"event_name":"Liars Game","player_choice":"AGREE","floor":10.0,"gold_loss":0.0,"damage_taken":0.0,"cards_obtained":["Doubt"]},{"damage_healed":20.0,"max_hp_gain":0.0,"max_hp_loss":0.0,"gold_gain":0.0,"event_name":"Mushrooms","player_choice":"Healed and dodged fight","floor":12.0,"gold_loss":0.0,"damage_taken":0.0,"cards_obtained":["Parasite"]},{"damage_healed":0.0,"max_hp_gain":0.0,"max_hp_loss":0.0,"gold_gain":0.0,"event_name":"Match and Keep!","player_choice":"1 cards matched","floor":14.0,"gold_loss":0.0,"damage_taken":0.0,"cards_obtained":["Deep Breath"]},{"damage_healed":0,"gold_gain":0,"player_choice":"Paid Fearfully","damage_taken":0,"max_hp_gain":0,"max_hp_loss":0,"event_name":"Masked Bandits","floor":21,"gold_loss":99}],"is_beta":false,"boss_relics":[{"not_picked":["Nuclear Battery","Coffee Dripper"],"picked":"Ectoplasm"}],"items_purged_floors":[7],"is_endless":false,"potions_floor_spawned":[4,5,8,16,18,20],"killed_by":"Book of Stabbing","ascension_level":13}}