{"host":"qgrlfjrqk9z96gfi","time":1611121484,"event":{"mods":["BaseMod","Block Reminder","Colored Map","Custom Start","DeckTracker","Minty Spire (QoL Compilation)"],"gold_per_floor":[115,32,104,122,197,227,227,227,227,257,257,283,297,312,312,388,438,449,364,289,309,309,309,309,309],"floor_reached":24,"language":"ENG","playtime":660,"items_purged":[],"score":474,"play_id":"e3278ce3-5226-41ee-990c-0142e79285ad","local_time":"20210119194444","is_ascension_mode":true,"campfire_choices":[{"data":"Dash","floor":7,"key":"SMITH"},{"data":"Die Die Die","floor":8,"key":"SMITH"},{"data":"Bouncing Flask","floor":15,"key":"SMITH"},{"floor":23,"key":"REST"}],"circlet_count":0,"master_deck":["AscendersBane","Strike_G","Strike_G","Strike_G","Strike_G","Defend_G+1","Defend_G","Defend_G","Defend_G","Defend_G","Survivor","Neutralize","Poisoned Stab","Die Die Die+1","Burst","Dash+1","Backflip","Eviscerate","Underhanded Strike","Bouncing Flask+1","Tools of the Trade","PiercingWail","Escape Plan+1"],"relics":["Ring of the Snake","NeowsBlessing","WingedGreaves","Ornamental Fan","Oddly Smooth Stone","HornCleat","Tiny House","Question Card"],"acts_visited":["Exordium","TheCity"],"potions_floor_usage":[10,12,16,21,24],"damage_taken":[{"damage":0,"enemies":"Cultist","floor":1,"turns":1},{"damage":0,"enemies":"2 Louse","floor":4,"turns":1},{"damage":0,"enemies":"3 Sentries","floor":6,"turns":1},{"damage":4,"enemies":"Gremlin Nob","floor":10,"turns":4},{"damage":21,"enemies":"3 Sentries","floor":12,"turns":13},{"damage":0,"enemies":"Small Slimes","floor":13,"turns":3},{"damage":0,"enemies":"2 Fungi Beasts","floor":14,"turns":2},{"damage":2,"enemies":"Hexaghost","floor":16,"turns":9},{"damage":22,"enemies":"Spheric Guardian","floor":18,"turns":6},{"damage":27,"enemies":"Chosen","floor":21,"turns":8},{"damage":33,"enemies":"Gremlin Leader","floor":24,"turns":2}],"seed_played":"-2011636679442186908","potions_obtained":[{"floor":4,"key":"Ancient Potion"},{"floor":6,"key":"Energy Potion"},{"floor":10,"key":"SkillPotion"},{"floor":14,"key":"ColorlessPotion"},{"floor":17,"key":"Poison Potion"},{"floor":18,"key":"Block Potion"}],"is_trial":false,"path_per_floor":["M","$","?","M","?","E","R","R","T","E","?","E","M","M","R","B",null,"M","?","?","M","?","R","E"],"character_chosen":"THE_SILENT","items_purchased":["Die Die Die"],"campfire_rested":1,"item_purchase_floors":[2],"current_hp_per_floor":[59,59,59,59,48,48,48,48,48,44,44,23,23,23,23,21,60,38,38,38,11,11,32,0,0],"gold":309,"neow_bonus":"THREE_ENEMY_KILL","is_daily":false,"chose_seed":false,"campfire_upgraded":3,"win_rate":0.0,"timestamp":1611121484,"path_taken":["M","$","?","M","?","E","R","R","T","E","?","E","M","M","R","BOSS","M","?","?","M","?","R","E"],"items_purchased_type":["Card"],"build_version":"2020-12-22","purchased_purges":0,"victory":false,"max_hp_per_floor":[66,66,66,66,66,66,66,66,66,66,66,66,66,66,66,66,71,71,71,71,71,71,71,71,71],"card_choices":[{"not_picked":["All Out Attack","Sucker Punch"],"picked":"Poisoned Stab","floor":1},{"not_picked":["Acrobatics","Underhanded Strike"],"picked":"Burst","floor":4},{"not_picked":["Blur","Setup"],"picked":"Dash","floor":6},{"not_picked":["Calculated Gamble","Bane"],"picked":"Backflip","floor":10},{"not_picked":["Masterful Stab","Backflip"],"picked":"Eviscerate","floor":12},{"not_picked":["Sucker Punch","Unload"],"picked":"Underhanded Strike","floor":13},{"not_picked":["Calculated Gamble","Heel Hook"],"picked":"Bouncing Flask","floor":14},{"not_picked":["Phantasmal Killer","Adrenaline"],"picked":"Tools of the Trade","floor":16},{"not_picked":["Riddle With Holes","Deadly Poison"],"picked":"PiercingWail","floor":17},{"not_picked":["PiercingWail","Dodge and Roll"],"picked":"Escape Plan+1","floor":18},{"not_picked":["Slice","Finisher","Expertise+1","Heel Hook+1"],"picked":"SKIP","floor":21}],"player_experience":1035200,"relics_obtained":[{"floor":6,"key":"WingedGreaves"},{"floor":9,"key":"Ornamental Fan"},{"floor":10,"key":"Oddly Smooth Stone"},{"floor":12,"key":"HornCleat"}],"event_choices":[{"damage_healed":0,"gold_gain":72,"player_choice":"Gained Gold","damage_taken":0,"max_hp_gain":0,"max_hp_loss":0,"event_name":"Golden Wing","floor":3,"gold_loss":0},{"damage_healed":0,"gold_gain":75,"player_choice":"Gather Gold","damage_taken":11,"max_hp_gain":0,"max_hp_loss":0,"event_name":"World of Goop","floor":5,"gold_loss":0},{"damage_healed":0,"gold_gain":0,"player_choice":"Searched \u00271\u0027 times","damage_taken":0,"max_hp_gain":0,"max_hp_loss":0,"event_name":"Dead Adventurer","floor":11,"gold_loss":0},{"damage_healed":0,"gold_gain":0,"player_choice":"Obtained Relic","damage_taken":0,"relics_obtained":["Question Card"],"max_hp_gain":0,"max_hp_loss":0,"event_name":"Addict","floor":19,"gold_loss":85},{"cards_removed":["Strike_G"],"damage_healed":0,"gold_gain":0,"player_choice":"Gave Gold","damage_taken":0,"max_hp_gain":0,"max_hp_loss":0,"event_name":"Beggar","floor":20,"gold_loss":75},{"damage_healed":0,"gold_gain":0,"player_choice":"Ignored","damage_taken":0,"max_hp_gain":0,"max_hp_loss":0,"event_name":"Cursed Tome","floor":22,"gold_loss":0}],"is_beta":false,"boss_relics":[{"not_picked":["Ring of the Serpent","Coffee Dripper"],"picked":"Tiny House"}],"items_purged_floors":[],"is_endless":false,"potions_floor_spawned":[4,6,10,14,18],"killed_by":"Gremlin Leader","ascension_level":20}}