{"host":"bf9sa99gaumonoeu","time":1611173229,"event":{"mods":["AchievementEnabler","Act Like it!","Aspiration","BaseMod","Bestiary","Better Note","Block Reminder","Colored Map","Colored Powertips","Downfall","Fox Events","Friendly Minions","Gensokyo","GifTheSpireLib","Googly Eyes","Hallownest","Hermit","Highlight Path","Jorbs\u0027s Wanderer Trilogy","KinomotoSakuraMod(????)","Koishi","Marisa????????","Minty Spire (QoL Compilation)","Rare Cards Sparkle","Relic Stats","Spire Arcade","StSLib","The Administrix","The Animator","The Bug Knight","The Construct","The Cursed","The Hierophant","The Mystic","The Necromancer","The Poker Player","The Runesmith","The Senshi","The Servant 0.9.4","ojb\u0027s Info Mod"],"gold_per_floor":[111,122,137,151,163,163,2,14,66,100,118,118,149,162,162,235,235,249,299,299,299,376,408,423,423,450,467,487,500,520,551,551,625,625,641,641,651,157,170,170,204,504,530,543,560,30,60,71,71,71,71,71],"floor_reached":51,"language":"ENG","playtime":6209,"items_purged":["Strike_G","Strike_G","Deadly Poison"],"score":1680,"play_id":"89426391-cc5b-4247-8a01-997189353176","local_time":"20210120180709","is_ascension_mode":true,"campfire_choices":[{"data":"Neutralize","floor":6.0,"key":"SMITH"},{"data":"Footwork","floor":12.0,"key":"SMITH"},{"data":"Bouncing Flask","floor":15.0,"key":"SMITH"},{"floor":25.0,"key":"REST"},{"data":"Calculated Gamble","floor":32.0,"key":"SMITH"},{"floor":40,"key":"REST"},{"data":"Prepared","floor":49,"key":"SMITH"}],"circlet_count":0,"master_deck":["AscendersBane","Strike_G","Strike_G","Defend_G","Defend_G","Defend_G","Defend_G","Defend_G","Survivor","Neutralize+1","Flying Knee","Masterful Stab","Masterful Stab","Backstab","Dash","Bouncing Flask+1","Venomology","Footwork+1","Calculated Gamble+1","Dodge and Roll","Die Die Die","Dodge and Roll","Cloak And Dagger","aspiration:Lunge","Tactician+1","Prepared+1","Blade Dance","Backflip+1","Riddle With Holes","Accuracy","Storm of Steel","PiercingWail","Prepared","Dark Shackles","Bane","Wraith Form v2","Escape Plan","Reflex","Trip","PiercingWail","Terror"],"relics":["Ring of the Snake","Omamori","Centennial Puzzle","Question Card","aspiration:SecretTechniqueScroll","Gremlin Horn","aspiration:Stabinomicon","Vajra","aspiration:ChemicalBlood","Runesmith:UraniumAnvil","Pantograph","aspiration:HatOfInfinitePower","Orichalcum","Cauldron","Blood Vial"],"acts_visited":["Exordium","TheCity","TheBeyond"],"potions_floor_usage":[44,45,46,50,50,50,50,51,51,51],"damage_taken":[{"damage":2.0,"enemies":"2 Louse","floor":1.0,"turns":4.0},{"damage":8.0,"enemies":"Small Slimes","floor":2.0,"turns":6.0},{"damage":0.0,"enemies":"Jaw Worm","floor":3.0,"turns":5.0},{"damage":0.0,"enemies":"Blue Slaver","floor":4.0,"turns":4.0},{"damage":1.0,"enemies":"2 Fungi Beasts","floor":5.0,"turns":3.0},{"damage":1.0,"enemies":"Looter","floor":8.0,"turns":2.0},{"damage":10.0,"enemies":"3 Sentries","floor":10.0,"turns":5.0},{"damage":0.0,"enemies":"Red Slaver","floor":11.0,"turns":1.0},{"damage":0.0,"enemies":"Gremlin Nob","floor":13.0,"turns":2.0},{"damage":0.0,"enemies":"Large Slime","floor":14.0,"turns":5.0},{"damage":8.0,"enemies":"The Guardian","floor":16.0,"turns":10.0},{"damage":0.0,"enemies":"Chosen","floor":18.0,"turns":3.0},{"damage":24.0,"enemies":"Book of Stabbing","floor":23.0,"turns":6.0},{"damage":1.0,"enemies":"Shell Parasite","floor":24.0,"turns":4.0},{"damage":0.0,"enemies":"Shelled Parasite and Fungi","floor":27.0,"turns":2.0},{"damage":0.0,"enemies":"Snake Plant","floor":28.0,"turns":2.0},{"damage":0.0,"enemies":"3 Cultists","floor":29.0,"turns":3.0},{"damage":5.0,"enemies":"Centurion and Healer","floor":30.0,"turns":3.0},{"damage":0.0,"enemies":"Gremlin Leader","floor":31.0,"turns":2.0},{"damage":5.0,"enemies":"Collector","floor":33.0,"turns":5.0},{"damage":2.0,"enemies":"3 Darklings","floor":35.0,"turns":4.0},{"damage":0.0,"enemies":"3 Shapes","floor":37.0,"turns":4.0},{"damage":14.0,"enemies":"Spire Growth","floor":39.0,"turns":3.0},{"damage":0,"enemies":"Nemesis","floor":41,"turns":5},{"damage":0,"enemies":"Maw","floor":44,"turns":5},{"damage":0,"enemies":"Writhing Mass","floor":45,"turns":6},{"damage":0,"enemies":"Reptomancer","floor":47,"turns":3},{"damage":5,"enemies":"Sphere and 2 Shapes","floor":48,"turns":3},{"damage":67,"enemies":"Awakened One","floor":50,"turns":11},{"damage":37,"enemies":"Time Eater","floor":51,"turns":5}],"seed_played":"-8828057658801274181","potions_obtained":[{"floor":1.0,"key":"champ:CounterPotion"},{"floor":2.0,"key":"GhostInAJar"},{"floor":5.0,"key":"Poison Potion"},{"floor":10.0,"key":"AttackPotion"},{"floor":16.0,"key":"GhostInAJar"},{"floor":24.0,"key":"CunningPotion"},{"floor":27.0,"key":"Fire Potion"},{"floor":28.0,"key":"Weak Potion"},{"floor":35.0,"key":"SpeedPotion"},{"floor":41,"key":"Strength Potion"},{"floor":45,"key":"SteroidPotion"},{"floor":46,"key":"Dexterity Potion"},{"floor":50,"key":"BlessingOfTheForge"}],"is_trial":false,"path_per_floor":["M","M","M","M","M","R","$","M","T","E","M","R","E","M","R","B",null,"M","?","?","?","T","E","M","R","T","M","M","M","M","E","R","B",null,"M","?","M","$","M","R","E","?","T","M","M","$","E","M","R","B","B"],"character_chosen":"THE_SILENT","items_purchased":["Dash","Dark Shackles","Pantograph","Trip","PiercingWail","Fruit Juice","Cauldron"],"campfire_rested":2,"item_purchase_floors":[7,38,38,46,46,46,46],"current_hp_per_floor":[63,55,55,55,54,54,54,53,53,43,43,43,43,43,43,35,63,63,56,56,56,56,32,31,52,52,52,52,52,47,47,47,42,65,63,63,63,63,49,70,70,70,70,70,70,75,75,72,72,10,0,0],"gold":71,"neow_bonus":"TEN_PERCENT_HP_BONUS","is_daily":false,"chose_seed":false,"campfire_upgraded":5,"win_rate":0.0,"timestamp":1611173229,"path_taken":["M","M","M","M","M","R","$","M","T","E","M","R","E","M","R","BOSS","M","?","?","?","?","E","M","R","T","?","M","M","M","E","R","BOSS","M","?","M","$","M","R","E","?","T","M","M","$","E","M","R","BOSS","BOSS"],"items_purchased_type":["Card","Card","Relic","Card","Card","Potion","Relic"],"build_version":"2020-12-22","purchased_purges":3,"victory":false,"max_hp_per_floor":[72,72,72,72,72,72,72,72,72,72,72,72,72,72,72,72,72,72,72,72,72,72,72,72,72,72,72,72,72,72,72,72,72,72,72,72,72,72,72,72,72,72,72,72,72,77,77,77,77,77,77,77],"relic_stats":{"Blood Vial":6,"Centennial Puzzle":[30],"Gremlin Horn":[21,21],"counters":[30,126],"Pantograph":28,"Orichalcum":[30],"Question Card":21,"obtain_stats":[{"Gremlin Horn":22,"Vajra":26,"Omamori":9,"aspiration:Stabinomicon":23,"aspiration:SecretTechniqueScroll":17,"Orichalcum":43,"Question Card":13,"Blood Vial":47,"Cauldron":46,"Centennial Puzzle":10,"Pantograph":38,"Runesmith:UraniumAnvil":34,"aspiration:HatOfInfinitePower":41,"Ring of the Snake":0,"aspiration:ChemicalBlood":31},{"Gremlin Horn":12,"Vajra":14,"Omamori":6,"aspiration:Stabinomicon":13,"aspiration:SecretTechniqueScroll":11,"Orichalcum":24,"Question Card":9,"Blood Vial":27,"Cauldron":26,"Centennial Puzzle":7,"Pantograph":22,"Runesmith:UraniumAnvil":20,"aspiration:HatOfInfinitePower":24,"Ring of the Snake":0,"aspiration:ChemicalBlood":19},{"Gremlin Horn":50,"Vajra":60,"Omamori":24,"aspiration:Stabinomicon":56,"aspiration:SecretTechniqueScroll":47,"Orichalcum":93,"Question Card":32,"Blood Vial":107,"Cauldron":104,"Centennial Puzzle":29,"Pantograph":85,"Runesmith:UraniumAnvil":77,"aspiration:HatOfInfinitePower":93,"Ring of the Snake":0,"aspiration:ChemicalBlood":72}],"Ring of the Snake":[60]},"card_choices":[{"not_picked":["Heel Hook","Backflip"],"picked":"Flying Knee","floor":1.0},{"not_picked":["PiercingWail","Cloak And Dagger"],"picked":"Masterful Stab","floor":2.0},{"not_picked":["Endless Agony","Prepared"],"picked":"Deadly Poison","floor":3.0},{"not_picked":["Dagger Throw","Quick Slash"],"picked":"Masterful Stab","floor":4.0},{"not_picked":["Caltrops","Bane"],"picked":"Backstab","floor":5.0},{"not_picked":["Masterful Stab","PiercingWail"],"picked":"Bouncing Flask","floor":8.0},{"not_picked":["Outmaneuver","Burst"],"picked":"Venomology","floor":10.0},{"not_picked":["Bane","Prepared"],"picked":"Footwork","floor":11.0},{"not_picked":["Slice","Prepared"],"picked":"Calculated Gamble","floor":13.0},{"not_picked":["Bane","Blade Dance","Sucker Punch"],"picked":"Dodge and Roll","floor":14.0},{"not_picked":["Wraith Form v2","Adrenaline","Bullet Time"],"picked":"Die Die Die","floor":16.0},{"not_picked":["Heel Hook+1","Blade Dance","Acrobatics"],"picked":"Dodge and Roll","floor":18.0},{"not_picked":["Skewer","Calculated Gamble","Prepared"],"picked":"aspiration:Lunge","floor":23.0},{"not_picked":["Deadly Poison","Deflect","Outmaneuver"],"picked":"Tactician+1","floor":24.0},{"not_picked":["Deadly Poison","Masterful Stab","Reflex"],"picked":"Prepared","floor":27.0},{"not_picked":["Quick Slash","Expertise+1","Blade Dance","Endless Agony"],"picked":"SKIP","floor":28.0},{"not_picked":["Quick Slash","Expertise+1","Endless Agony"],"picked":"Blade Dance","floor":28.0},{"not_picked":["PiercingWail","Flechettes","Sucker Punch"],"picked":"Backflip+1","floor":29.0},{"not_picked":["PiercingWail","Reflex","Doppelganger"],"picked":"Riddle With Holes","floor":30.0},{"not_picked":["Deadly Poison","Dash","Flying Knee+1"],"picked":"Accuracy","floor":31.0},{"not_picked":["Glass Knife","After Image","Corpse Explosion"],"picked":"Storm of Steel","floor":33.0},{"not_picked":["Acrobatics","Riddle With Holes","Predator"],"picked":"PiercingWail","floor":35.0},{"not_picked":["Endless Agony+1","Escape Plan","Bane"],"picked":"Prepared","floor":37.0},{"not_picked":["Backflip","Infinite Blades","Deflect"],"picked":"Bane","floor":39.0},{"not_picked":["Grand Finale","Setup","Deadly Poison"],"picked":"Wraith Form v2","floor":41},{"not_picked":["Deflect","Underhanded Strike+1","Sucker Punch"],"picked":"Escape Plan","floor":44},{"not_picked":["Prepared","Heel Hook","Catalyst"],"picked":"Reflex","floor":45},{"not_picked":["A Thousand Cuts","All Out Attack+1","Noxious Fumes"],"picked":"Terror","floor":47},{"not_picked":["Dagger Spray","Bouncing Flask+1","Flying Knee","Skewer"],"picked":"SKIP","floor":48}],"player_experience":1084647,"relics_obtained":[{"floor":9.0,"key":"Omamori"},{"floor":10.0,"key":"Centennial Puzzle"},{"floor":13.0,"key":"Question Card"},{"floor":22.0,"key":"Gremlin Horn"},{"floor":23.0,"key":"aspiration:Stabinomicon"},{"floor":26.0,"key":"Vajra"},{"floor":31.0,"key":"aspiration:ChemicalBlood"},{"floor":41,"key":"aspiration:HatOfInfinitePower"},{"floor":43,"key":"Orichalcum"},{"floor":47,"key":"Blood Vial"}],"event_choices":[{"damage_healed":0.0,"max_hp_gain":0.0,"max_hp_loss":0.0,"gold_gain":50.0,"event_name":"FaceTrader","player_choice":"Touch","floor":19.0,"gold_loss":0.0,"damage_taken":7.0},{"damage_healed":0.0,"max_hp_gain":0.0,"max_hp_loss":0.0,"gold_gain":0.0,"cards_transformed":["Strike_G"],"event_name":"Transmorgrifier","player_choice":"Transformed","floor":20.0,"gold_loss":0.0,"damage_taken":0.0,"cards_obtained":["Cloak And Dagger"]},{"damage_healed":0.0,"max_hp_gain":0.0,"max_hp_loss":0.0,"gold_gain":0.0,"event_name":"Lab","player_choice":"Got Potions","floor":21.0,"gold_loss":0.0,"damage_taken":0.0},{"damage_healed":0.0,"max_hp_gain":0.0,"max_hp_loss":0.0,"gold_gain":0.0,"event_name":"Tomb of Lord Red Mask","player_choice":"Ignored","floor":36.0,"gold_loss":0.0,"damage_taken":0.0},{"damage_healed":0,"gold_gain":300,"player_choice":"Gold","damage_taken":0,"max_hp_gain":0,"max_hp_loss":0,"event_name":"Wheel of Change","floor":42,"gold_loss":0}],"is_beta":false,"boss_relics":[{"not_picked":["aspiration:FutureDiary","construct:ClawGrip"],"picked":"aspiration:SecretTechniqueScroll"},{"not_picked":["aspiration:WatcherSkillbook","aspiration:MobileForge"],"picked":"Runesmith:UraniumAnvil"}],"items_purged_floors":[7,38,46],"is_endless":false,"potions_floor_spawned":[1,2,5,8,10,16,24,27,28,35,41,45,48],"killed_by":"Time Eater","ascension_level":20}}