{"host":"k2mw1od0xoi9pcfj","time":1611183203,"event":{"mods":["Act Like it!","Aspiration","BaseMod","Downfall","Energized Spire","Highlight Path","Minty Spire (QoL Compilation)","Relic Stats","Retaliation","StSLib","TheHeartMod"],"gold_per_floor":[110,110,110,123,20,52,52,93,93,123,123,123],"floor_reached":11,"language":"ENG","playtime":623,"items_purged":[],"score":83,"play_id":"973992a6-26f6-4a03-8375-3934cd5e37f8","local_time":"20210120165323","is_ascension_mode":true,"campfire_choices":[],"circlet_count":0,"master_deck":["Strike_B","Strike_B","Strike_B","Strike_B","Defend_B","Defend_B","Defend_B","Defend_B","Zap","Dualcast","Lockon","Injury","Coolheaded+1","Capacitor+1","Coolheaded+1","Meteor Strike","Injury","Turbo+1"],"relics":["Sozu","Toxic Egg 2","Frozen Egg 2","InkBottle","Golden Idol","aspiration:DSix","Thread and Needle"],"acts_visited":["Exordium"],"potions_floor_usage":[],"damage_taken":[{"damage":1,"enemies":"Jaw Worm","floor":1,"turns":3},{"damage":0,"enemies":"Small Slimes","floor":4,"turns":3},{"damage":28,"enemies":"3 Sentries","floor":6,"turns":12},{"damage":7,"enemies":"Lagavulin","floor":8,"turns":8},{"damage":50,"enemies":"Gremlin Nob","floor":11,"turns":4}],"seed_played":"8618091069296809857","potions_obtained":[],"is_trial":false,"path_per_floor":["M","?","?","M","$","E","?","E","T","?","E"],"character_chosen":"DEFECT","items_purchased":["Capacitor+1","Coolheaded+1"],"campfire_rested":0,"item_purchase_floors":[5,5],"current_hp_per_floor":[74,71,71,71,71,43,43,36,36,36,0,0],"gold":123,"neow_bonus":"BOSS_RELIC","is_daily":false,"chose_seed":false,"campfire_upgraded":0,"win_rate":0.0,"timestamp":1611183203,"path_taken":["M","?","?","?","?","E","?","E","T","?","E"],"items_purchased_type":["Card","Card"],"build_version":"2020-12-22","purchased_purges":0,"victory":false,"max_hp_per_floor":[75,75,75,75,75,75,75,75,75,75,75,75],"relic_stats":{"Sozu":2,"counters":[5,30],"Golden Idol":8,"obtain_stats":[{"Sozu":0,"Golden Idol":7,"Thread and Needle":9,"Toxic Egg 2":2,"Frozen Egg 2":3,"Cracked Core":0,"aspiration:DSix":8,"InkBottle":6},{"Sozu":0,"Golden Idol":3,"Thread and Needle":4,"Toxic Egg 2":1,"Frozen Egg 2":1,"Cracked Core":0,"aspiration:DSix":4,"InkBottle":3},{"Sozu":0,"Golden Idol":18,"Thread and Needle":26,"Toxic Egg 2":3,"Frozen Egg 2":3,"Cracked Core":0,"aspiration:DSix":26,"InkBottle":18}],"InkBottle":[4]},"card_choices":[{"not_picked":["Rebound","Coolheaded"],"picked":"Lockon","floor":1},{"not_picked":["Sweeping Beam","Beam Cell"],"picked":"Coolheaded+1","floor":4},{"not_picked":["Cold Snap","Ball Lightning"],"picked":"Meteor Strike","floor":6},{"not_picked":["Tempest+1","Sweeping Beam"],"picked":"Turbo+1","floor":8}],"player_experience":657410,"relics_obtained":[{"floor":6,"key":"InkBottle"},{"floor":8,"key":"aspiration:DSix"},{"floor":9,"key":"Thread and Needle"}],"event_choices":[{"damage_healed":0,"gold_gain":0,"player_choice":"Success","damage_taken":3,"relics_obtained":["Toxic Egg 2"],"max_hp_gain":0,"max_hp_loss":0,"event_name":"Scrap Ooze","floor":2,"gold_loss":0},{"damage_healed":0,"gold_gain":0,"player_choice":"Take Wound","damage_taken":0,"relics_obtained":["Golden Idol"],"max_hp_gain":0,"max_hp_loss":0,"event_name":"Golden Idol","floor":7,"gold_loss":0,"cards_obtained":["Injury"]},{"damage_healed":0,"gold_gain":30,"player_choice":"Searched \u00272\u0027 times","damage_taken":0,"max_hp_gain":0,"max_hp_loss":0,"event_name":"Dead Adventurer","floor":10,"gold_loss":0}],"is_beta":false,"boss_relics":[],"items_purged_floors":[],"is_endless":false,"potions_floor_spawned":[4,6],"killed_by":"Gremlin Nob","ascension_level":1}}