{"host":"xxyfyv4t3rs3ce5d","time":1611181253,"event":{"mods":["BaseMod","Hubris","Infinite Spire","Minty Spire (QoL Compilation)","Replay The Spire","Shop Mod","StSLib","The Jungle"],"gold_per_floor":[109,109,109,128,128,158,158,170,170,170,189,212,212,212,212,313,313,330,346,357,447,447,447,447,447],"floor_reached":24,"language":"ENG","playtime":630,"items_purged":[],"score":219,"play_id":"30ec5501-ad2b-4846-b3c5-0c08d4c42f61","local_time":"20210120172053","is_ascension_mode":false,"campfire_choices":[{"data":"Zap","floor":7,"key":"SMITH"},{"data":"Defragment","floor":10,"key":"SMITH"},{"data":"Dualcast","floor":13,"key":"SMITH"},{"data":"Hologram","floor":15,"key":"SMITH"},{"data":"Defragment","floor":23,"key":"SMITH"}],"circlet_count":0,"master_deck":["Strike_B+1","Strike_B","Strike_B","Strike_B","Defend_B","Defend_B","Defend_B+1","Defend_B+1","Zap+1","Dualcast+1","Hologram+1","Ball Lightning","Defragment+1","Thunder Strike","Defragment+1"],"relics":["Cracked Core","NeowsBlessing","infinitespire:Bottled Soul","Mercury Hourglass","Juzu Bracelet","Inserter"],"acts_visited":["Exordium","TheCity"],"potions_floor_usage":[19,20,24],"damage_taken":[{"damage":0,"enemies":"Jaw Worm","floor":1,"turns":1},{"damage":0,"enemies":"Cultist","floor":4,"turns":1},{"damage":0,"enemies":"Lagavulin","floor":6,"turns":1},{"damage":4,"enemies":"infinitespire:Voidling","floor":8,"turns":3},{"damage":8,"enemies":"Large Slime","floor":11,"turns":3},{"damage":12,"enemies":"The Guardian","floor":16,"turns":7},{"damage":5,"enemies":"Chosen","floor":18,"turns":4},{"damage":2,"enemies":"3 Byrds","floor":19,"turns":2},{"damage":13,"enemies":"Shelled Parasite and Fungi","floor":20,"turns":5},{"damage":48,"enemies":"Slavers","floor":24,"turns":3}],"seed_played":"7540546863370480615","potions_obtained":[{"floor":1,"key":"Energy Potion"},{"floor":11,"key":"Explosive Potion"},{"floor":16,"key":"Adrenaline Potion"},{"floor":18,"key":"CultistPotion"},{"floor":20,"key":"BlessingOfTheForge"}],"is_trial":false,"path_per_floor":["M","?","?","M","?","E","R","M","T","R","M","T","R","?","R","B",null,"M","M","M","?","?","R","E"],"character_chosen":"DEFECT","items_purchased":[],"campfire_rested":0,"item_purchase_floors":[],"current_hp_per_floor":[75,75,68,68,53,53,53,53,53,53,45,45,45,50,50,38,80,75,73,60,48,48,48,0,0],"gold":447,"neow_bonus":"THREE_ENEMY_KILL","is_daily":false,"chose_seed":false,"campfire_upgraded":5,"win_rate":0.0,"timestamp":1611181253,"path_taken":["M","?","?","?","?","E","R","M","T","R","M","?","R","?","R","BOSS","M","M","M","?","?","R","E"],"items_purchased_type":[],"build_version":"2020-12-22","purchased_purges":0,"victory":false,"max_hp_per_floor":[75,75,75,75,75,75,75,75,75,75,75,75,75,80,80,80,80,80,80,80,80,80,80,80,80],"card_choices":[{"not_picked":["Crystallizer","Cold Snap"],"picked":"Hologram","floor":1},{"not_picked":["Beam Cell","Stack"],"picked":"Ball Lightning","floor":4},{"not_picked":["BasicCrystalCard","ReplaySolidLightProjector"],"picked":"Defragment","floor":6},{"not_picked":["Go for the Eyes","Cold Snap","Sweeping Beam"],"picked":"SKIP","floor":8},{"not_picked":["Reprogram","Force Field","ReplayTheSpireMod:Calculation Training"],"picked":"SKIP","floor":11},{"not_picked":["Reboot","Amplify"],"picked":"Thunder Strike","floor":16},{"not_picked":["Sunder","Aggregate","Go for the Eyes"],"picked":"SKIP","floor":18},{"not_picked":["Beam Cell","Ball Lightning"],"picked":"Defragment","floor":19},{"not_picked":["Gash","Rebound+1","Redo"],"picked":"SKIP","floor":20}],"player_experience":200351,"relics_obtained":[{"floor":6,"key":"infinitespire:Bottled Soul"},{"floor":9,"key":"Mercury Hourglass"},{"floor":12,"key":"Juzu Bracelet"}],"event_choices":[{"damage_healed":0,"gold_gain":0,"player_choice":"Damaged","damage_taken":7,"max_hp_gain":0,"max_hp_loss":0,"event_name":"Wheel of Change","floor":3,"gold_loss":0},{"damage_healed":0,"gold_gain":0,"player_choice":"Entered Light","damage_taken":15,"max_hp_gain":0,"max_hp_loss":0,"event_name":"Shining Light","floor":5,"gold_loss":0,"cards_upgraded":["Defend_B","Strike_B"]},{"damage_healed":0,"gold_gain":0,"player_choice":"Donut","damage_taken":0,"max_hp_gain":5,"max_hp_loss":0,"event_name":"Big Fish","floor":14,"gold_loss":0},{"damage_healed":0,"gold_gain":90,"player_choice":"GOLD ","damage_taken":12,"max_hp_gain":0,"max_hp_loss":0,"event_name":"Knowing Skull","floor":21,"potions_obtained":[],"gold_loss":0,"cards_obtained":[]}],"is_beta":false,"boss_relics":[{"not_picked":["Calling Bell","hubris:Stopwatch"],"picked":"Inserter"}],"items_purged_floors":[],"is_endless":false,"potions_floor_spawned":[1,11,16,18,20],"killed_by":"Slavers","ascension_level":0}}