{"host":"atu1skz5iq69e5lr","time":1611131418,"event":{"mods":["AchievementEnabler","Aspiration","BaseMod","Better Third Choice","Colored Map","Evolution","Friendly Minions","Highlight Path","Infinite Spire","Keyboard Shortcuts","Lobotomy","Minty Spire (QoL Compilation)","Replay The Spire","Shop Mod","StSLib"],"gold_per_floor":[109,0,0,0,13,39,39,66,66,66,80,30,30,40,40,40,40],"floor_reached":16,"language":"ENG","playtime":973,"items_purged":[],"score":108,"play_id":"4227ac6e-e4da-4999-b278-1247fd893497","local_time":"20210120093018","is_ascension_mode":false,"campfire_choices":[{"floor":10,"key":"REST"},{"data":"Terror","floor":13,"key":"SMITH"},{"floor":15,"key":"REST"}],"circlet_count":0,"master_deck":["Dagger Spray","Sucker Punch","Strike_G","Strike_G","Defend_G","Defend_G","Defend_G","Defend_G","Defend_G","Survivor","Neutralize","Draining Mist+1","Bloodbath","Enlightenment","UniverseFragment","BeautyBeast","Terror+1"],"relics":["Ring of the Snake","EVO:Axolotl","CogitoBucket","betterThird:SlimedRelic","Iron Hammer","Sundial","aspiration:StickyExplosives_weak","HellTrain"],"acts_visited":["Exordium"],"potions_floor_usage":[6,16],"damage_taken":[{"damage":0,"enemies":"2 Louse","floor":1,"turns":2},{"damage":0,"enemies":"Small Slimes","floor":5,"turns":4},{"damage":40,"enemies":"3 Sentries","floor":6,"turns":13},{"damage":7,"enemies":"Lagavulin","floor":8,"turns":11},{"damage":0,"enemies":"Jaw Worm","floor":11,"turns":3},{"damage":0,"enemies":"Looter","floor":14,"turns":5},{"damage":86,"enemies":"Fading Forest","floor":16,"turns":10}],"seed_played":"-4698754538045746285","potions_obtained":[{"floor":5,"key":"SkillPotion"},{"floor":8,"key":"SneckoOil"}],"is_trial":false,"path_per_floor":["M","?","$","?","M","E","?","E","T","R","M","?","R","M","R_BF","B"],"character_chosen":"THE_SILENT","items_purchased":[],"campfire_rested":2,"item_purchase_floors":[],"current_hp_per_floor":[70,76,76,65,66,29,29,26,26,48,49,49,49,50,72,0,0],"gold":40,"neow_bonus":"","is_daily":false,"chose_seed":false,"campfire_upgraded":1,"win_rate":0.0,"timestamp":1611131418,"path_taken":["M","?","$","?","M","E","?","E","T","R","M","?","R","M","R_BF","BOSS"],"items_purchased_type":[],"build_version":"2020-12-22","purchased_purges":0,"victory":false,"max_hp_per_floor":[70,76,76,76,76,76,76,76,76,76,76,76,76,76,76,76,76],"card_choices":[{"not_picked":["ReplayTheSpireMod:The Works","Fluid Movement"],"picked":"Draining Mist","floor":1},{"not_picked":["Wellcheers","MHz"],"picked":"Bloodbath","floor":1},{"not_picked":["FairyFestival","CherryBlossoms"],"picked":"UniverseFragment","floor":5},{"not_picked":["Sucker Punch","Eviscerate","Prepared"],"picked":"SKIP","floor":5},{"not_picked":["Sucker Punch","Eviscerate","Prepared"],"picked":"SKIP","floor":5},{"not_picked":["Outmaneuver","Blade Dance","Deadly Poison"],"picked":"SKIP","floor":6},{"not_picked":["PunishingBird","CherryBlossoms"],"picked":"BeautyBeast","floor":8},{"not_picked":["Hidden Blade","Fluid Movement","Bane"],"picked":"SKIP","floor":8},{"not_picked":["Dagger Spray","Quick Slash"],"picked":"Terror","floor":11},{"not_picked":["Leg Sweep","Acrobatics","ReplayTheSpireMod:Scrap Shanks"],"picked":"SKIP","floor":14}],"player_experience":8293,"relics_obtained":[{"floor":6,"key":"Iron Hammer"},{"floor":8,"key":"Sundial"},{"floor":9,"key":"aspiration:StickyExplosives_weak"}],"event_choices":[{"damage_healed":0,"gold_gain":0,"player_choice":"RENOUNCE","damage_taken":109,"max_hp_gain":0,"max_hp_loss":0,"event_name":"betterThird:BetterSerpent","floor":2,"gold_loss":109,"cards_obtained":["Enlightenment"]},{"damage_healed":0,"gold_gain":0,"player_choice":"Slimed","damage_taken":11,"max_hp_gain":0,"max_hp_loss":0,"event_name":"betterThird:BetterGoop","floor":4,"gold_loss":0},{"damage_healed":0,"gold_gain":0,"player_choice":"Grow","damage_taken":0,"max_hp_gain":0,"max_hp_loss":0,"event_name":"Living Wall","floor":7,"gold_loss":0,"cards_upgraded":["Draining Mist"]},{"cards_removed":["Strike_G"],"damage_healed":0,"gold_gain":0,"player_choice":"Card Removal","damage_taken":0,"max_hp_gain":0,"max_hp_loss":0,"event_name":"The Cleric","floor":12,"gold_loss":50}],"is_beta":false,"boss_relics":[],"items_purged_floors":[],"is_endless":false,"potions_floor_spawned":[5,8],"killed_by":"Fading Forest","ascension_level":0}}