{"host":"344lv32hnei0mdhu","time":1611113465,"event":{"mods":["Act Like it!","BaseMod","Better Match","Better Sensory Stone","Better Skull","Better Third Choice","Better Vampires","Colored Powertips","Highlight Path","Minty Spire (QoL Compilation)","Quick Restart","Random Character Button","Rare Cards Sparkle","StSLib"],"gold_per_floor":[119,44,54,72,87,87,162,162,187,220,230,250,250,284,284,387,387,406,406,419,419,439,439,439],"floor_reached":23,"language":"ENG","playtime":925,"items_purged":[],"score":305,"play_id":"2df2ddae-ad5f-4bc7-a2ba-ef2b11627ed9","local_time":"20210119213105","is_ascension_mode":true,"campfire_choices":[{"floor":6.0,"key":"RECALL"},{"data":"Wallop","floor":8.0,"key":"SMITH"},{"floor":13.0,"key":"REST"},{"data":"Devotion","floor":15.0,"key":"SMITH"}],"circlet_count":0,"master_deck":["AscendersBane","Strike_P","Strike_P","Strike_P","Strike_P","Defend_P","Defend_P","Defend_P","Defend_P","Eruption","Vigilance","FollowUp","Wallop+1","SpiritShield","Sanctity","Devotion+1","SandsOfTime","Judgement","MasterReality","CurseOfTheBell","WindmillStrike+1","SashWhip+1","Establishment"],"relics":["PureWater","NeowsBlessing","MealTicket","Molten Egg 2","Calling Bell","Regal Pillow","StrikeDummy","CaptainsWheel","CultistMask"],"acts_visited":["Exordium","TheCity"],"potions_floor_usage":[22],"damage_taken":[{"damage":0.0,"enemies":"2 Louse","floor":1.0,"turns":1.0},{"damage":0.0,"enemies":"Jaw Worm","floor":3.0,"turns":1.0},{"damage":0.0,"enemies":"Cultist","floor":4.0,"turns":1.0},{"damage":0.0,"enemies":"Exordium Wildlife","floor":5.0,"turns":4.0},{"damage":16.0,"enemies":"Gremlin Nob","floor":10.0,"turns":3.0},{"damage":1.0,"enemies":"Exordium Thugs","floor":11.0,"turns":5.0},{"damage":1.0,"enemies":"Looter","floor":12.0,"turns":3.0},{"damage":5.0,"enemies":"3 Sentries","floor":14.0,"turns":11.0},{"damage":6.0,"enemies":"Hexaghost","floor":16.0,"turns":9.0},{"damage":0.0,"enemies":"Spheric Guardian","floor":18.0,"turns":1.0},{"damage":32,"enemies":"3 Byrds","floor":20,"turns":7},{"damage":29,"enemies":"Cultist and Chosen","floor":22,"turns":8},{"damage":5,"enemies":"Gremlin Leader","floor":23,"turns":1}],"seed_played":"-1880526366472972818","potions_obtained":[{"floor":3.0,"key":"Dexterity Potion"},{"floor":5.0,"key":"Explosive Potion"},{"floor":10.0,"key":"Weak Potion"},{"floor":14.0,"key":"AttackPotion"},{"floor":18.0,"key":"PowerPotion"}],"is_trial":false,"path_per_floor":["M","$","M","M","M","R","?","R","T","E","M","M","R","E","R","B",null,"M","?","M","?","M","E"],"character_chosen":"WATCHER","items_purchased":["Wallop"],"campfire_rested":1,"item_purchase_floors":[2],"current_hp_per_floor":[65,65,65,65,65,65,54,54,54,38,37,36,57,52,52,46,66,66,66,34,34,5,0,0],"gold":439,"neow_bonus":"THREE_ENEMY_KILL","is_daily":false,"chose_seed":false,"campfire_upgraded":2,"win_rate":0.0,"timestamp":1611113465,"path_taken":["M","$","M","M","M","R","?","R","T","E","M","M","R","E","R","BOSS","M","?","M","?","?","E"],"items_purchased_type":["Card"],"build_version":"2020-12-22","purchased_purges":0,"victory":false,"max_hp_per_floor":[72,72,72,72,72,72,72,72,72,72,72,72,72,72,72,72,72,72,72,72,72,72,72,72],"card_choices":[{"not_picked":["FlurryOfBlows","CutThroughFate"],"picked":"FollowUp","floor":1.0},{"not_picked":["CutThroughFate","Protect"],"picked":"SpiritShield","floor":3.0},{"not_picked":["EmptyFist","ThirdEye"],"picked":"Sanctity","floor":4.0},{"not_picked":["EmptyFist","WindmillStrike","FollowUp"],"picked":"SKIP","floor":5.0},{"not_picked":["CrushJoints","Evaluate"],"picked":"Devotion","floor":10.0},{"not_picked":["Halt","Consecrate"],"picked":"SandsOfTime","floor":11.0},{"not_picked":["InnerPeace","CutThroughFate","FollowUp"],"picked":"SKIP","floor":12.0},{"not_picked":["FlurryOfBlows+1","Consecrate+1"],"picked":"Judgement","floor":14.0},{"not_picked":["Omniscience","Wish"],"picked":"MasterReality","floor":16.0},{"not_picked":["EmptyFist+1","InnerPeace+1"],"picked":"WindmillStrike+1","floor":18.0},{"not_picked":["Halt","PathToVictory"],"picked":"SashWhip+1","floor":20},{"not_picked":["JustLucky+1","WaveOfTheHand"],"picked":"Establishment","floor":22}],"player_experience":353856,"relics_obtained":[{"floor":10.0,"key":"MealTicket"},{"floor":14.0,"key":"Molten Egg 2"},{"floor":17.0,"key":"Regal Pillow"},{"floor":17.0,"key":"StrikeDummy"},{"floor":17.0,"key":"CaptainsWheel"}],"event_choices":[{"damage_healed":0.0,"max_hp_gain":0.0,"max_hp_loss":0.0,"gold_gain":75.0,"event_name":"betterThird:BetterGoop","player_choice":"Gold","floor":7.0,"gold_loss":0.0,"damage_taken":11.0},{"damage_healed":0.0,"max_hp_gain":0.0,"max_hp_loss":0.0,"gold_gain":0.0,"event_name":"Beggar","player_choice":"Ignored","floor":19.0,"gold_loss":0.0,"damage_taken":0.0},{"damage_healed":0,"gold_gain":0,"player_choice":"Trade","damage_taken":0,"relics_obtained":["CultistMask"],"max_hp_gain":0,"max_hp_loss":0,"event_name":"FaceTrader","floor":21,"gold_loss":0}],"is_beta":false,"boss_relics":[{"not_picked":["Coffee Dripper","SlaversCollar"],"picked":"Calling Bell"}],"items_purged_floors":[],"is_endless":false,"potions_floor_spawned":[3,5,10,14,18],"killed_by":"Gremlin Leader","ascension_level":10}}