{"host":"te4ihy0orbpglf07","time":1611150211,"event":{"mods":["Act Like it!","Arknights The Spire","BaseMod","BetterRewards","Downfall","Ekko","Friendly Minions","Gensokyo","Hubris","Infinite Spire","Minty Spire (QoL Compilation)","RumiaBox-????????","Small Relic Pack","StSLib","SuperFastMode","Td1madao Mod","Waifu the Spire","??????REMEMod"],"gold_per_floor":[99,115,290,290,290,290,315,335,362,36,36,49,49,61,74,178,178,178,196,213,230,230,243,243,243,243,64,76,61,61,81,96,96,96,96],"floor_reached":33,"language":"ENG","playtime":1934,"items_purged":["Doubt"],"score":249,"play_id":"34ebd1df-96ef-427c-b50e-12eda6fde022","local_time":"20210120164331","is_ascension_mode":false,"campfire_choices":[{"data":"Slimebound:Split","floor":1,"key":"SMITH"},{"data":"Slimebound:SplitBruiser","floor":6,"key":"SMITH"},{"data":"Slimebound:PrepareCrush","floor":11,"key":"SMITH"},{"data":"Slimebound:Gluttony","floor":13,"key":"SMITH"},{"data":"Slimebound:MassRepurpose","floor":18,"key":"SMITH"},{"data":"Slimebound:LevelUp","floor":26,"key":"SMITH"}],"circlet_count":0,"master_deck":["Slimebound:SplitBruiser+1","Slimebound:Gluttony+1","Slimebound:LivingWall","Slimebound:LeechingTouch","Slimebound:SlimeSlap+1","Slimebound:DouseInSlime","Slimebound:OozeBath","Slimebound:SlimeSlap","Slimebound:Overexert","Slimebound:WasteNot","Slimebound:PrepareCrush+1","Slimebound:OozeBath","Slimebound:DuplicatedForm","Slimebound:LevelUp+1","REME_GrazeFinale","Slimebound:SplitMire","Slimebound:Schlurp","Slimebound:SpikyOuterGoop","Slimebound:MassRepurpose+1","Slimebound:SlimeBarrage","Slimebound:DisruptingSlam","Slimebound:Prepare","Slimebound:SplitBruiser+1","Slimebound:Nibble+1","infinitespire:Collect","Slimebound:SplitAcid","expansioncontent:QuickStudy","Slimebound:SplitAcid","Slimebound:Repurpose","Slimebound:GoopSpray+1","Slimebound:FormOfPuddle"],"relics":["Slimebound:AbsorbEndCombat","REME_ComplimentaryCards","hubris:Towel","Orichalcum","Juzu Bracelet","SumBook","Sozu","REME_HandOfSuture"],"acts_visited":["Exordium","TheCity"],"potions_floor_usage":[29],"damage_taken":[{"damage":9,"enemies":"Jaw Worm","floor":2,"turns":3},{"damage":7,"enemies":"2 Louse","floor":8,"turns":3},{"damage":23,"enemies":"3 Sentries","floor":9,"turns":6},{"damage":0,"enemies":"downfall:FleeingMerchant","floor":10,"turns":4},{"damage":0,"enemies":"Cultist","floor":12,"turns":3},{"damage":26,"enemies":"Exordium Thugs","floor":14,"turns":4},{"damage":8,"enemies":"3 Louse","floor":15,"turns":5},{"damage":16,"enemies":"IC_STATUS_ARCHETYPE","floor":16,"turns":6},{"damage":40,"enemies":"3 Byrds","floor":19,"turns":5},{"damage":13,"enemies":"Spheric Guardian","floor":20,"turns":4},{"damage":4,"enemies":"Snake Plant","floor":21,"turns":3},{"damage":15,"enemies":"Cultist and Chosen","floor":23,"turns":5},{"damage":7,"enemies":"downfall:FleeingMerchant","floor":27,"turns":4},{"damage":9,"enemies":"Centurion and Healer","floor":28,"turns":5},{"damage":10,"enemies":"downfall:FleeingMerchant","floor":29,"turns":4},{"damage":24,"enemies":"Snake Plant","floor":31,"turns":4},{"damage":29,"enemies":"Shelled Parasite and Fungi","floor":32,"turns":4},{"damage":23,"enemies":"DF_ARCHETYPE_CLAW","floor":33,"turns":3}],"seed_played":"-3654568499287397554","potions_obtained":[{"floor":8,"key":"PowerPotion"},{"floor":9,"key":"Strength Potion"},{"floor":12,"key":"Slimebound:SlimyTonguePotion"},{"floor":16,"key":"SmokeBomb"}],"is_trial":false,"path_per_floor":["R","M","?","?","?","R","T","M","E","$","R","M","R","M","M","B",null,"R","M","M","M","?","M","T","AVR","R","$","M","$","?","M","M","B"],"character_chosen":"SLIMEBOUND","items_purchased":["SumBook","Slimebound:LevelUp","expansioncontent:QuickStudy"],"campfire_rested":0,"item_purchase_floors":[10,10,27],"current_hp_per_floor":[71,64,64,64,64,64,64,59,36,42,42,46,46,26,26,18,71,71,71,60,60,60,53,53,53,53,54,53,63,63,39,16,0,0,0],"gold":96,"neow_bonus":"TEN_PERCENT_HP_BONUS","is_daily":false,"chose_seed":false,"campfire_upgraded":6,"win_rate":0.0,"timestamp":1611150211,"path_taken":["R","M","?","?","?","R","T","M","E","?","R","M","R","M","M","BOSS","R","M","M","M","?","M","T","AVR","R","?","M","$","?","M","M","BOSS"],"items_purchased_type":["Relic","Card","Card"],"build_version":"2020-12-22","purchased_purges":1,"victory":false,"max_hp_per_floor":[71,71,71,71,71,71,71,71,71,71,71,71,71,71,71,71,71,71,71,71,71,71,71,71,71,71,71,71,71,71,71,71,71,71,71],"card_choices":[{"not_picked":["Slimebound:Prepare","Slimebound:Replication"],"picked":"Slimebound:SplitBruiser","floor":2},{"not_picked":["Slimebound:Grow","Slimebound:LeechingTouch"],"picked":"Slimebound:Gluttony","floor":8},{"not_picked":["Slimebound:Chomp","Slimebound:Overexert"],"picked":"Slimebound:LivingWall","floor":9},{"not_picked":["Slimebound:SlimeBrawl","Slimebound:FinishingTackle"],"picked":"Slimebound:LeechingTouch","floor":10},{"not_picked":["Slimebound:SlimeTap","Slimebound:MinionMaster"],"picked":"Slimebound:SplitMire","floor":12},{"not_picked":["Slimebound:GoopTackle","Slimebound:RollThrough"],"picked":"Slimebound:Schlurp","floor":14},{"not_picked":["Slimebound:RollThrough","Slimebound:FirmFortitude"],"picked":"Slimebound:SpikyOuterGoop","floor":15},{"not_picked":["Slimebound:MinionMaster","Slimebound:WasteNot"],"picked":"Slimebound:MassRepurpose","floor":16},{"not_picked":["Slimebound:Gluttony","Slimebound:RollThrough"],"picked":"Slimebound:SlimeBarrage","floor":19},{"not_picked":["Slimebound:Dissolve+1","Slimebound:LeechEnergy"],"picked":"Slimebound:DisruptingSlam","floor":20},{"not_picked":["Slimebound:ItLooksTasty","Slimebound:FinishingTackle"],"picked":"Slimebound:Prepare","floor":21},{"not_picked":["Slimebound:ProtectTheBoss","Slimebound:SamplingLick"],"picked":"Slimebound:Nibble+1","floor":23},{"not_picked":["Slimebound:ComboTackle","Slimebound:TongueLash"],"picked":"Slimebound:SplitAcid","floor":27},{"not_picked":["Slimebound:SlimeBarrage+1","Slimebound:PressTheAttack"],"picked":"Slimebound:SplitAcid","floor":28},{"not_picked":["Slimebound:LeechingTouch","Slimebound:Prepare+1","Slimebound:Overexert"],"picked":"SKIP","floor":29},{"not_picked":["Slimebound:Prepare","Slimebound:MassFeed"],"picked":"Slimebound:GoopSpray+1","floor":31},{"not_picked":["Slimebound:DisruptingSlam+1","Slimebound:Chomp+1"],"picked":"Slimebound:FormOfPuddle","floor":32}],"player_experience":62265,"relics_obtained":[{"floor":7,"key":"Orichalcum"},{"floor":9,"key":"Juzu Bracelet"},{"floor":24,"key":"REME_HandOfSuture"}],"event_choices":[{"damage_healed":0,"gold_gain":0,"player_choice":"Read","damage_taken":0,"max_hp_gain":0,"max_hp_loss":0,"event_name":"The Library","floor":30,"gold_loss":0,"cards_obtained":["Slimebound:Repurpose"]}],"is_beta":false,"boss_relics":[{"not_picked":["hubris:TerracottaHorce","Fusion Hammer"],"picked":"Sozu"}],"items_purged_floors":[25],"is_endless":false,"potions_floor_spawned":[8,9,12,16,19,21,23,31],"killed_by":"DF_ARCHETYPE_CLAW","ascension_level":0}}