{"host":"0ricjaa7rfq9v76t","time":1611149947,"event":{"mods":["AchievementEnabler","Aspiration","BaseMod","Better Vampires","BetterRewards","Colored Powertips","Highlight Path","Hubris","Infinite Spire","Minty Spire (QoL Compilation)","Quick Restart","Rare Cards Sparkle","Relic Sorter","Replay The Spire","StSLib","SuperFastMode","Synergy Search","The Cursed","The Disciple","The Jungle","The Marked","The Runesmith","Uncapped"],"gold_per_floor":[116,116,116,131,33,64,64,133,211,230,37,37,55,55,55,185,185,204,204,218,18,18,18],"floor_reached":22,"language":"ENG","playtime":1042,"items_purged":["Strike_B"],"score":182,"play_id":"6f8d13a7-9ef0-4275-a853-8241caaa6bd6","local_time":"20210120213907","is_ascension_mode":false,"campfire_choices":[{"floor":15,"key":"REST"}],"circlet_count":0,"master_deck":["Strike_B","Strike_B+1","Strike_B","Defend_B","Defend_B","Defend_B","Zap+1","Dualcast","Static Discharge+1","Ball Lightning","FIFO Queue+1","Gash+1","Tempest","Creative AI","Reinforced Body"],"relics":["Cracked Core","ReplayTheSpireMod:Ring of Collecting","Ring of Hypnosis","Torii","Golden Idol","ReplayTheSpireMod:Ring of Exchange","aspiration:StickyExplosives_weak","aspiration:FetidBarrel","Membership Card","Runic Pyramid","Replay:Bottled Eggs","aspiration:Lifesprig"],"acts_visited":["Exordium","TheCity"],"potions_floor_usage":[16,20,22],"damage_taken":[{"damage":1,"enemies":"2 Louse","floor":1,"turns":2},{"damage":6,"enemies":"Jaw Worm","floor":4,"turns":4},{"damage":27,"enemies":"Gremlin Nob","floor":6,"turns":4},{"damage":0,"enemies":"Small Slimes","floor":10,"turns":3},{"damage":1,"enemies":"Exordium Wildlife","floor":13,"turns":3},{"damage":1,"enemies":"Slime Boss","floor":16,"turns":6},{"damage":12,"enemies":"Chosen","floor":18,"turns":5},{"damage":28,"enemies":"Shell Parasite","floor":20,"turns":4},{"damage":44,"enemies":"Masked Bandits","floor":22,"turns":3}],"seed_played":"-8722305434904731920","potions_obtained":[{"floor":1,"key":"SteroidPotion"},{"floor":6,"key":"Flashbang"},{"floor":18,"key":"FocusPotion"}],"is_trial":false,"path_per_floor":["M","?","?","M","$","E","?","T","T","M","$","?","M","?","R","B",null,"M","?","M","$","?"],"character_chosen":"DEFECT","items_purchased":["FIFO Queue+1","Gash","Membership Card","Replay:Bottled Eggs","aspiration:Lifesprig"],"campfire_rested":1,"item_purchase_floors":[5,5,11,21,21],"current_hp_per_floor":[74,74,74,68,68,41,41,41,41,41,41,26,25,25,47,46,75,63,71,43,43,0,0],"gold":18,"neow_bonus":"UPGRADE_CARD","is_daily":false,"chose_seed":false,"campfire_upgraded":0,"win_rate":0.0,"timestamp":1611149947,"path_taken":["M","?","?","?","$","E","?","?","T","?","$","?","M","?","R","BOSS","M","?","?","?","?"],"items_purchased_type":["Card","Card","Relic","Relic","Relic"],"build_version":"2020-12-22","purchased_purges":1,"victory":false,"max_hp_per_floor":[75,75,75,75,75,75,75,75,75,75,75,75,75,75,75,75,75,75,75,75,75,75,75],"card_choices":[{"not_picked":["Capacitor","ReplayTheSpireMod:Repulse"],"picked":"Static Discharge","floor":1},{"not_picked":["ReplayTheSpireMod:Calculation Training","Compile Driver"],"picked":"Ball Lightning","floor":4},{"not_picked":["Hologram","Coolheaded","Sweeping Beam"],"picked":"SKIP","floor":6},{"not_picked":["Recycle","FIFO Queue","Consume"],"picked":"SKIP","floor":10},{"not_picked":["Defragment","Panic Button"],"picked":"Tempest","floor":13},{"not_picked":["Core Surge","hubris:DoWhile"],"picked":"Creative AI","floor":16},{"not_picked":["Cold Snap","Rebound"],"picked":"Reinforced Body","floor":18},{"not_picked":["Auto Shields+1","Panic Button+1","Go for the Eyes"],"picked":"SKIP","floor":20}],"player_experience":171278,"relics_obtained":[{"floor":2,"key":"ReplayTheSpireMod:Ring of Collecting"},{"floor":2,"key":"Ring of Hypnosis"},{"floor":6,"key":"Torii"},{"floor":8,"key":"ReplayTheSpireMod:Ring of Exchange"},{"floor":8,"key":"aspiration:StickyExplosives_weak"},{"floor":9,"key":"aspiration:FetidBarrel"}],"event_choices":[{"damage_healed":0,"gold_gain":0,"player_choice":"Take Wound","damage_taken":0,"relics_obtained":["Golden Idol"],"max_hp_gain":0,"max_hp_loss":0,"event_name":"Golden Idol","floor":7,"gold_loss":0,"cards_obtained":["Injury"]},{"damage_healed":0,"gold_gain":0,"player_choice":"Entered Light","damage_taken":15,"max_hp_gain":0,"max_hp_loss":0,"event_name":"Shining Light","floor":12,"gold_loss":0,"cards_upgraded":["Strike_B","Static Discharge"]},{"damage_healed":0,"gold_gain":0,"player_choice":"Fought Bandits","damage_taken":0,"max_hp_gain":0,"max_hp_loss":0,"event_name":"Masked Bandits","floor":22,"gold_loss":0}],"is_beta":false,"boss_relics":[{"not_picked":["Black Star","infinitespire:Cupcake"],"picked":"Runic Pyramid"}],"items_purged_floors":[11],"is_endless":false,"potions_floor_spawned":[1,6,18],"killed_by":"Masked Bandits","ascension_level":0}}