{"host":"u9h06qdlnp3wgzsw","time":1611137654,"event":{"mods":["Act Like it!","BaseMod","Curses Come First","Downfall","Hallownest","Hermit","Minty Spire (QoL Compilation)","Quick Restart","Rare Cards Sparkle","Shop Mod","StSLib","The Disciple","The Hierophant","The Servant 0.9.4"],"gold_per_floor":[15,15,28,41,41,41,75,75,75,96,62,137,161,180,180,305,305,325,176,176,171,271,271,41,41,87,87,87],"floor_reached":27,"language":"ENG","playtime":1585,"items_purged":["Pain"],"score":311,"play_id":"9083712f-d4da-455c-84a5-f37e37e34cd6","local_time":"20210120051414","is_ascension_mode":false,"campfire_choices":[{"floor":6,"key":"REST"},{"data":"ResonantCall","floor":15,"key":"SMITH"},{"data":"Echonomics","floor":23,"key":"SMITH"},{"data":"LockedUrn","floor":25,"key":"SMITH"}],"circlet_count":0,"master_deck":["Strike_Br+1","Strike_Br","Strike_Br","Defend_Br","Defend_Br+1","Defend_Br","Defend_Br","SecondHand","PatternShift","LockedBlood","AlternateTimeline","BiteCommand","LockedWarPaint","ResonantCall+1","HandsUpC","LockedBlood","BackFourSeconds","LockedUrn+1","LockedWhetstone","LockedUrn+1","Doubt","downfall:Aged","downfall:Icky","Doubt","Injury","Echonomics+1","ResonantCall+1","downfall:Haunted"],"relics":["Chronometer","Golden Idol","Thread and Needle","HornCleat","HangingClock","Enchiridion","Cursed Key","DollysMirror","Akabeko"],"acts_visited":["Exordium","TheCity"],"potions_floor_usage":[7,21,27,27],"damage_taken":[{"damage":0,"enemies":"Small Slimes","floor":1,"turns":4},{"damage":1,"enemies":"2 Louse","floor":3,"turns":6},{"damage":2,"enemies":"Cultist","floor":4,"turns":5},{"damage":27,"enemies":"Gremlin Nob","floor":7,"turns":5},{"damage":0,"enemies":"Red Slaver","floor":10,"turns":6},{"damage":0,"enemies":"Looter","floor":13,"turns":4},{"damage":3,"enemies":"Exordium Thugs","floor":14,"turns":7},{"damage":17,"enemies":"The Guardian","floor":16,"turns":12},{"damage":46,"enemies":"Chosen","floor":18,"turns":8},{"damage":4,"enemies":"2 Thieves","floor":21,"turns":4},{"damage":137,"enemies":"Slavers","floor":27,"turns":9}],"seed_played":"-6423757802675569727","potions_obtained":[{"floor":3,"key":"SteroidPotion"},{"floor":13,"key":"champ:CounterPotion"},{"floor":16,"key":"Explosive Potion"}],"is_trial":false,"path_per_floor":["M","?","M","M","?","R","E","?","T","M","$","?","M","M","R","B",null,"M","$","?","M","?","R","$","R","T","E"],"character_chosen":"CHRONO_CLASS","items_purchased":["ResonantCall","LockedWhetstone","EssenceOfSteel","DollysMirror"],"campfire_rested":1,"item_purchase_floors":[11,19,19,24],"current_hp_per_floor":[77,62,67,71,52,75,54,54,54,60,60,53,59,62,62,57,77,62,62,46,70,70,70,70,70,70,0,0],"gold":87,"neow_bonus":"TWENTY_PERCENT_HP_BONUS","is_daily":false,"chose_seed":false,"campfire_upgraded":3,"win_rate":0.0,"timestamp":1611137654,"path_taken":["M","?","M","M","?","R","E","?","T","?","?","?","M","M","R","BOSS","M","$","?","M","?","R","$","R","T","E"],"items_purchased_type":["Card","Card","Potion","Relic"],"build_version":"2020-12-22","purchased_purges":1,"victory":false,"max_hp_per_floor":[77,77,77,77,77,77,77,77,77,77,77,77,77,77,77,77,77,77,77,77,77,77,77,77,77,77,77,77],"card_choices":[{"not_picked":["LockedAnchor","ExoVibe"],"picked":"LockedBlood","floor":1},{"not_picked":["BiteCommand","PrimeTime"],"picked":"AlternateTimeline","floor":3},{"not_picked":["Engulf","HandsUpB"],"picked":"BiteCommand","floor":4},{"not_picked":["BlueShift","CrunchTime"],"picked":"LockedWarPaint","floor":7},{"not_picked":["Engulf","DaylightSavings","ReapSow"],"picked":"SKIP","floor":10},{"not_picked":["Parity","LockedBlood"],"picked":"HandsUpC","floor":13},{"not_picked":["ExoVibe","Echoward"],"picked":"LockedBlood","floor":14},{"not_picked":["Echonomics","Flay"],"picked":"BackFourSeconds","floor":16},{"not_picked":["Tempo","LockedAnchor"],"picked":"LockedUrn+1","floor":18},{"not_picked":["Tempo","LockedTurtyl"],"picked":"LockedUrn","floor":21}],"player_experience":830898,"relics_obtained":[{"floor":7,"key":"Thread and Needle"},{"floor":9,"key":"HornCleat"},{"floor":20,"key":"Enchiridion"},{"floor":26,"key":"Akabeko"}],"event_choices":[{"damage_healed":0,"gold_gain":0,"player_choice":"Entered Light","damage_taken":15,"max_hp_gain":0,"max_hp_loss":0,"event_name":"Shining Light","floor":2,"gold_loss":0,"cards_upgraded":["Strike_Br","Defend_Br"]},{"damage_healed":0,"gold_gain":0,"player_choice":"Take Damage","damage_taken":19,"relics_obtained":["Golden Idol"],"max_hp_gain":0,"max_hp_loss":0,"event_name":"Golden Idol","floor":5,"gold_loss":0},{"cards_removed":["Strike_Br"],"damage_healed":0,"gold_gain":0,"player_choice":"Purged","damage_taken":0,"max_hp_gain":0,"max_hp_loss":0,"event_name":"Purifier","floor":8,"gold_loss":0},{"damage_healed":0,"gold_gain":75,"player_choice":"Touch","damage_taken":7,"max_hp_gain":0,"max_hp_loss":0,"event_name":"FaceTrader","floor":12,"gold_loss":0},{"damage_healed":0,"gold_gain":0,"player_choice":"Obtained Book","damage_taken":16,"max_hp_gain":0,"max_hp_loss":0,"event_name":"Cursed Tome","floor":20,"gold_loss":0}],"is_beta":false,"boss_relics":[{"not_picked":["Runic Dome","Fusion Hammer"],"picked":"HangingClock"}],"items_purged_floors":[24],"is_endless":false,"potions_floor_spawned":[3,13,16],"killed_by":"Slavers","ascension_level":0}}