{"host":"obplhmlw33xb91v8","time":1611176002,"event":{"mods":["AchievementEnabler","BaseMod","Block Reminder","Curses Come First","Dio Mod","Evolution","Friendly Minions","HololiveMod","Koishi","Minty Spire (QoL Compilation)","Quick Restart","Reimu??????","Relic Stats","Remilia??????","Shop Mod","Spicy Shops","StSLib","The Alterego","The Gatherer","The IronCluck","The Servant 0.9.4","The Wild Card","TheSwordswoman","Uncapped","Waifu the Spire","Yakumo Yukari mod","Yohane!","Youmu??????","Yuyuko","egg"],"gold_per_floor":[116,41,41,41,51,67,81,81,107,107,118,118,118,137,137,241,241,256,256,276,2,2,2],"floor_reached":22,"language":"ENG","playtime":1102,"items_purged":[],"score":176,"play_id":"c9f44c80-6940-4451-a4a0-69155acaf812","local_time":"20210120155322","is_ascension_mode":false,"campfire_choices":[{"floor":8,"key":"REST"},{"floor":10,"key":"REST"},{"data":"KamiRite:ReiMu","floor":12,"key":"SMITH"},{"floor":15,"key":"REST"}],"circlet_count":0,"master_deck":["Strike_Lin:ReiMu","Strike_Lin:ReiMu","Strike_Lin:ReiMu","Strike_Lin:ReiMu","Defend_Lin:ReiMu","Defend_Lin:ReiMu","Defend_Lin:ReiMu","Defend_Lin:ReiMu","NB:ReiMu","Stagnation:ReiMu","TightArray:ReiMu","PrepareRite:ReiMu","OrbThrow:ReiMu","CareerPray:ReiMu","OctopathBindingBorder2:ReiMu","KamiRite:ReiMu+1","theWildCard:Metatron","Conquer:ReiMu","Authority:ReiMu","Conquer:ReiMu","Meditation:ReiMu"],"relics":["FlyPower:ReiMu","EVO:Axolotl","NeowsBlessing","Hololive_Finger","CultistMask","MerchantsRug","Strange Spoon"],"acts_visited":["Exordium","TheCity"],"potions_floor_usage":[7,18],"damage_taken":[{"damage":0,"enemies":"Jaw Worm","floor":1,"turns":1},{"damage":0,"enemies":"2 Louse","floor":5,"turns":1},{"damage":0,"enemies":"Cultist","floor":6,"turns":1},{"damage":57,"enemies":"Gremlin Gang","floor":7,"turns":6},{"damage":12,"enemies":"Large Slime","floor":11,"turns":5},{"damage":16,"enemies":"3 Louse","floor":14,"turns":2},{"damage":43,"enemies":"The Guardian","floor":16,"turns":10},{"damage":21,"enemies":"2 Thieves","floor":18,"turns":4},{"damage":26,"enemies":"Shell Parasite","floor":20,"turns":6},{"damage":22,"enemies":"Sentry and Sphere","floor":22,"turns":5}],"seed_played":"343815618048047436","potions_obtained":[{"floor":1,"key":"Regen Potion"},{"floor":7,"key":"FearPotion"},{"floor":11,"key":"SneckoOil"},{"floor":16,"key":"Dexterity Potion"}],"is_trial":false,"path_per_floor":["M","$","?","$","M","M","M","R","T","R","M","R","?","M","R","B",null,"M","?","M","$","M"],"character_chosen":"REIMU","items_purchased":["PrepareRite:ReiMu","MerchantsRug","Strange Spoon"],"campfire_rested":3,"item_purchase_floors":[2,21,21],"current_hp_per_floor":[65,65,65,65,65,65,20,39,39,58,46,46,46,30,49,6,65,44,44,18,18,0,0],"gold":2,"neow_bonus":"THREE_ENEMY_KILL","is_daily":false,"chose_seed":false,"campfire_upgraded":1,"win_rate":0.0,"timestamp":1611176002,"path_taken":["M","$","?","$","M","M","M","R","T","R","M","R","?","M","R","BOSS","M","?","M","$","?"],"items_purchased_type":["Card","Relic","Relic"],"build_version":"2020-12-22","purchased_purges":0,"victory":false,"max_hp_per_floor":[65,65,65,65,65,65,65,65,65,65,65,65,65,65,65,65,65,65,65,65,65,65,65],"relic_stats":{"Strange Spoon":[1],"counters":[10,40],"obtain_stats":[{"MerchantsRug":21,"Strange Spoon":21,"NeowsBlessing":0,"CultistMask":19,"Hololive_Finger":17,"EVO:Axolotl":0,"FlyPower:ReiMu":0},{"MerchantsRug":9,"Strange Spoon":9,"NeowsBlessing":0,"CultistMask":8,"Hololive_Finger":7,"EVO:Axolotl":0,"FlyPower:ReiMu":0},{"MerchantsRug":35,"Strange Spoon":35,"NeowsBlessing":0,"CultistMask":29,"Hololive_Finger":25,"EVO:Axolotl":0,"FlyPower:ReiMu":0}]},"card_choices":[{"not_picked":["SealNeedle:ReiMu","LearningPray:ReiMu"],"picked":"TightArray:ReiMu","floor":1},{"not_picked":["EmergencyTakeOff:ReiMu","SafetyPray:ReiMu"],"picked":"OrbThrow:ReiMu","floor":5},{"not_picked":["OrbThrow:ReiMu","EmergencyTakeOff:ReiMu"],"picked":"CareerPray:ReiMu","floor":6},{"not_picked":["SpreadBorder2:ReiMu","SafetyPray:ReiMu"],"picked":"OctopathBindingBorder2:ReiMu","floor":7},{"not_picked":["Meditation:ReiMu","SpringWay:ReiMu"],"picked":"KamiRite:ReiMu","floor":11},{"not_picked":["TightArray:ReiMu","Amulet:ReiMu"],"picked":"Conquer:ReiMu","floor":14},{"not_picked":["Shading:ReiMu","HakureiPhantom:ReiMu"],"picked":"Authority:ReiMu","floor":16},{"not_picked":["Gathering:ReiMu","ManaGlint:ReiMu"],"picked":"Conquer:ReiMu","floor":18},{"not_picked":["ShadowOfCrow2:ReiMu+1","RainPray2:ReiMu"],"picked":"Meditation:ReiMu","floor":20}],"player_experience":236986,"relics_obtained":[],"event_choices":[{"damage_healed":0,"gold_gain":0,"player_choice":"Ignored","damage_taken":0,"max_hp_gain":0,"max_hp_loss":0,"event_name":"Liars Game","floor":3,"gold_loss":0},{"damage_healed":0,"gold_gain":0,"player_choice":"Trade","damage_taken":0,"relics_obtained":["CultistMask"],"max_hp_gain":0,"max_hp_loss":0,"event_name":"FaceTrader","floor":19,"gold_loss":0}],"is_beta":false,"boss_relics":[{"not_picked":["Hololive_TopUpMoneyS","Calling Bell"],"picked":"Hololive_Finger"}],"items_purged_floors":[],"is_endless":false,"potions_floor_spawned":[1,7,11,16],"killed_by":"Sentry and Sphere","ascension_level":0}}