{"host":"vl29iwkwnyytuw8q","time":1611100862,"event":{"mods":["BaseMod","Minty Spire (QoL Compilation)","Permanent Neow","Relic Stats","StSLib"],"gold_per_floor":[119,119,44,60,79,79,111,111,165,165,175,187,206,222,222,295,295,309,309,309],"floor_reached":19,"language":"ENG","playtime":425,"items_purged":["Strike_R"],"score":316,"play_id":"85680c52-e9cc-4962-acda-c8499644314b","local_time":"20210120010102","is_ascension_mode":true,"campfire_choices":[{"data":"Pommel Strike","floor":6,"key":"SMITH"},{"data":"Bash","floor":8,"key":"SMITH"},{"data":"Clothesline","floor":10,"key":"SMITH"},{"floor":15,"key":"REST"}],"circlet_count":0,"master_deck":["AscendersBane","Strike_R","Strike_R","Strike_R","Strike_R","Defend_R","Defend_R","Defend_R","Defend_R","Bash+1","Clothesline+1","Pommel Strike+1","Anger","Metallicize","Iron Wave","Spot Weakness","Seeing Red","Demon Form"],"relics":["Philosopher\u0027s Stone","Regal Pillow","Pen Nib","Busted Crown"],"acts_visited":["Exordium","TheCity"],"potions_floor_usage":[16,19],"damage_taken":[{"damage":6,"enemies":"2 Louse","floor":1,"turns":2},{"damage":0,"enemies":"Cultist","floor":4,"turns":3},{"damage":4,"enemies":"Jaw Worm","floor":5,"turns":3},{"damage":12,"enemies":"Gremlin Nob","floor":7,"turns":3},{"damage":11,"enemies":"Lots of Slimes","floor":11,"turns":4},{"damage":9,"enemies":"3 Louse","floor":12,"turns":4},{"damage":0,"enemies":"2 Fungi Beasts","floor":13,"turns":3},{"damage":4,"enemies":"Looter","floor":14,"turns":3},{"damage":35,"enemies":"Hexaghost","floor":16,"turns":9},{"damage":29,"enemies":"2 Thieves","floor":18,"turns":4},{"damage":62,"enemies":"3 Byrds","floor":19,"turns":3}],"seed_played":"-4001469151768751197","potions_obtained":[{"floor":2,"key":"SpeedPotion"},{"floor":2,"key":"Swift Potion"},{"floor":12,"key":"PowerPotion"},{"floor":13,"key":"BloodPotion"}],"is_trial":false,"path_per_floor":["M","?","$","M","M","R","E","R","T","R","M","M","M","M","R","B",null,"M","M"],"character_chosen":"IRONCLAD","items_purchased":[],"campfire_rested":1,"item_purchase_floors":[],"current_hp_per_floor":[62,62,62,62,58,58,46,46,46,46,35,26,26,22,59,24,62,33,0,0],"gold":309,"neow_bonus":"BOSS_RELIC","is_daily":false,"chose_seed":false,"campfire_upgraded":3,"win_rate":0.0,"timestamp":1611100862,"path_taken":["M","?","?","M","?","R","E","R","T","R","M","M","M","M","R","BOSS","M","M"],"items_purchased_type":[],"build_version":"2020-12-22","purchased_purges":1,"victory":false,"max_hp_per_floor":[75,75,75,75,75,75,75,75,75,75,75,75,75,75,75,75,75,75,75,75],"relic_stats":{"Regal Pillow":15,"Busted Crown":2,"counters":[11,41],"Pen Nib":[6],"obtain_stats":[{"Regal Pillow":7,"Busted Crown":17,"Philosopher\u0027s Stone":0,"Pen Nib":9,"Burning Blood":0},{"Regal Pillow":4,"Busted Crown":9,"Philosopher\u0027s Stone":0,"Pen Nib":4,"Burning Blood":0},{"Regal Pillow":11,"Busted Crown":34,"Philosopher\u0027s Stone":0,"Pen Nib":11,"Burning Blood":0}]},"card_choices":[{"not_picked":["Bloodletting","True Grit"],"picked":"Clothesline","floor":1},{"not_picked":["True Grit","Twin Strike"],"picked":"Pommel Strike","floor":4},{"not_picked":["Rampage","Pommel Strike"],"picked":"Anger","floor":5},{"not_picked":["Reckless Charge","Berserk"],"picked":"Metallicize","floor":7},{"not_picked":["Headbutt","Dual Wield"],"picked":"Iron Wave","floor":11},{"not_picked":["Headbutt","Fiend Fire","Iron Wave"],"picked":"SKIP","floor":12},{"not_picked":["Warcry","Anger"],"picked":"Spot Weakness","floor":13},{"not_picked":["Hemokinesis","Iron Wave"],"picked":"Seeing Red","floor":14},{"not_picked":["Impervious","Corruption"],"picked":"Demon Form","floor":16},{"not_picked":["Wild Strike"],"picked":"SKIP","floor":18}],"player_experience":634384,"relics_obtained":[{"floor":7,"key":"Regal Pillow"},{"floor":9,"key":"Pen Nib"}],"event_choices":[{"damage_healed":0,"gold_gain":0,"player_choice":"Got Potions","damage_taken":0,"max_hp_gain":0,"max_hp_loss":0,"event_name":"Lab","floor":2,"gold_loss":0}],"is_beta":false,"boss_relics":[{"not_picked":["SlaversCollar","Runic Pyramid"],"picked":"Busted Crown"}],"items_purged_floors":[3],"is_endless":false,"potions_floor_spawned":[12,13],"killed_by":"3 Byrds","ascension_level":17}}