{"host":"51mqhfpmwwd4kxyt","time":1611155905,"event":{"mods":["BaseMod","Downfall","Hermit","Highlight Path","Minty Spire (QoL Compilation)","READ ME - Guardian Mod","Remilia??????","StSLib","The Animator","The Bug Knight","The Cursed","The Jungle","The Servant 0.9.4"],"gold_per_floor":[117,130,130,130,130,169,182,182,206,226,247,247,247,262,262,262,262],"floor_reached":16,"language":"ENG","playtime":611,"items_purged":[],"score":138,"play_id":"42a31d5f-0f63-4f70-bafe-aa8ad0b714b3","local_time":"20210120101825","is_ascension_mode":true,"campfire_choices":[{"floor":8,"key":"REST"},{"floor":12,"key":"REST"},{"floor":15,"key":"REST"}],"circlet_count":0,"master_deck":["Strike_G","Strike_G","Strike_G","Strike_G","Strike_G","Defend_G","Defend_G","Defend_G","Defend_G","Defend_G","Survivor","Neutralize","Metamorphosis","Setup","Injury","Regret","Night Terror","Outmaneuver","Backflip","Footwork"],"relics":["Ring of the Snake","Golden Idol","Oddly Smooth Stone","HollowMod:StagPassRelic","Boot"],"acts_visited":["Exordium"],"potions_floor_usage":[6,10,10,11,11,16],"damage_taken":[{"damage":4,"enemies":"Jaw Worm","floor":1,"turns":5},{"damage":2,"enemies":"Small Slimes","floor":2,"turns":3},{"damage":30,"enemies":"3 Sentries","floor":6,"turns":8},{"damage":0,"enemies":"2 Louse","floor":7,"turns":3},{"damage":22,"enemies":"Red Slaver","floor":10,"turns":8},{"damage":20,"enemies":"Lots of Slimes","floor":11,"turns":6},{"damage":6,"enemies":"Large Slime","floor":14,"turns":7},{"damage":34,"enemies":"Slime Boss","floor":16,"turns":9}],"seed_played":"1835285508523937633","potions_obtained":[{"floor":2,"key":"Dexterity Potion"},{"floor":7,"key":"EntropicBrew"},{"floor":14,"key":"sneckomod:MuddlingPotion"}],"is_trial":false,"path_per_floor":["M","M","?","?","?","E","M","R","T","M","M","R","?","M","R","B"],"character_chosen":"THE_SILENT","items_purchased":[],"campfire_rested":3,"item_purchase_floors":[],"current_hp_per_floor":[59,57,57,57,57,27,27,45,45,23,3,21,21,15,33,0,0],"gold":262,"neow_bonus":"RANDOM_COLORLESS_2","is_daily":false,"chose_seed":false,"campfire_upgraded":0,"win_rate":0.0,"timestamp":1611155905,"path_taken":["M","M","?","?","?","E","?","R","T","M","?","R","?","M","R","BOSS"],"items_purchased_type":[],"build_version":"2020-12-22","purchased_purges":0,"victory":false,"max_hp_per_floor":[63,63,63,63,63,63,63,63,63,63,63,63,63,63,63,63,63],"card_choices":[{"not_picked":["Panache","Mayhem"],"picked":"Metamorphosis","floor":0},{"not_picked":["Acrobatics","Slice"],"picked":"Setup","floor":1},{"not_picked":["PiercingWail","Quick Slash","Sucker Punch"],"picked":"SKIP","floor":2},{"not_picked":["Flying Knee","Caltrops","Cloak And Dagger"],"picked":"SKIP","floor":6},{"not_picked":["Underhanded Strike","PiercingWail"],"picked":"Outmaneuver","floor":7},{"not_picked":["Caltrops","Expertise"],"picked":"Backflip","floor":10},{"not_picked":["Sucker Punch","Catalyst","Backstab"],"picked":"SKIP","floor":11},{"not_picked":["Dagger Spray","Catalyst"],"picked":"Footwork","floor":14}],"player_experience":411940,"relics_obtained":[{"floor":6,"key":"HollowMod:StagPassRelic"},{"floor":9,"key":"Boot"}],"event_choices":[{"damage_healed":0,"gold_gain":0,"player_choice":"Take Wound","damage_taken":0,"relics_obtained":["Golden Idol"],"max_hp_gain":0,"max_hp_loss":0,"event_name":"Golden Idol","floor":3,"gold_loss":0,"cards_obtained":["Injury"]},{"damage_healed":0,"gold_gain":0,"player_choice":"Box","damage_taken":0,"relics_obtained":["Oddly Smooth Stone"],"max_hp_gain":0,"max_hp_loss":0,"event_name":"Big Fish","floor":4,"gold_loss":0,"cards_obtained":["Regret"]},{"damage_healed":0,"gold_gain":0,"player_choice":"1 cards matched","damage_taken":0,"max_hp_gain":0,"max_hp_loss":0,"event_name":"Match and Keep!","floor":5,"gold_loss":0,"cards_obtained":["Night Terror"]},{"damage_healed":0,"gold_gain":0,"player_choice":"Ignored","damage_taken":0,"max_hp_gain":0,"max_hp_loss":0,"event_name":"Shining Light","floor":13,"gold_loss":0}],"is_beta":false,"boss_relics":[],"items_purged_floors":[],"is_endless":false,"potions_floor_spawned":[2,7,14],"killed_by":"Slime Boss","ascension_level":7}}