{"host":"6jrd8fn9k88n08be","time":1611111132,"event":{"mods":["BaseMod","Minty Spire (QoL Compilation)","StSLib"],"gold_per_floor":[113,113,123,147,161,196,196,229,300,330,330,330,116,131,131,227,227,247,247,69,69,87,116,116,38,91,106,131,131,166,266,266,369,369,387,609,609,628,628,659,659,692,770,407,407,439,458,458,458,458,458,458,38,63,63],"floor_reached":56,"language":"ENG","playtime":6227,"items_purged":["Defend_G","Defend_G","Strike_G+1","Strike_G+1"],"score":1518,"play_id":"2a0a6d07-efb7-466f-85c4-d3273426b674","local_time":"20210119215212","is_ascension_mode":true,"campfire_choices":[{"data":"Leg Sweep","floor":7,"key":"SMITH"},{"floor":12,"key":"REST"},{"data":"Survivor","floor":15,"key":"SMITH"},{"data":"Wraith Form v2","floor":24,"key":"SMITH"},{"floor":29,"key":"REST"},{"data":"Eviscerate","floor":32,"key":"SMITH"},{"floor":41,"key":"RECALL"},{"data":"Envenom","floor":49,"key":"SMITH"},{"floor":52,"key":"DIG"}],"circlet_count":0,"master_deck":["Strike_G+1","Strike_G+1","Defend_G+1","Defend_G+1","Defend_G+1","Survivor+1","Neutralize","CurseOfTheBell","Underhanded Strike","Escape Plan","Slice","Leg Sweep+1","Noxious Fumes","Prepared","Prepared","Escape Plan","Noxious Fumes","Blade Dance","Wraith Form v2+1","Prepared","Backflip","Quick Slash","Choke+1","Eviscerate+1","Blade Dance","A Thousand Cuts","Acrobatics+1","Expertise","Storm of Steel","Acrobatics+1","Envenom+1","Prepared+1","Madness","Madness","Storm of Steel","Dagger Throw+1"],"relics":["Calling Bell","Lantern","Ornamental Fan","Gambling Chip","Anchor","Omamori","Smiling Mask","White Beast Statue","Tingsha","HoveringKite","Tough Bandages","Regal Pillow","Red Mask","Oddly Smooth Stone","FossilizedHelix","Kunai","Cursed Key","Ninja Scroll","Du-Vu Doll","Shovel","Darkstone Periapt","Shuriken","Bottled Tornado","Mercury Hourglass"],"acts_visited":["Exordium","TheCity","TheBeyond","TheEnding"],"potions_floor_usage":[6,8,10,16,23,30,30,30,31,33,40,40,45,50,50,55,55,55],"damage_taken":[{"damage":0,"enemies":"2 Louse","floor":1,"turns":2},{"damage":0,"enemies":"Cultist","floor":3,"turns":3},{"damage":0,"enemies":"Small Slimes","floor":5,"turns":3},{"damage":20,"enemies":"Gremlin Nob","floor":6,"turns":5},{"damage":27,"enemies":"Lagavulin","floor":8,"turns":13},{"damage":5,"enemies":"3 Sentries","floor":10,"turns":8},{"damage":0,"enemies":"Blue Slaver","floor":14,"turns":2},{"damage":16,"enemies":"The Guardian","floor":16,"turns":9},{"damage":22,"enemies":"Spheric Guardian","floor":18,"turns":6},{"damage":3,"enemies":"3 Byrds","floor":22,"turns":3},{"damage":1,"enemies":"Book of Stabbing","floor":23,"turns":5},{"damage":0,"enemies":"Snecko","floor":27,"turns":3},{"damage":15,"enemies":"Masked Bandits","floor":28,"turns":4},{"damage":19,"enemies":"Slavers","floor":30,"turns":6},{"damage":0,"enemies":"Colosseum Slavers","floor":31,"turns":2},{"damage":10,"enemies":"Colosseum Nobs","floor":31,"turns":4},{"damage":9,"enemies":"Champ","floor":33,"turns":10},{"damage":5,"enemies":"3 Shapes","floor":35,"turns":3},{"damage":0,"enemies":"Orb Walker","floor":38,"turns":2},{"damage":0,"enemies":"Nemesis","floor":40,"turns":5},{"damage":9,"enemies":"Reptomancer","floor":42,"turns":5},{"damage":0,"enemies":"Transient","floor":45,"turns":2},{"damage":0,"enemies":"Giant Head","floor":46,"turns":6},{"damage":0,"enemies":"Sphere and 2 Shapes","floor":47,"turns":3},{"damage":27,"enemies":"Awakened One","floor":50,"turns":11},{"damage":0,"enemies":"Shield and Spear","floor":54,"turns":3},{"damage":37,"enemies":"The Heart","floor":55,"turns":8}],"seed_played":"-782067547663279323","potions_obtained":[{"floor":1,"key":"Swift Potion"},{"floor":2,"key":"LiquidMemories"},{"floor":2,"key":"SpeedPotion"},{"floor":10,"key":"EssenceOfSteel"},{"floor":14,"key":"LiquidBronze"},{"floor":16,"key":"FearPotion"},{"floor":18,"key":"Swift Potion"},{"floor":23,"key":"GhostInAJar"},{"floor":28,"key":"Block Potion"},{"floor":30,"key":"Poison Potion"},{"floor":31,"key":"Fire Potion"},{"floor":33,"key":"BlessingOfTheForge"},{"floor":35,"key":"Energy Potion"},{"floor":38,"key":"SmokeBomb"},{"floor":40,"key":"Dexterity Potion"},{"floor":42,"key":"SteroidPotion"},{"floor":46,"key":"SteroidPotion"},{"floor":47,"key":"Poison Potion"},{"floor":54,"key":"Weak Potion"}],"is_trial":false,"path_per_floor":["M","?","M","T","M","E","R","E","T","E","?","R","$","M","R","B",null,"M","?","$","?","M","E","R","$","T","M","?","R","E","?","R","B",null,"M","?","?","M","?","E","R","E","T","$","M","E","M","?","R","B",null,"R","$","E","B",null],"character_chosen":"THE_SILENT","items_purchased":["Prepared","Escape Plan","Noxious Fumes","Prepared","Backflip","Quick Slash","Eviscerate","Shovel","Bottled Tornado","LiquidMemories","Dexterity Potion"],"campfire_rested":2,"item_purchase_floors":[13,13,13,20,20,20,25,44,53,53,53],"current_hp_per_floor":[70,70,70,70,70,50,50,23,23,18,11,32,32,32,32,16,70,48,48,48,48,45,44,44,44,44,44,29,65,46,36,36,27,70,65,65,65,65,56,56,56,47,47,47,47,47,47,47,47,20,70,70,70,70,33],"gold":63,"neow_bonus":"BOSS_RELIC","is_daily":false,"chose_seed":false,"campfire_upgraded":5,"win_rate":0.0,"timestamp":1611111132,"path_taken":["M","?","?","?","M","E","R","E","T","E","?","R","?","?","R","BOSS","M","?","$","?","M","E","R","$","T","M","?","R","E","?","R","BOSS","M","?","?","?","?","E","R","E","T","$","M","E","M","?","R","BOSS","R","$","E","BOSS"],"items_purchased_type":["Card","Card","Card","Card","Card","Card","Card","Relic","Relic","Potion","Potion"],"build_version":"2020-12-22","purchased_purges":4,"victory":true,"max_hp_per_floor":[70,70,70,70,70,70,70,70,70,70,70,70,70,70,70,70,70,70,70,70,70,70,70,70,70,70,70,70,70,70,70,70,70,70,70,70,70,70,70,70,70,70,70,70,70,70,70,70,70,70,70,70,70,70,70],"card_choices":[{"not_picked":["Choke","Quick Slash"],"picked":"Underhanded Strike","floor":1},{"not_picked":["Dagger Throw","Expertise"],"picked":"Escape Plan","floor":3},{"not_picked":["Deflect","All Out Attack"],"picked":"Slice","floor":5},{"not_picked":["Blur","Flechettes"],"picked":"Leg Sweep","floor":6},{"not_picked":["PiercingWail","Flechettes"],"picked":"Noxious Fumes","floor":8},{"not_picked":["Finisher","Slice"],"picked":"Prepared","floor":10},{"not_picked":["Poisoned Stab","Flying Knee"],"picked":"Blade Dance","floor":14},{"not_picked":["Venomology","Die Die Die"],"picked":"Wraith Form v2","floor":16},{"not_picked":["Poisoned Stab","Bane"],"picked":"Caltrops","floor":18},{"not_picked":["Predator","Outmaneuver"],"picked":"Choke+1","floor":22},{"not_picked":["Dash","Deadly Poison","Bane"],"picked":"SKIP","floor":23},{"not_picked":["Infinite Blades","Dash+1"],"picked":"Blade Dance","floor":27},{"not_picked":["Dodge and Roll","Cloak And Dagger"],"picked":"A Thousand Cuts","floor":28},{"not_picked":["Skewer","Backflip"],"picked":"Acrobatics+1","floor":30},{"not_picked":["Distraction","Flechettes"],"picked":"Expertise","floor":31},{"not_picked":["Corpse Explosion","Venomology"],"picked":"Storm of Steel","floor":33},{"not_picked":["Quick Slash+1","Slice"],"picked":"Acrobatics+1","floor":35},{"not_picked":["Choke+1","Outmaneuver+1"],"picked":"Prepared+1","floor":38},{"not_picked":["Distraction","Choke","Deflect+1"],"picked":"SKIP","floor":40},{"not_picked":["Expertise","Riddle With Holes","Sucker Punch"],"picked":"SKIP","floor":42},{"not_picked":["Prepared+1","Caltrops+1"],"picked":"Storm of Steel","floor":46},{"not_picked":["Dagger Spray+1","Backstab"],"picked":"Dagger Throw+1","floor":47},{"not_picked":["Slice","Crippling Poison+1","Sucker Punch"],"picked":"SKIP","floor":54}],"player_experience":92146,"relics_obtained":[{"floor":0,"key":"Lantern"},{"floor":0,"key":"Ornamental Fan"},{"floor":0,"key":"Gambling Chip"},{"floor":4,"key":"Anchor"},{"floor":6,"key":"Omamori"},{"floor":8,"key":"Smiling Mask"},{"floor":9,"key":"White Beast Statue"},{"floor":10,"key":"Tingsha"},{"floor":23,"key":"Tough Bandages"},{"floor":26,"key":"Regal Pillow"},{"floor":28,"key":"Red Mask"},{"floor":30,"key":"Oddly Smooth Stone"},{"floor":31,"key":"FossilizedHelix"},{"floor":31,"key":"Kunai"},{"floor":40,"key":"Ninja Scroll"},{"floor":42,"key":"Du-Vu Doll"},{"floor":46,"key":"Darkstone Periapt"},{"floor":52,"key":"Shuriken"},{"floor":54,"key":"Mercury Hourglass"}],"event_choices":[{"damage_healed":0,"gold_gain":0,"player_choice":"Got Potions","damage_taken":0,"max_hp_gain":0,"max_hp_loss":0,"event_name":"Lab","floor":2,"gold_loss":0},{"cards_removed":["Strike_G"],"damage_healed":0,"gold_gain":0,"player_choice":"Card Removal","damage_taken":7,"max_hp_gain":0,"max_hp_loss":0,"event_name":"Golden Wing","floor":11,"gold_loss":0},{"damage_healed":0,"gold_gain":0,"player_choice":"Ignored","damage_taken":0,"max_hp_gain":0,"max_hp_loss":0,"event_name":"Vampires","floor":19,"gold_loss":0},{"damage_healed":0,"gold_gain":0,"player_choice":"Simplicity","damage_taken":0,"max_hp_gain":0,"max_hp_loss":0,"event_name":"Back to Basics","floor":21,"gold_loss":0,"cards_upgraded":["Strike_G","Strike_G","Strike_G","Strike_G","Defend_G","Defend_G","Defend_G"]},{"damage_healed":0,"gold_gain":0,"player_choice":"Fought Bandits","damage_taken":0,"max_hp_gain":0,"max_hp_loss":0,"event_name":"Masked Bandits","floor":28,"gold_loss":0},{"damage_healed":0,"gold_gain":0,"player_choice":"Fight","damage_taken":0,"max_hp_gain":0,"max_hp_loss":0,"event_name":"Colosseum","floor":31,"gold_loss":0},{"damage_healed":0,"gold_gain":0,"player_choice":"Fought Nobs","damage_taken":0,"max_hp_gain":0,"max_hp_loss":0,"event_name":"Colosseum","floor":31,"gold_loss":0},{"damage_healed":0,"gold_gain":222,"player_choice":"Wore Mask","damage_taken":0,"max_hp_gain":0,"max_hp_loss":0,"event_name":"Tomb of Lord Red Mask","floor":36,"gold_loss":0},{"damage_healed":0,"gold_gain":0,"player_choice":"1 cards matched","damage_taken":0,"max_hp_gain":0,"max_hp_loss":0,"event_name":"Match and Keep!","floor":37,"gold_loss":0,"cards_obtained":["Envenom"]},{"damage_healed":0,"gold_gain":0,"player_choice":"Embrace Madness","damage_taken":9,"max_hp_gain":0,"max_hp_loss":0,"event_name":"Winding Halls","floor":39,"gold_loss":0,"cards_obtained":["Madness","Madness"]},{"cards_removed":["Caltrops"],"damage_healed":0,"gold_gain":0,"player_choice":"Removed Power","damage_taken":0,"max_hp_gain":0,"max_hp_loss":0,"event_name":"Falling","floor":48,"gold_loss":0}],"is_beta":false,"boss_relics":[{"not_picked":["SacredBark","SlaversCollar"],"picked":"HoveringKite"},{"not_picked":["Runic Pyramid","Philosopher\u0027s Stone"],"picked":"Cursed Key"}],"items_purged_floors":[13,20,44,53],"is_endless":false,"potions_floor_spawned":[1,3,10,14,16,18,22,23,27,28,30,31,31,33,35,38,40,42,45,46,47,54],"ascension_level":2}}