{"host":"clgpak7dimivr1r3","time":1611145800,"event":{"mods":["BaseMod","Curses Come First","Minty Spire (QoL Compilation)","Say the Spire","StSLib"],"gold_per_floor":[118,137,137,152,171,171,200,150,173,208,208,222,239,16,16,116,116,134,162,77,87,87,87,97,124,124,138,166,186,221,33,33,137,137,152,163,385,385,29,61,61,88,142,171,185,185,208,208,208,208],"floor_reached":51,"language":"ENG","playtime":1961,"items_purged":["Strike_R"],"score":1276,"play_id":"613a4bb5-a10b-4e24-84c8-fac0339549be","local_time":"20210120153000","is_ascension_mode":true,"campfire_choices":[{"floor":6,"key":"REST"},{"floor":11,"key":"REST"},{"floor":15,"key":"REST"},{"floor":23,"key":"REST"},{"floor":32,"key":"REST"},{"floor":46,"key":"DIG"},{"floor":49,"key":"DIG"}],"circlet_count":0,"master_deck":["Strike_R+1","Strike_R+1","Strike_R+1","Defend_R+1","Defend_R+1","Defend_R+1","Defend_R+1","Bash+1","Cleave+1","Twin Strike+1","Heavy Blade+1","Pommel Strike+1","Impervious+1","Seeing Red+1","Carnage+1","Whirlwind+1","Immolate+1","Double Tap+1","Uppercut+1","Flex+1","Rage+1","Whirlwind+1","Cleave+1","Shrug It Off+1","Infernal Blade+1","Demon Form+1","Combust+1","Carnage+1","Immolate+1","Rage","Double Tap","Reckless Charge+1"],"relics":["Fusion Hammer","Potion Belt","Pen Nib","PreservedInsect","Mark of Pain","Red Mask","Self Forming Clay","WingedGreaves","Mummified Hand","Toy Ornithopter","Incense Burner","Red Skull","Runic Pyramid","Mark of the Bloom","Shovel","Bag of Marbles","Champion Belt","FossilizedHelix","Vajra","White Beast Statue","Question Card","Centennial Puzzle","Blood Vial"],"acts_visited":["Exordium","TheCity","TheBeyond"],"potions_floor_usage":[16,16,16,16,16,16,19,25,38,40,40,42,50,50],"damage_taken":[{"damage":4,"enemies":"Small Slimes","floor":1,"turns":3},{"damage":1,"enemies":"Jaw Worm","floor":2,"turns":4},{"damage":1,"enemies":"2 Louse","floor":4,"turns":3},{"damage":1,"enemies":"Looter","floor":5,"turns":2},{"damage":20,"enemies":"3 Sentries","floor":7,"turns":6},{"damage":20,"enemies":"Lagavulin","floor":10,"turns":6},{"damage":7,"enemies":"Exordium Wildlife","floor":12,"turns":3},{"damage":0,"enemies":"3 Louse","floor":13,"turns":3},{"damage":36,"enemies":"Hexaghost","floor":16,"turns":4},{"damage":2,"enemies":"Chosen","floor":18,"turns":3},{"damage":10,"enemies":"Masked Bandits","floor":19,"turns":3},{"damage":0,"enemies":"Spheric Guardian","floor":21,"turns":3},{"damage":7,"enemies":"Snake Plant","floor":24,"turns":2},{"damage":0,"enemies":"Gremlin Leader","floor":25,"turns":2},{"damage":0,"enemies":"Snecko","floor":27,"turns":3},{"damage":10,"enemies":"Book of Stabbing","floor":28,"turns":3},{"damage":0,"enemies":"Centurion and Healer","floor":29,"turns":3},{"damage":0,"enemies":"Slavers","floor":30,"turns":1},{"damage":26,"enemies":"Automaton","floor":33,"turns":6},{"damage":23,"enemies":"3 Darklings","floor":35,"turns":4},{"damage":1,"enemies":"Orb Walker","floor":36,"turns":3},{"damage":5,"enemies":"Giant Head","floor":40,"turns":4},{"damage":1,"enemies":"Nemesis","floor":42,"turns":3},{"damage":0,"enemies":"Giant Head","floor":44,"turns":4},{"damage":0,"enemies":"Transient","floor":45,"turns":5},{"damage":12,"enemies":"Donu and Deca","floor":50,"turns":4}],"seed_played":"1260686118301298715","potions_obtained":[{"floor":2,"key":"GamblersBrew"},{"floor":7,"key":"EntropicBrew"},{"floor":12,"key":"Fire Potion"},{"floor":16,"key":"Fire Potion"},{"floor":21,"key":"SkillPotion"},{"floor":24,"key":"SneckoOil"},{"floor":25,"key":"Energy Potion"},{"floor":28,"key":"FearPotion"},{"floor":30,"key":"SpeedPotion"},{"floor":40,"key":"Ancient Potion"},{"floor":45,"key":"GamblersBrew"}],"is_trial":false,"path_per_floor":["M","M","?","M","M","R","E","?","T","E","R","M","M","$","R","B",null,"M","?","?","M","?","R","M","E","T","M","E","M","E","$","R","B",null,"M","M","?","?","$","E","T","E","T","E","M","R","T","?","R","B",null],"character_chosen":"IRONCLAD","items_purchased":["Immolate","Carnage","Red Skull","Shovel","Rage"],"campfire_rested":5,"item_purchase_floors":[14,31,31,39,39],"current_hp_per_floor":[68,67,67,66,65,80,60,60,60,40,64,57,57,57,80,44,71,69,59,59,59,59,80,73,73,73,73,63,63,63,63,80,54,74,51,50,50,71,71,66,66,65,65,65,65,65,65,65,65,53],"gold":208,"neow_bonus":"BOSS_RELIC","is_daily":false,"chose_seed":false,"campfire_upgraded":0,"win_rate":0.0,"timestamp":1611145800,"path_taken":["M","M","?","M","M","R","E","?","T","E","R","M","M","?","R","BOSS","M","?","?","?","?","R","M","E","T","?","E","M","E","?","R","BOSS","M","M","?","?","$","E","?","E","T","E","M","R","?","?","R","BOSS"],"items_purchased_type":["Card","Card","Relic","Relic","Card"],"build_version":"2020-12-22","purchased_purges":1,"victory":true,"max_hp_per_floor":[80,80,80,80,80,80,80,80,80,80,80,80,80,80,80,80,80,80,80,80,80,80,80,80,80,80,80,80,80,80,80,80,80,80,80,80,80,80,80,80,80,80,80,80,80,80,80,80,80,80],"card_choices":[{"not_picked":["Anger","Seeing Red"],"picked":"Cleave","floor":1},{"not_picked":["Pummel","Clothesline"],"picked":"Twin Strike","floor":2},{"not_picked":["Anger","True Grit"],"picked":"Heavy Blade","floor":4},{"not_picked":["Armaments","True Grit"],"picked":"Pommel Strike","floor":5},{"not_picked":["Fire Breathing","Armaments"],"picked":"Impervious","floor":7},{"not_picked":["Dual Wield","Rupture"],"picked":"Seeing Red","floor":10},{"not_picked":["Heavy Blade","Havoc"],"picked":"Carnage","floor":12},{"not_picked":["Feel No Pain","Anger"],"picked":"Whirlwind","floor":13},{"not_picked":["Berserk","Fiend Fire"],"picked":"Double Tap","floor":16},{"not_picked":["Power Through","Clash+1"],"picked":"Uppercut","floor":18},{"not_picked":["Blood for Blood","Sever Soul"],"picked":"Flex","floor":19},{"not_picked":["Wild Strike","Armaments"],"picked":"Rage","floor":21},{"not_picked":["Feel No Pain","Dark Embrace"],"picked":"Whirlwind+1","floor":24},{"not_picked":["Warcry","Whirlwind+1"],"picked":"Cleave","floor":25},{"not_picked":["Spot Weakness","Burning Pact+1"],"picked":"Shrug It Off","floor":27},{"not_picked":["Entrench","Wild Strike"],"picked":"Infernal Blade","floor":28},{"not_picked":["Pommel Strike","Ghostly Armor"],"picked":"Demon Form","floor":29},{"not_picked":["Shrug It Off+1","Uppercut"],"picked":"Combust+1","floor":30},{"not_picked":["Brutality","Reaper"],"picked":"Immolate","floor":33},{"not_picked":["Clash+1","Shockwave+1","Clothesline"],"picked":"SKIP","floor":35},{"not_picked":["Dark Embrace","Shrug It Off+1","Flex"],"picked":"SKIP","floor":36},{"not_picked":["Exhume","Thunderclap+1","Iron Wave"],"picked":"SKIP","floor":40},{"not_picked":["Anger+1","True Grit+1"],"picked":"Double Tap","floor":42},{"not_picked":["Juggernaut","Clash"],"picked":"Reckless Charge+1","floor":44},{"not_picked":["Pommel Strike+1","Thunderclap","Iron Wave+1"],"picked":"SKIP","floor":45}],"player_experience":107984,"relics_obtained":[{"floor":7,"key":"Potion Belt"},{"floor":9,"key":"Pen Nib"},{"floor":10,"key":"PreservedInsect"},{"floor":19,"key":"Red Mask"},{"floor":25,"key":"WingedGreaves"},{"floor":26,"key":"Mummified Hand"},{"floor":28,"key":"Toy Ornithopter"},{"floor":30,"key":"Incense Burner"},{"floor":40,"key":"Bag of Marbles"},{"floor":41,"key":"Champion Belt"},{"floor":42,"key":"FossilizedHelix"},{"floor":43,"key":"Vajra"},{"floor":44,"key":"White Beast Statue"},{"floor":46,"key":"Question Card"},{"floor":47,"key":"Centennial Puzzle"},{"floor":49,"key":"Blood Vial"}],"event_choices":[{"damage_healed":0,"gold_gain":0,"player_choice":"Ignored","damage_taken":0,"max_hp_gain":0,"max_hp_loss":0,"event_name":"Liars Game","floor":3,"gold_loss":0},{"cards_removed":["Strike_R"],"damage_healed":0,"gold_gain":0,"player_choice":"Card Removal","damage_taken":0,"max_hp_gain":0,"max_hp_loss":0,"event_name":"The Cleric","floor":8,"gold_loss":50},{"damage_healed":0,"gold_gain":0,"player_choice":"Fought Bandits","damage_taken":0,"max_hp_gain":0,"max_hp_loss":0,"event_name":"Masked Bandits","floor":19,"gold_loss":0},{"damage_healed":0,"gold_gain":0,"player_choice":"Obtained Relic","damage_taken":0,"relics_obtained":["Self Forming Clay"],"max_hp_gain":0,"max_hp_loss":0,"event_name":"Addict","floor":20,"gold_loss":85},{"damage_healed":0,"gold_gain":0,"player_choice":"Upgraded","damage_taken":0,"max_hp_gain":0,"max_hp_loss":0,"event_name":"Upgrade Shrine","floor":22,"gold_loss":0,"cards_upgraded":["Double Tap"]},{"damage_healed":0,"gold_gain":222,"player_choice":"Wore Mask","damage_taken":0,"max_hp_gain":0,"max_hp_loss":0,"event_name":"Tomb of Lord Red Mask","floor":37,"gold_loss":0},{"damage_healed":0,"gold_gain":0,"player_choice":"Upgrade","damage_taken":0,"relics_obtained":["Mark of the Bloom"],"max_hp_gain":0,"max_hp_loss":0,"event_name":"MindBloom","floor":38,"gold_loss":0,"cards_upgraded":["Strike_R","Strike_R","Strike_R","Defend_R","Defend_R","Defend_R","Defend_R","Bash","Cleave","Twin Strike","Heavy Blade","Pommel Strike","Impervious","Seeing Red","Carnage","Whirlwind","Immolate","Uppercut","Flex","Rage","Cleave","Shrug It Off","Infernal Blade","Demon Form","Carnage","Immolate"]},{"damage_healed":0,"gold_gain":0,"player_choice":"Memory 1","damage_taken":0,"max_hp_gain":0,"max_hp_loss":0,"event_name":"SensoryStone","floor":48,"gold_loss":0}],"is_beta":false,"boss_relics":[{"not_picked":["SacredBark","Runic Cube"],"picked":"Mark of Pain"},{"not_picked":["Calling Bell","Philosopher\u0027s Stone"],"picked":"Runic Pyramid"}],"items_purged_floors":[14],"is_endless":false,"potions_floor_spawned":[2,7,12,16,21,24,25,28,30,33,36,40,45],"ascension_level":9}}