{"host":"snn1c4qsf0fj7fzf","time":1611146209,"event":{"mods":["AchievementEnabler","Act Like it!","Aspiration","Astrologer","Bard","Bartender","BaseMod","Colored Powertips","Energized Spire","Gensokyo","Gremlin Mod","Hallownest","Hermit","HololiveMod","Hubris","Infinite Spire","Lobotomy","LobotomyExtend","Marisa????????","Minty Spire (QoL Compilation)","Random Character Button","Rare Cards Sparkle","Reimu??????","Replay The Spire","Shop Mod","StSLib","The Animator","The Bug Knight","The Cursed","The Gatherer","The Hierophant","The Poker Player","Wandering Minibosses"],"gold_per_floor":[109,109,129,59,59,59,59],"floor_reached":6,"language":"ENG","playtime":658,"items_purged":[],"score":36,"play_id":"c999b32d-1323-4206-b733-9bdab99131ad","local_time":"20210120203649","is_ascension_mode":true,"campfire_choices":[],"circlet_count":0,"master_deck":["Strike_G","Strike_G","Strike_G","Strike_G","Strike_G","Defend_G","Defend_G","Defend_G","Defend_G","Survivor","Neutralize","Prepared","Prepared"],"relics":["Ring of the Snake","aspiration:Nostalgia","Replay:M_StaffOfTheSnake","LetterFromLob","Hallownest:StagBellRelic1","RuthlessExorcism:ReiMu"],"acts_visited":["Hallownest:Greenpath"],"potions_floor_usage":[],"damage_taken":[{"damage":5,"enemies":"Hallownest:monsterHuskGuard","floor":1,"turns":5},{"damage":0,"enemies":"Hallownest:monsterHuskWarrior","floor":3,"turns":5},{"damage":25,"enemies":"Hallownest:eliteMossKnight","floor":6,"turns":17}],"seed_played":"-4458749506479601991","potions_obtained":[],"is_trial":false,"path_per_floor":["M","?","M","?","T","E"],"character_chosen":"THE_SILENT","items_purchased":[],"campfire_rested":0,"item_purchase_floors":[],"current_hp_per_floor":[65,65,65,65,65,40,40],"gold":59,"neow_bonus":"NOSTALGIA","is_daily":false,"chose_seed":false,"campfire_upgraded":0,"win_rate":0.0,"timestamp":1611146209,"path_taken":["M","?","M","?","?","E"],"items_purchased_type":[],"build_version":"2020-12-22","purchased_purges":0,"victory":false,"max_hp_per_floor":[70,70,70,70,70,70,70],"card_choices":[{"not_picked":["hubris:SlightOfHand","All Out Attack"],"picked":"Prepared","floor":1},{"not_picked":["Riddle With Holes","Cloak And Dagger"],"picked":"Prepared","floor":3}],"player_experience":336942,"relics_obtained":[{"floor":1,"key":"LetterFromLob"},{"floor":5,"key":"RuthlessExorcism:ReiMu"}],"event_choices":[],"is_beta":false,"boss_relics":[],"items_purged_floors":[],"is_endless":false,"potions_floor_spawned":[],"killed_by":"Hallownest:eliteMossKnight","ascension_level":1}}