{"host":"ao4lxi9bhtts409i","time":1611105117,"event":{"mods":["AchievementEnabler","BaseMod","Colored Map","Colored Powertips","Minty Spire (QoL Compilation)","SuperFastMode"],"gold_per_floor":[112,122,139,151,131,165,182,217,269,79,98,108,108,126,126,228,228,242,63,63,82,82,82,82],"floor_reached":23,"language":"ENG","playtime":1441,"items_purged":["Strike_P","Strike_P"],"score":310,"play_id":"3948861f-3cb7-4c42-b636-bc71a77fe3e6","local_time":"20210120021157","is_ascension_mode":true,"campfire_choices":[{"data":"Prostrate","floor":13,"key":"SMITH"},{"floor":15,"key":"REST"}],"circlet_count":0,"master_deck":["Strike_P+1","Strike_P+1","Defend_P","Defend_P","Defend_P","Defend_P+1","Eruption","Vigilance","Judgement","TalkToTheHand","EmptyBody","DeceiveReality+1","Crescendo","LessonLearned","Conclude","Tantrum","Wireheading","Protect","Prostrate+1","DeceiveReality","InnerPeace","Alpha","CutThroughFate","Wireheading","TalkToTheHand","Adaptation"],"relics":["PureWater","PreservedInsect","Potion Belt","Damaru","Snecko Eye"],"acts_visited":["Exordium","TheCity"],"potions_floor_usage":[6,8,8,12,21,22,23],"damage_taken":[{"damage":0,"enemies":"Cultist","floor":1,"turns":3},{"damage":9,"enemies":"Small Slimes","floor":2,"turns":3},{"damage":2,"enemies":"Jaw Worm","floor":3,"turns":3},{"damage":34,"enemies":"Large Slime","floor":4,"turns":13},{"damage":0,"enemies":"Gremlin Nob","floor":6,"turns":2},{"damage":17,"enemies":"Looter","floor":7,"turns":3},{"damage":1,"enemies":"3 Sentries","floor":8,"turns":2},{"damage":0,"enemies":"Exordium Wildlife","floor":11,"turns":5},{"damage":0,"enemies":"2 Fungi Beasts","floor":12,"turns":3},{"damage":6,"enemies":"Lots of Slimes","floor":14,"turns":7},{"damage":0,"enemies":"Slime Boss","floor":16,"turns":7},{"damage":12,"enemies":"Shell Parasite","floor":18,"turns":5},{"damage":26,"enemies":"2 Thieves","floor":21,"turns":4},{"damage":0,"enemies":"Snake Plant","floor":22,"turns":2},{"damage":38,"enemies":"Slavers","floor":23,"turns":4}],"seed_played":"2218048533284504461","potions_obtained":[{"floor":1,"key":"Swift Potion"},{"floor":2,"key":"Fire Potion"},{"floor":5,"key":"SmokeBomb"},{"floor":7,"key":"Energy Potion"},{"floor":11,"key":"Swift Potion"},{"floor":14,"key":"GamblersBrew"},{"floor":16,"key":"LiquidBronze"}],"is_trial":false,"path_per_floor":["M","M","M","M","?","E","M","E","T","$","M","M","R","M","R","B",null,"M","$","?","M","M","E"],"character_chosen":"WATCHER","items_purchased":["Wireheading","Protect","Wireheading"],"campfire_rested":1,"item_purchase_floors":[10,10,19],"current_hp_per_floor":[72,63,61,27,27,27,10,9,9,9,9,9,9,3,24,24,72,60,60,60,34,34,0,0],"gold":82,"neow_bonus":"ONE_RANDOM_RARE_CARD","is_daily":false,"chose_seed":false,"campfire_upgraded":1,"win_rate":0.0,"timestamp":1611105117,"path_taken":["M","M","M","M","?","E","M","E","T","?","M","?","R","M","R","BOSS","M","$","?","?","?","E"],"items_purchased_type":["Card","Card","Card"],"build_version":"2020-12-22","purchased_purges":2,"victory":false,"max_hp_per_floor":[72,72,72,72,72,72,72,72,72,72,72,72,72,72,72,72,72,72,72,72,72,72,72,72],"card_choices":[{"not_picked":["CutThroughFate","CrushJoints"],"picked":"TalkToTheHand","floor":1},{"not_picked":["JustLucky","FollowUp"],"picked":"EmptyBody","floor":2},{"not_picked":["SandsOfTime","Adaptation"],"picked":"DeceiveReality","floor":3},{"not_picked":["JustLucky","CutThroughFate"],"picked":"Crescendo","floor":4},{"not_picked":["Study","Evaluate"],"picked":"LessonLearned","floor":6},{"not_picked":["SandsOfTime","Crescendo"],"picked":"Conclude","floor":7},{"not_picked":["Indignation","Fasting2"],"picked":"Tantrum","floor":8},{"not_picked":["Halt","EmptyFist"],"picked":"Prostrate","floor":11},{"not_picked":["Collect","EmptyBody"],"picked":"DeceiveReality","floor":12},{"not_picked":["BowlingBash","Sanctity"],"picked":"InnerPeace","floor":14},{"not_picked":["ConjureBlade","Blasphemy"],"picked":"Alpha","floor":16},{"not_picked":["FlurryOfBlows","MentalFortress+1"],"picked":"CutThroughFate","floor":18},{"not_picked":["Prostrate","Crescendo+1"],"picked":"Adaptation","floor":21}],"player_experience":209224,"relics_obtained":[{"floor":6,"key":"PreservedInsect"},{"floor":8,"key":"Potion Belt"},{"floor":9,"key":"Damaru"}],"event_choices":[{"damage_healed":0,"gold_gain":0,"player_choice":"Bought 1 Potion","damage_taken":0,"max_hp_gain":0,"max_hp_loss":0,"event_name":"The Woman in Blue","floor":5,"gold_loss":0},{"damage_healed":0,"gold_gain":0,"player_choice":"Copied","damage_taken":0,"max_hp_gain":0,"max_hp_loss":0,"event_name":"Duplicator","floor":20,"gold_loss":0,"cards_obtained":["TalkToTheHand"]}],"is_beta":false,"boss_relics":[{"not_picked":["Empty Cage","Pandora\u0027s Box"],"picked":"Snecko Eye"}],"items_purged_floors":[10,19],"is_endless":false,"potions_floor_spawned":[1,2,7,11,14,16,22],"killed_by":"Slavers","ascension_level":2}}