{"host":"px2oznrenyeljk7o","time":1611179178,"event":{"mods":["100% Spire Juice","A Magickal Journey","AchievementEnabler","Arknights The Spire","BaseMod","Better Altar","Better Match","Better Note","Better Sensory Stone","Better Third Choice","ChefMod","Colored Map","Conspire","Curses Come First","Evolution","GifTheSpireLib","GungeonMod","Hermit","KinomotoSakuraMod(????)","Koishi","Lobotomy","LobotomyExtend","Marisa????????","Minty Spire (QoL Compilation)","Nova Terra(??·??)","Poor People Problems","Potionbrewer","Random Character Button","Rare Cards Sparkle","Reimu??????","Replay The Spire","Robot Space Explorer","Small Relic Pack","Somnambulant","Spicy Shops","StSLib","Stuff the Spire","The Administrix","The Alterego","The Animator","The Blackbeard","The Blue Laboratory","The Bug Knight","The Construct","The Cursed","The Disciple","The Gatherer","The Hayseed","The Hierophant","The Jungle","The Marked","The Runesmith","TheWitcher","Yakumo Yukari mod","Yuri Mod","everything is the same but u backflip on backflip","slay the spire mod where everything is the same but ironclad has a cowboy hat","??????REMEMod"],"gold_per_floor":[114,114,131,131,141,141,168,168,219,219,239,239,270,170,170,309,309,334,334,351,395,410,410,448,373,400,400,422,441,441,441,441,461,461],"floor_reached":33,"language":"ENG","playtime":4059,"items_purged":[],"score":275,"play_id":"c5d7ab9e-d031-4b55-9f67-5697952e9898","local_time":"20210120224618","is_ascension_mode":false,"campfire_choices":[{"floor":6,"key":"REST"},{"floor":8,"key":"REST"},{"floor":12,"key":"RECALL"},{"floor":15,"key":"REST"},{"floor":23,"key":"REST"},{"floor":27,"key":"REST"},{"floor":32,"key":"REST"}],"circlet_count":0,"master_deck":["potionbrewer:PotionbrewerStrike","potionbrewer:PotionbrewerStrike","potionbrewer:PotionbrewerDefend","potionbrewer:PotionbrewerDefend","potionbrewer:PotionbrewerDefend","potionbrewer:PotionbrewerDefend","potionbrewer:Collect+1","potionbrewer:ChemicalSpill","theMarked:MuscleMemory","potionbrewer:QuickStep","potionbrewer:IronFist+1","potionbrewer:PortableLab","potionbrewer:Refill","potionbrewer:AcidCloud","potionbrewer:QuickStep","conspire:SpireCoStock","conspire:SpireCoStock","potionbrewer:IronFlesh","potionbrewer:Smack+1","Dramatic Entrance+1","potionbrewer:AnotherRound","potionbrewer:EmptyBottle","potionbrewer:OneTwoPunch","potionbrewer:Shovel","potionbrewer:Experimentation","potionbrewer:TimeBomb+1","Crow Ritual","potionbrewer:BeatDown"],"relics":["potionbrewer:PotionKit","EVO:Axolotl","REME_ComplimentaryCards","LetterFromLob","StuffTheSpire:DarkSteelAnvil","Boot","DemoMod:MonsterBlood","StuffTheSpire:Rhapsscallions"],"acts_visited":["Exordium","TheCity"],"potions_floor_usage":[3,5,7,7,11,13,13,13,13,13,16,16,18,18,20,21,21,22,22,24,24,24,24,28,28,29,29,29,30,33,33],"damage_taken":[{"damage":2,"enemies":"Small Slimes","floor":1,"turns":4},{"damage":1,"enemies":"Jaw Worm","floor":3,"turns":3},{"damage":0,"enemies":"Cultist","floor":5,"turns":3},{"damage":21,"enemies":"3 Sentries","floor":7,"turns":10},{"damage":0,"enemies":"Blue Slaver","floor":11,"turns":4},{"damage":23,"enemies":"Gremlin Nob","floor":13,"turns":5},{"damage":73,"enemies":"Hexaghost","floor":16,"turns":12},{"damage":12,"enemies":"Shell Parasite","floor":18,"turns":13},{"damage":12,"enemies":"2 Thieves","floor":20,"turns":4},{"damage":0,"enemies":"Snecko","floor":21,"turns":7},{"damage":3,"enemies":"Snake Plant","floor":22,"turns":4},{"damage":53,"enemies":"Gremlin Leader","floor":24,"turns":8},{"damage":18,"enemies":"Shelled Parasite and Fungi","floor":28,"turns":5},{"damage":11,"enemies":"Snecko","floor":29,"turns":7},{"damage":59,"enemies":"Pondfish","floor":33,"turns":6}],"seed_played":"3911328088944681736","potions_obtained":[{"floor":3,"key":"Strength Potion"},{"floor":7,"key":"Adrenaline Potion"},{"floor":11,"key":"EssenceOfSteel"},{"floor":20,"key":"Block Potion"},{"floor":21,"key":"blueLaboratory:NullPotion"},{"floor":22,"key":"DemoMod:LeadSkinPotion"},{"floor":28,"key":"SteroidPotion"}],"is_trial":false,"path_per_floor":["M","?","M","?","M","R","E","R","T","M","M","R","E","?","R","B",null,"M","?","M","M","M","R","E","?","T","R","M","M","$","?","R","B"],"character_chosen":"POTIONBREWER","items_purchased":["Crow Ritual","potionbrewer:BeatDown"],"campfire_rested":6,"item_purchase_floors":[30,30],"current_hp_per_floor":[78,78,77,77,77,80,59,80,80,80,80,80,64,64,87,14,87,75,75,63,63,60,86,35,35,35,61,43,32,32,32,58,0,0],"gold":461,"neow_bonus":"RANDOM_EVENT","is_daily":false,"chose_seed":false,"campfire_upgraded":0,"win_rate":0.0,"timestamp":1611179178,"path_taken":["M","?","M","?","M","R","E","R","T","M","M","R","E","?","R","BOSS","M","?","M","M","M","R","E","?","T","R","M","M","$","?","R","BOSS"],"items_purchased_type":["Card","Card"],"build_version":"2020-12-22","purchased_purges":0,"victory":false,"max_hp_per_floor":[80,80,80,80,80,80,80,80,80,80,80,80,87,87,87,87,87,87,87,87,87,87,87,89,89,89,89,89,89,89,89,89,89,89],"card_choices":[{"not_picked":["potionbrewer:FlareUp","potionbrewer:Contingency"],"picked":"potionbrewer:QuickStep","floor":1},{"not_picked":["potionbrewer:CrossReference","potionbrewer:DigDeep"],"picked":"potionbrewer:IronFist","floor":3},{"not_picked":["potionbrewer:VolatileSolution","potionbrewer:ChemicalRage"],"picked":"potionbrewer:PortableLab","floor":5},{"not_picked":["potionbrewer:ChemicalShroud","potionbrewer:UnstableFormula"],"picked":"potionbrewer:Refill","floor":7},{"not_picked":["potionbrewer:OneTwoPunch","potionbrewer:UnstableFormula"],"picked":"potionbrewer:AcidCloud","floor":11},{"not_picked":["potionbrewer:ExplosiveReaction","potionbrewer:BlindingSpray"],"picked":"potionbrewer:QuickStep","floor":13},{"not_picked":["potionbrewer:PotentialEnergy","potionbrewer:EquivalentExchange"],"picked":"potionbrewer:IronFlesh","floor":16},{"not_picked":["potionbrewer:FortifiedSerum+1","potionbrewer:LabJournal"],"picked":"potionbrewer:Smack+1","floor":18},{"not_picked":["potionbrewer:DigDeep","potionbrewer:FortifiedSerum+1"],"picked":"potionbrewer:AnotherRound","floor":20},{"not_picked":["potionbrewer:Backhand","potionbrewer:UnstableFormula"],"picked":"potionbrewer:EmptyBottle","floor":21},{"not_picked":["potionbrewer:Contingency","potionbrewer:TimeBomb"],"picked":"potionbrewer:OneTwoPunch","floor":22},{"not_picked":["potionbrewer:TestFormula","potionbrewer:WizBang"],"picked":"potionbrewer:Shovel","floor":24},{"not_picked":["potionbrewer:Smack+1","potionbrewer:Discombobulate"],"picked":"potionbrewer:Experimentation","floor":28},{"not_picked":["potionbrewer:Spark","potionbrewer:LeftoverSpecimen"],"picked":"potionbrewer:TimeBomb+1","floor":29}],"player_experience":500434,"relics_obtained":[{"floor":1,"key":"LetterFromLob"},{"floor":7,"key":"StuffTheSpire:DarkSteelAnvil"},{"floor":9,"key":"Boot"},{"floor":13,"key":"DemoMod:MonsterBlood"},{"floor":24,"key":"StuffTheSpire:Rhapsscallions"}],"event_choices":[{"damage_healed":0,"gold_gain":0,"player_choice":"Donut","damage_taken":0,"max_hp_gain":5,"max_hp_loss":0,"event_name":"Big Fish","floor":0,"gold_loss":0},{"damage_healed":0,"gold_gain":0,"player_choice":"Grow","damage_taken":0,"max_hp_gain":0,"max_hp_loss":0,"event_name":"Living Wall","floor":4,"gold_loss":0,"cards_upgraded":["potionbrewer:Collect"]},{"damage_healed":0,"gold_gain":0,"player_choice":"Invest 2","damage_taken":0,"max_hp_gain":0,"max_hp_loss":0,"event_name":"conspire:Investor","floor":14,"gold_loss":0},{"cards_removed":["potionbrewer:IronFlesh"],"damage_healed":0,"gold_gain":0,"player_choice":"Take \u0026 Give","damage_taken":0,"max_hp_gain":0,"max_hp_loss":0,"event_name":"betterNote:BetterNote","floor":19,"gold_loss":0,"cards_obtained":["Dramatic Entrance"]},{"cards_removed":["potionbrewer:PotionbrewerStrike"],"damage_healed":0,"gold_gain":0,"player_choice":"Gave Gold","damage_taken":0,"max_hp_gain":0,"max_hp_loss":0,"event_name":"Beggar","floor":25,"gold_loss":75},{"damage_healed":0,"gold_gain":0,"player_choice":"Ignored","damage_taken":0,"max_hp_gain":0,"max_hp_loss":0,"event_name":"blackbeard:ShipwreckEvent","floor":31,"gold_loss":0}],"is_beta":false,"boss_relics":[{"not_picked":["Runic Dome","Honey Jar","Ectoplasm"]}],"items_purged_floors":[],"is_endless":false,"potions_floor_spawned":[3,7,11,20,21,22,28],"killed_by":"Pondfish","ascension_level":0}}