{"host":"3rg09hpez9dvrrmz","time":1611181507,"event":{"mods":["Ascension Reborn","BaseMod","Beaked The Cultist","Better Altar","Better Match","Better Note","Better Sensory Stone","Better Skull","Better Third Choice","BetterRewards","Colored Map","Downfall","Hubris","Infinite Spire","Minty Spire (QoL Compilation)","StSLib"],"gold_per_floor":[0,12,23,8,8,8,33,48,48,65,65,50,50,50,50],"floor_reached":13,"language":"ENG","playtime":1022,"items_purged":[],"score":73,"play_id":"8a81179d-eef2-4f9f-987f-1f114ce2349e","local_time":"20210120172507","is_ascension_mode":true,"campfire_choices":[{"data":"Slimebound:MassRepurpose","floor":1,"key":"SMITH"}],"circlet_count":0,"master_deck":["Slimebound:Strike_Slimebound","Slimebound:Strike_Slimebound","Slimebound:Tackle","Slimebound:Defend_Slimebound","Slimebound:Defend_Slimebound","Slimebound:Defend_Slimebound","Slimebound:Split","Slimebound:CorrosiveSpit","Slimebound:MassRepurpose+1","Slimebound:SplitAcid","Slimebound:RainOfGoop","Slimebound:LevelUp","Slimebound:LeadByExample","Slimebound:Prepare","Parasite","Slimebound:Repurpose","Slimebound:ViciousTackle"],"relics":["Slimebound:AbsorbEndCombat","hubris:Icosahedron","hubris:Towel","hubris:OldNail"],"acts_visited":["Exordium"],"potions_floor_usage":[],"damage_taken":[{"damage":13,"enemies":"Small Slimes","floor":2,"turns":2},{"damage":5,"enemies":"2 Louse","floor":3,"turns":2},{"damage":8,"enemies":"downfall:FleeingMerchant","floor":4,"turns":4},{"damage":6,"enemies":"Jaw Worm","floor":8,"turns":3},{"damage":15,"enemies":"Exordium Wildlife","floor":10,"turns":4},{"damage":15,"enemies":"downfall:FleeingMerchant","floor":12,"turns":4},{"damage":84,"enemies":"Gremlin Nob","floor":13,"turns":4}],"seed_played":"-1414335351760778003","potions_obtained":[{"floor":2,"key":"Slimebound:SlimedPotion"},{"floor":3,"key":"Guardian:BlockOnCardUsePotion"}],"is_trial":false,"path_per_floor":["R","M","M","$","?","?","T","M","?","M","?","$","E"],"character_chosen":"SLIMEBOUND","items_purchased":[],"campfire_rested":0,"item_purchase_floors":[],"current_hp_per_floor":[65,54,53,49,49,49,49,45,61,50,65,54,0,0,0],"gold":50,"neow_bonus":"TRANSFORM_TWO_CARDS","is_daily":false,"chose_seed":false,"campfire_upgraded":1,"win_rate":0.0,"timestamp":1611181507,"path_taken":["R","M","M","$","?","?","T","M","?","?","?","?","E"],"items_purchased_type":[],"build_version":"2020-12-22","purchased_purges":0,"victory":false,"max_hp_per_floor":[65,65,65,65,65,65,65,65,65,65,65,65,65,65,65],"card_choices":[{"not_picked":["Slimebound:FinishingTackle","Slimebound:SpikyOuterGoop"],"picked":"Slimebound:RainOfGoop","floor":2},{"not_picked":["Slimebound:DisruptingSlam","Slimebound:LivingWall"],"picked":"Slimebound:LevelUp","floor":3},{"not_picked":["Slimebound:ComboTackle","Slimebound:DisruptingSlam"],"picked":"Slimebound:LeadByExample","floor":4},{"not_picked":["Slimebound:Chomp","Slimebound:MegaLick"],"picked":"Slimebound:Prepare","floor":8},{"not_picked":["Slimebound:MegaLick","Slimebound:GrowthPunch"],"picked":"Slimebound:Repurpose","floor":10},{"not_picked":["Slimebound:SlimeBrawl","Slimebound:Gluttony"],"picked":"Slimebound:ViciousTackle","floor":12}],"player_experience":247420,"relics_obtained":[{"floor":7,"key":"hubris:OldNail"}],"event_choices":[{"damage_healed":16,"gold_gain":0,"player_choice":"Healed and dodged fight","damage_taken":0,"max_hp_gain":0,"max_hp_loss":0,"event_name":"Mushrooms","floor":9,"gold_loss":0,"cards_obtained":["Parasite"]},{"damage_healed":21,"gold_gain":0,"player_choice":"Banana","damage_taken":0,"max_hp_gain":0,"max_hp_loss":0,"event_name":"Big Fish","floor":11,"gold_loss":0}],"is_beta":false,"boss_relics":[],"items_purged_floors":[],"is_endless":false,"potions_floor_spawned":[2,3,8],"killed_by":"Gremlin Nob","ascension_level":0}}