{"host":"4rvk26w7t08d5zdj","time":1611123993,"event":{"mods":["AchievementEnabler","BaseMod","Colored Powertips","Conspire","Energized Spire","GifTheSpireLib","Minty Spire (QoL Compilation)","Rare Cards Sparkle","StSLib","The Animator","The Blue Laboratory"],"gold_per_floor":[116,127,127,152,171,171,203,203,203,203,203,221,69,85,85,184,184,204,204,224,224,251,285,285,4,4,4,26,43,43,70,70,172,172,201,268,268,282,282,282,326,326,378,428,445,445,445,457,457,457],"floor_reached":51,"language":"ENG","playtime":4303,"items_purged":[],"score":667,"play_id":"37238daf-8206-42c3-87d7-e643c2fd1b16","local_time":"20210119222633","is_ascension_mode":false,"campfire_choices":[{"data":"animator:LeleiLaLalena","floor":6.0,"key":"SMITH"},{"data":"animator:MumenRider","floor":8,"key":"SMITH"},{"floor":11,"key":"REST"},{"data":"animator:YaoHaDucy","floor":15,"key":"SMITH"},{"data":"animator:YuiTsuruno","floor":24,"key":"SMITH"},{"data":"animator:YachiyoNanami","floor":27,"key":"SMITH"},{"data":"animator:Priestess","floor":32,"key":"SMITH"},{"data":"animator:Ainz","floor":40,"key":"SMITH"},{"data":"animator:MadokaKaname","floor":42,"key":"SMITH"},{"data":"animator:Caster","floor":46,"key":"SMITH"},{"data":"animator:Hibiki","floor":49,"key":"SMITH"}],"circlet_count":0,"master_deck":["animator:Strike_MadokaMagica","animator:Defend_MadokaMagica","animator:Strike","animator:Strike","animator:Strike","animator:Defend","animator:Defend","animator:Defend","animator:IrohaTamaki","animator:YuiTsuruno+1","animator:MumenRider+1","animator:LeleiLaLalena+1","animator:KyokoSakura+1","animator:MamiTomoe+1","animator:NarberalGamma","animator:YaoHaDucy+1","animator:PinaCoLada","animator:IrohaTamaki","animator:PinaCoLada","animator:Arpeggio","animator:PandorasActor+1","animator:Caster+1","animator:RinTohsaka+1","animator:YachiyoNanami+1","animator:Priestess+1","animator:NagisaMomoe","animator:DwarfShaman","animator:MadokaKaname+1","animator:ChaikaBohdan","animator:EmiyaShirou","animator:Ainz+1","Writhe","animator:SayakaMiki","animator:Archer","animator:Saitama","animator:Hibiki+1","animator:Arpeggio+1"],"relics":["animator:VividPicture","animator:TheMissingPiece","HornCleat","Potion Belt","Eternal Feather","Toy Ornithopter","DataDisk","animator:HeavyHalberd","Regal Pillow","conspire:RoyalGoblet","animator:AlchemistGlove","Centennial Puzzle","animator:HallowedScabbard"],"acts_visited":["Exordium","TheCity","TheBeyond"],"potions_floor_usage":[7,18,23,33,36,36,45,50,50,50],"damage_taken":[{"damage":0.0,"enemies":"Jaw Worm","floor":1.0,"turns":4.0},{"damage":8.0,"enemies":"Cultist","floor":2.0,"turns":5.0},{"damage":3.0,"enemies":"2 Louse","floor":4.0,"turns":3.0},{"damage":1.0,"enemies":"Blue Slaver","floor":5.0,"turns":3.0},{"damage":13,"enemies":"Lagavulin","floor":7,"turns":6},{"damage":0,"enemies":"Looter","floor":12,"turns":3},{"damage":0,"enemies":"Exordium Wildlife","floor":14,"turns":4},{"damage":17,"enemies":"Slime Boss","floor":16,"turns":6},{"damage":0,"enemies":"2 Thieves","floor":18,"turns":3},{"damage":1,"enemies":"conspire:FuzzyDice","floor":20,"turns":4},{"damage":6,"enemies":"Snake Plant","floor":22,"turns":4},{"damage":7,"enemies":"Gremlin Leader","floor":23,"turns":7},{"damage":7,"enemies":"Shelled Parasite and Fungi","floor":28,"turns":6},{"damage":15,"enemies":"3 Cultists","floor":29,"turns":5},{"damage":30,"enemies":"Automaton","floor":33,"turns":9},{"damage":7,"enemies":"3 Darklings","floor":35,"turns":6},{"damage":36,"enemies":"2 Orb Walkers","floor":36,"turns":6},{"damage":1,"enemies":"3 Shapes","floor":38,"turns":6},{"damage":13,"enemies":"Sphere and 2 Shapes","floor":41,"turns":9},{"damage":5,"enemies":"Mind Bloom Boss Battle","floor":44,"turns":9},{"damage":14,"enemies":"3 Darklings","floor":45,"turns":6},{"damage":26,"enemies":"Jaw Worm Horde","floor":48,"turns":6},{"damage":132,"enemies":"Donu and Deca","floor":50,"turns":14}],"seed_played":"1703697636959638927","potions_obtained":[{"floor":0.0,"key":"CultistPotion"},{"floor":0.0,"key":"blueLaboratory:BubblePotion"},{"floor":0.0,"key":"blueLaboratory:FruitPreserves"},{"floor":2.0,"key":"blueLaboratory:BottleOfRum"},{"floor":5.0,"key":"SkillPotion"},{"floor":16,"key":"blueLaboratory:LouseDecoction"},{"floor":18,"key":"blueLaboratory:TrueEctoplasm"},{"floor":22,"key":"Swift Potion"},{"floor":29,"key":"Swift Potion"},{"floor":35,"key":"blueLaboratory:HummingbirdPotion"},{"floor":41,"key":"animator:FalseLifePotion"},{"floor":44,"key":"Regen Potion"},{"floor":45,"key":"LiquidMemories"}],"is_trial":false,"path_per_floor":["M","M","?","M","M","R","E","R","T","?","R","M","$","M","R","B",null,"M","?","M","?","M","E","R","$","T","R","M","M","?","T","R","B",null,"M","?","?","M","?","R","M","R","T","?","M","R","?","M","R","B",null],"character_chosen":"THE_ANIMATOR","items_purchased":["animator:PinaCoLada","DataDisk","animator:YachiyoNanami","animator:Priestess"],"campfire_rested":1,"item_purchase_floors":[13,25,25,25],"current_hp_per_floor":[66,58,58,55,55,55,42,42,42,29,58,58,58,58,67,50,67,67,55,54,54,48,42,54,54,54,69,62,47,47,47,62,38,74,67,41,41,40,59,74,61,74,74,70,75,75,75,58,75,11],"gold":457,"neow_bonus":"THREE_SMALL_POTIONS","is_daily":false,"chose_seed":false,"campfire_upgraded":10,"win_rate":0.0,"timestamp":1611123993,"path_taken":["M","M","?","?","M","R","E","R","T","?","R","M","$","M","R","BOSS","M","?","M","?","M","E","R","?","T","R","M","?","?","?","R","BOSS","M","?","?","M","?","R","M","R","T","?","?","R","?","M","R","BOSS"],"items_purchased_type":["Card","Relic","Card","Card"],"build_version":"2020-12-22","purchased_purges":0,"victory":true,"max_hp_per_floor":[66,66,66,66,67,67,67,67,67,67,67,67,67,67,67,67,67,67,72,72,72,72,73,73,73,73,73,73,73,73,73,73,74,74,74,74,74,74,74,74,74,74,74,75,75,75,75,75,75,75],"card_choices":[{"not_picked":["animator:SilverFang","animator:Illya"],"picked":"animator:MumenRider","floor":1.0},{"not_picked":["animator:Layla","animator:Spearman"],"picked":"animator:LeleiLaLalena","floor":2.0},{"not_picked":["animator:Cocytus","animator:Caster"],"picked":"animator:KyokoSakura","floor":4.0},{"not_picked":["animator:OrikoMikuni","animator:NagisaMomoe"],"picked":"animator:MamiTomoe","floor":5.0},{"not_picked":["animator:Archer","animator:ItamiYouji"],"picked":"animator:NarberalGamma","floor":7},{"not_picked":["animator:Archer","animator:Geryuganshoop"],"picked":"animator:YaoHaDucy","floor":12},{"not_picked":["animator:Guy","animator:Alexander"],"picked":"animator:IrohaTamaki","floor":14},{"not_picked":["animator:Gilgamesh","animator:Saitama"],"picked":"animator:PinaCoLada","floor":16},{"not_picked":["animator:Kuribayashi","animator:TukaLunaMarceau"],"picked":"animator:Arpeggio","floor":18},{"not_picked":["animator:Evileye+1","animator:Guy+1"],"picked":"animator:PandorasActor+1","floor":20},{"not_picked":["animator:Rider","animator:ShinjiMatou"],"picked":"animator:Caster","floor":22},{"not_picked":["animator:Gilgamesh","animator:SilverFang"],"picked":"animator:RinTohsaka+1","floor":23},{"not_picked":["animator:YuiTsuruno","animator:Kyubey"],"picked":"animator:NagisaMomoe","floor":28},{"not_picked":["animator:MumenRider+1","animator:Archer+1"],"picked":"animator:DwarfShaman","floor":29},{"not_picked":["animator:SwordMaiden","animator:Albedo"],"picked":"animator:MadokaKaname","floor":33},{"not_picked":["animator:Bozes","animator:Melzalgald+1"],"picked":"animator:ChaikaBohdan","floor":35},{"not_picked":["animator:ChaikaBohdan","animator:MumenRider+1"],"picked":"animator:EmiyaShirou","floor":36},{"not_picked":["animator:Tyuule","animator:AcuraAkari+1"],"picked":"animator:Ainz","floor":38},{"not_picked":["animator:YachiyoNanami","animator:YuiTsuruno"],"picked":"animator:SayakaMiki","floor":41},{"not_picked":["animator:Assassin","animator:PandorasActor+1"],"picked":"animator:Archer","floor":44},{"not_picked":["animator:LizardPriest","animator:DwarfShaman"],"picked":"animator:Saitama","floor":45},{"not_picked":["animator:NononJakuzure","animator:Shimakaze"],"picked":"animator:Hibiki","floor":47},{"not_picked":["animator:LeleiLaLalena","animator:Layla"],"picked":"animator:Arpeggio+1","floor":48}],"player_experience":1056347,"relics_obtained":[{"floor":7,"key":"Potion Belt"},{"floor":9,"key":"Eternal Feather"},{"floor":23,"key":"Toy Ornithopter"},{"floor":26,"key":"animator:HeavyHalberd"},{"floor":31,"key":"Regal Pillow"},{"floor":36,"key":"animator:AlchemistGlove"},{"floor":43,"key":"Centennial Puzzle"},{"floor":44,"key":"animator:HallowedScabbard"}],"event_choices":[{"damage_healed":0.0,"max_hp_gain":0.0,"max_hp_loss":0.0,"gold_gain":0.0,"event_name":"WeMeetAgain","player_choice":"Gave Potion","floor":3.0,"gold_loss":0.0,"damage_taken":0.0,"relics_obtained":["HornCleat"]},{"damage_healed":0,"gold_gain":0,"player_choice":"Entered Light","damage_taken":13,"max_hp_gain":0,"max_hp_loss":0,"event_name":"Shining Light","floor":10,"gold_loss":0,"cards_upgraded":["animator:MamiTomoe","animator:KyokoSakura"]},{"damage_healed":0,"gold_gain":0,"player_choice":"Shed Blood","damage_taken":17,"max_hp_gain":5,"max_hp_loss":0,"event_name":"Forgotten Altar","floor":19,"gold_loss":0},{"damage_healed":0,"gold_gain":0,"player_choice":"Leave","damage_taken":0,"max_hp_gain":0,"max_hp_loss":0,"event_name":"conspire:Investor","floor":30,"gold_loss":0},{"damage_healed":0,"gold_gain":0,"player_choice":"Fight","damage_taken":0,"max_hp_gain":0,"max_hp_loss":0,"event_name":"Mysterious Sphere","floor":36,"gold_loss":0},{"damage_healed":0,"gold_gain":0,"player_choice":"Ignored","damage_taken":0,"max_hp_gain":0,"max_hp_loss":0,"event_name":"Tomb of Lord Red Mask","floor":37,"gold_loss":0},{"damage_healed":19,"gold_gain":0,"player_choice":"Writhe","damage_taken":0,"max_hp_gain":0,"max_hp_loss":0,"event_name":"Winding Halls","floor":39,"gold_loss":0,"cards_obtained":["Writhe"]},{"damage_healed":0,"gold_gain":0,"player_choice":"Fight","damage_taken":0,"max_hp_gain":0,"max_hp_loss":0,"event_name":"MindBloom","floor":44,"gold_loss":0},{"damage_healed":0,"gold_gain":0,"player_choice":"Memory 1","damage_taken":0,"max_hp_gain":0,"max_hp_loss":0,"event_name":"SensoryStone","floor":47,"gold_loss":0}],"is_beta":false,"boss_relics":[{"not_picked":["SacredBark","Philosopher\u0027s Stone"],"picked":"animator:VividPicture"},{"not_picked":["energizedSpire:NeverEndingSparkler","conspire:SeveredTorchhead"],"picked":"conspire:RoyalGoblet"}],"items_purged_floors":[],"is_endless":false,"potions_floor_spawned":[2,5,16,18,22,29,35,41,44,45],"ascension_level":0}}