{"host":"flnqt0m1a2s83kg7","time":1611109478,"event":{"mods":["AchievementEnabler","Act Like it!","BaseMod","Better Third Choice","Downfall","Hermit","Minty Spire (QoL Compilation)","Rare Cards Sparkle","StSLib","Td1madao Mod","The Alterego","The Hierophant","The Runesmith","The Servant 0.9.4","WarShipGirlsR/????R mod"],"gold_per_floor":[117,130,140,155,166,198,7,32,56,21,37,37,51,70,70,171,171,184,202,202,202,220,70,70,70],"floor_reached":24,"language":"ENG","playtime":3330,"items_purged":["Defend_R"],"score":233,"play_id":"8cdbe2dc-3ac1-48d1-a9f1-1003a0b1bdb3","local_time":"20210119192438","is_ascension_mode":true,"campfire_choices":[{"floor":12,"key":"REST"},{"floor":15,"key":"REST"}],"circlet_count":0,"master_deck":["Strike_R","Strike_R","Strike_R","Strike_R","Defend_R","Defend_R","Bash","Sentinel","Shrug It Off","Battle Trance","Ghostly Armor","Berserk","Heavy Blade","Inflame","Impervious","Flex","Pommel Strike","Clothesline","Corruption","Ghostly Armor","Entrench","downfall:Bewildered","J.A.X.","Shrug It Off+1","Dark Embrace"],"relics":["Burning Blood","Nunchaku","Paper Frog","Orichalcum","Sozu","sneckomod:BabySnecko"],"acts_visited":["Exordium","TheCity"],"potions_floor_usage":[6,6,8,13,19],"damage_taken":[{"damage":6,"enemies":"Cultist","floor":1,"turns":4},{"damage":4,"enemies":"2 Louse","floor":2,"turns":4},{"damage":4,"enemies":"Small Slimes","floor":3,"turns":6},{"damage":25,"enemies":"Exordium Wildlife","floor":4,"turns":7},{"damage":5,"enemies":"Looter","floor":5,"turns":5},{"damage":26,"enemies":"3 Sentries","floor":6,"turns":16},{"damage":22,"enemies":"Lagavulin","floor":8,"turns":8},{"damage":2,"enemies":"Blue Slaver","floor":11,"turns":4},{"damage":11,"enemies":"Exordium Thugs","floor":13,"turns":7},{"damage":24,"enemies":"3 Louse","floor":14,"turns":6},{"damage":45,"enemies":"Slime Boss","floor":16,"turns":13},{"damage":33,"enemies":"3 Byrds","floor":18,"turns":6},{"damage":35,"enemies":"Spheric Guardian","floor":19,"turns":5},{"damage":30,"enemies":"Snake Plant","floor":22,"turns":5},{"damage":0,"enemies":"Slavers","floor":24,"turns":1}],"seed_played":"9122807104595525046","potions_obtained":[{"floor":1,"key":"Fruit Juice"},{"floor":3,"key":"FearPotion"},{"floor":6,"key":"sneckomod:MuddlingPotion"},{"floor":8,"key":"AttackPotion"},{"floor":16,"key":"Regen Potion"}],"is_trial":false,"path_per_floor":["M","M","M","M","M","E","$","E","T","?","M","R","M","M","R","B",null,"M","M","?","?","M","$","E"],"character_chosen":"IRONCLAD","items_purchased":["Inflame","Impervious","Dark Embrace"],"campfire_rested":2,"item_purchase_floors":[7,7,23],"current_hp_per_floor":[56,58,60,41,42,27,27,11,11,32,36,61,56,38,63,24,85,58,38,38,38,14,14,14,14],"gold":70,"neow_bonus":"REMOVE_TWO","is_daily":false,"chose_seed":false,"campfire_upgraded":0,"win_rate":0.0,"timestamp":1611109478,"path_taken":["M","?","?","?","M","E","$","E","T","?","M","R","M","M","R","BOSS","M","M","?","?","M","$","E"],"items_purchased_type":["Card","Card","Card"],"build_version":"2020-12-22","purchased_purges":1,"victory":false,"max_hp_per_floor":[80,80,80,80,80,85,85,85,85,85,85,85,85,85,85,85,85,85,85,85,85,85,85,85,85],"card_choices":[{"not_picked":["Sword Boomerang","True Grit"],"picked":"Sentinel","floor":1},{"not_picked":["Havoc","Cleave"],"picked":"Shrug It Off","floor":2},{"not_picked":["Iron Wave","Body Slam"],"picked":"Battle Trance","floor":3},{"not_picked":["Perfected Strike","Anger"],"picked":"Ghostly Armor","floor":4},{"not_picked":["Rage","Disarm"],"picked":"Berserk","floor":5},{"not_picked":["Clash","Wild Strike"],"picked":"Heavy Blade","floor":6},{"not_picked":["Clothesline","Dropkick"],"picked":"Flex","floor":8},{"not_picked":["Power Through","Headbutt","Thunderclap"],"picked":"SKIP","floor":11},{"not_picked":["Evolve","Dark Embrace"],"picked":"Pommel Strike","floor":13},{"not_picked":["Hemokinesis","Ghostly Armor"],"picked":"Clothesline","floor":14},{"not_picked":["Exhume","Offering"],"picked":"Corruption","floor":16},{"not_picked":["Thunderclap","Rampage"],"picked":"Ghostly Armor","floor":18},{"not_picked":["Blood for Blood","Cleave+1"],"picked":"Entrench","floor":19},{"not_picked":["Dual Wield","Searing Blow+1"],"picked":"Shrug It Off+1","floor":22}],"player_experience":40986,"relics_obtained":[{"floor":6,"key":"Nunchaku"},{"floor":8,"key":"Paper Frog"},{"floor":9,"key":"Orichalcum"}],"event_choices":[{"damage_healed":21,"gold_gain":0,"player_choice":"Healed","damage_taken":0,"max_hp_gain":0,"max_hp_loss":0,"event_name":"The Cleric","floor":10,"gold_loss":35},{"damage_healed":0,"gold_gain":0,"player_choice":"Obtain J.A.X.","damage_taken":0,"max_hp_gain":0,"max_hp_loss":0,"event_name":"Drug Dealer","floor":21,"gold_loss":0,"cards_obtained":["J.A.X."]}],"is_beta":false,"boss_relics":[{"not_picked":["Runic Cube","Snecko Eye"],"picked":"Sozu"}],"items_purged_floors":[23],"is_endless":false,"potions_floor_spawned":[1,3,6,8,16,18,22],"killed_by":"Slavers","ascension_level":2}}