{"host":"6jrnojxwearbrjzo","time":1611156338,"event":{"mods":["BaseMod","Conspire","Downfall","Highlight Path","Marisa（F雨　魔理沙）","Minty Spire (QoL Compilation)","Quick Restart","Random Character Button","Shop Mod","Spicy Shops","StSLib","The Construct","The Servant 0.9.4","Yuyuko","[功能]功能增强和修复MOD","vexMod"],"gold_per_floor":[110,110,18,18,0,25,25,36,108,108,108,108,103,137,137,238,238,252,244,273,227,227,227,227,227,227,199,299,278,278,291,291,386,386,396,396,381,381,315,315,315,315,315,315,294,326,326,326,326],"floor_reached":50,"language":"ZHS","playtime":1398,"items_purged":["Strike_B","Defend_B","Strike_B","Defend_B","Strike_B","Defend_B+1","Strike_B","Melter","Defend_B+1","Swift Strike","Zap+1"],"score":1057,"play_id":"138dd5ef-3629-40ea-a381-207588393ed4","local_time":"20210120232538","is_ascension_mode":true,"campfire_choices":[{"data":"Scrape","floor":7.0,"key":"SMITH"},{"data":"Conserve Battery","floor":10.0,"key":"SMITH"},{"data":"Dualcast","floor":15.0,"key":"SMITH"},{"data":"Reboot","floor":23,"key":"SMITH"},{"data":"Gash","floor":25,"key":"SMITH"},{"data":"Deep Breath","floor":30,"key":"SMITH"},{"data":"Beam Cell","floor":32,"key":"SMITH"},{"data":"Fission","floor":40,"key":"SMITH"},{"floor":44,"key":"RECALL"}],"circlet_count":0,"master_deck":["Dualcast+1","Capacitor+1","Scrape+1","Flash of Steel+1","Conserve Battery+1","Go for the Eyes+1","Hologram+1","All For One+1","Chill+1","Beam Cell+1","Gash+1","Reboot+1","Deep Breath+1","Fission+1","White Noise+1","Panache+1","Rip and Tear"],"relics":["Cracked Core","Mark of the Bloom"],"acts_visited":["Exordium","TheCity","TheBeyond"],"potions_floor_usage":[20,33,33,49,49,49],"damage_taken":[{"damage":0.0,"enemies":"Small Slimes","floor":1.0,"turns":3.0},{"damage":0.0,"enemies":"Gremlin Nob","floor":6.0,"turns":3.0},{"damage":0.0,"enemies":"Cultist","floor":8.0,"turns":2.0},{"damage":10.0,"enemies":"3 Sentries","floor":14.0,"turns":3.0},{"damage":0.0,"enemies":"The Guardian","floor":16.0,"turns":4.0},{"damage":0.0,"enemies":"Spheric Guardian","floor":18.0,"turns":2.0},{"damage":0.0,"enemies":"Masked Bandits","floor":20.0,"turns":4.0},{"damage":0,"enemies":"conspire:MimicChest","floor":20,"turns":3},{"damage":2,"enemies":"2 Thieves","floor":31,"turns":4},{"damage":10,"enemies":"Champ","floor":33,"turns":7},{"damage":0,"enemies":"3 Darklings","floor":35,"turns":3},{"damage":0,"enemies":"Giant Head","floor":46,"turns":3},{"damage":38,"enemies":"Awakened One","floor":49,"turns":5}],"seed_played":"-1970275688259908310","potions_obtained":[{"floor":6.0,"key":"DistilledChaos"},{"floor":8.0,"key":"SteroidPotion"},{"floor":8.0,"key":"Guardian:BlockOnCardUsePotion"},{"floor":14.0,"key":"BlessingOfTheForge"},{"floor":16.0,"key":"SkillPotion"},{"floor":18.0,"key":"Swift Potion"},{"floor":33,"key":"Fire Potion"},{"floor":33,"key":"ColorlessPotion"},{"floor":35,"key":"Strength Potion"}],"is_trial":false,"path_per_floor":["M","?","$","?","$","E","R","M","T","R","?","?","$","E","R","B",null,"M","$","?","$","?","R","?","R","T","$","?","$","R","M","R","B",null,"M","?","$","?","$","R","?","?","T","R","$","E","$","?","B",null],"character_chosen":"DEFECT","items_purchased":["Capacitor","Conserve Battery","Scrape","Flash of Steel","Conserve Battery","Beam Cell","Gash","Reboot","Fire Potion","Swift Strike","Deep Breath","Panache","Rip and Tear"],"campfire_rested":0,"item_purchase_floors":[3,3,3,3,5,19,21,21,21,27,29,39,45],"current_hp_per_floor":[75,60,60,60,60,60,60,60,60,60,65,58,58,48,48,48,80,80,80,80,80,65,65,65,65,65,65,65,65,65,63,63,53,85,85,85,85,85,85,85,85,85,85,85,85,85,85,85,47],"gold":326,"neow_bonus":"UPGRADE_CARD","is_daily":false,"chose_seed":false,"campfire_upgraded":8,"win_rate":0.0,"timestamp":1611156338,"path_taken":["M","?","$","?","$","E","R","?","T","R","?","?","?","E","R","BOSS","M","$","?","$","?","R","?","R","T","?","?","$","R","?","R","BOSS","M","?","$","?","$","R","?","?","T","R","$","E","$","?","BOSS"],"items_purchased_type":["Card","Card","Card","Card","Card","Card","Card","Card","Potion","Card","Card","Card","Card"],"build_version":"2020-12-22","purchased_purges":11,"victory":true,"max_hp_per_floor":[75,75,75,75,75,75,75,75,75,75,80,80,80,80,80,80,80,80,80,80,80,85,85,85,85,85,85,85,85,85,85,85,85,85,85,85,85,85,85,85,85,85,85,85,85,85,85,85,85],"card_choices":[{"not_picked":["White Noise","conspire:Rain"],"picked":"Streamline","floor":1.0},{"not_picked":["Rebound","Sweeping Beam"],"picked":"Go for the Eyes","floor":6.0},{"not_picked":["Steam","Conserve Battery"],"picked":"Hologram","floor":8.0},{"not_picked":["Biased Cognition","Self Repair"],"picked":"Melter","floor":14.0},{"not_picked":["Rainbow","Multi-Cast"],"picked":"All For One","floor":16.0},{"not_picked":["Compile Driver","Go for the Eyes"],"picked":"Chill","floor":18.0},{"not_picked":["Sweeping Beam","Leap","Hologram"],"picked":"SKIP","floor":31},{"not_picked":["Seek","Multi-Cast"],"picked":"Fission","floor":33},{"not_picked":["Cold Snap","Turbo"],"picked":"White Noise+1","floor":35},{"not_picked":["Blizzard+1","BootSequence+1","Hologram"],"picked":"SKIP","floor":46}],"player_experience":89517,"relics_obtained":[],"event_choices":[{"damage_healed":0.0,"max_hp_gain":0.0,"max_hp_loss":0.0,"gold_gain":0.0,"event_name":"Shining Light","player_choice":"Entered Light","floor":2.0,"gold_loss":0.0,"damage_taken":15.0,"cards_upgraded":["Defend_B","Defend_B"]},{"damage_healed":0.0,"max_hp_gain":0.0,"max_hp_loss":0.0,"gold_gain":0.0,"event_name":"Accursed Blacksmith","player_choice":"Forge","floor":4.0,"gold_loss":0.0,"damage_taken":0.0,"cards_upgraded":["Streamline"]},{"damage_healed":0.0,"max_hp_gain":5.0,"max_hp_loss":0.0,"gold_gain":0.0,"event_name":"Big Fish","player_choice":"Donut","floor":11.0,"gold_loss":0.0,"damage_taken":0.0},{"cards_removed":["Conserve Battery"],"damage_healed":0.0,"max_hp_gain":0.0,"max_hp_loss":0.0,"gold_gain":0.0,"event_name":"Golden Wing","player_choice":"Card Removal","floor":12.0,"gold_loss":0.0,"damage_taken":7.0},{"damage_healed":0.0,"max_hp_gain":0.0,"max_hp_loss":0.0,"gold_gain":0.0,"event_name":"Masked Bandits","player_choice":"Fought Bandits","floor":20.0,"gold_loss":0.0,"damage_taken":0.0},{"damage_healed":0,"gold_gain":0,"player_choice":"Shed Blood","damage_taken":20,"max_hp_gain":5,"max_hp_loss":0,"event_name":"Forgotten Altar","floor":22,"gold_loss":0},{"damage_healed":0,"gold_gain":100,"player_choice":"Pray","damage_taken":0,"max_hp_gain":0,"max_hp_loss":0,"event_name":"Golden Shrine","floor":28,"gold_loss":0},{"cards_removed":["Streamline"],"damage_healed":0,"gold_gain":0,"player_choice":"Removed Attack","damage_taken":0,"max_hp_gain":0,"max_hp_loss":0,"event_name":"Falling","floor":38,"gold_loss":0},{"damage_healed":0,"gold_gain":0,"player_choice":"Upgrade","damage_taken":0,"relics_obtained":["Mark of the Bloom"],"max_hp_gain":0,"max_hp_loss":0,"event_name":"MindBloom","floor":41,"gold_loss":0,"cards_upgraded":["Capacitor","Flash of Steel","Go for the Eyes","Hologram","All For One","Chill","Panache"]},{"damage_healed":0,"gold_gain":0,"player_choice":"Ignored","damage_taken":0,"max_hp_gain":0,"max_hp_loss":0,"event_name":"Mysterious Sphere","floor":42,"gold_loss":0},{"damage_healed":0,"gold_gain":0,"player_choice":"Took Portal","damage_taken":0,"max_hp_gain":0,"max_hp_loss":0,"event_name":"SecretPortal","floor":48,"gold_loss":0}],"is_beta":false,"boss_relics":[{"not_picked":["Runic Dome","EctoplasmExtend","construct:ClawGrip"]},{"not_picked":["Velvet Choker","conspire:RoyalGoblet","conspire:RunicOctahedron"]}],"items_purged_floors":[3,3,3,3,3,3,13,21,37,37,37],"is_endless":false,"potions_floor_spawned":[6,8,8,14,14,16,18,31,31,33,33,35,46,46],"ascension_level":4}}