{"host":"v4tuy5ykrbdcm9o9","time":1611156540,"event":{"mods":["BaseMod","Duelist Mod","Minty Spire (QoL Compilation)","Replay The Spire","StSLib"],"gold_per_floor":[109,109,124,144,160,189,206,233,233,268,288,288,307,322,322,419,419,430,0,0,0],"floor_reached":20,"language":"ENG","playtime":1568,"items_purged":[],"score":341,"play_id":"6402bf56-aa06-4066-9ead-102ba1be03d2","local_time":"20210120102900","is_ascension_mode":true,"campfire_choices":[{"floor":12,"key":"REST"},{"floor":15,"key":"REST"}],"circlet_count":0,"master_deck":["Strike_P","Strike_P","Strike_P","Strike_P+1","Defend_P","Defend_P","Defend_P","Eruption+1","Vigilance","Vengeance","CutThroughFate","ClearTheMind","Replay:BluntJabs","Crescendo","WindmillStrike","Replay:Hum","Replay:DivineShield","Perseverance","Devotion","BattleHymn","Judgement","CurseOfTheBell","Pot Of Greed","Pot Of Greed","FlurryOfBlows"],"relics":["PureWater","NeowsBlessing","Replay:Bottled Steam","Gremlin Food","FossilizedHelix","Question Card","Calling Bell","Grinning Jar","Gremlin Horn","Torii"],"acts_visited":["Exordium","TheCity"],"potions_floor_usage":[5,7,8,11,16],"damage_taken":[{"damage":0,"enemies":"2 Louse","floor":1,"turns":1},{"damage":0,"enemies":"Cultist","floor":3,"turns":1},{"damage":0,"enemies":"Small Slimes","floor":4,"turns":1},{"damage":3,"enemies":"Blue Slaver","floor":5,"turns":3},{"damage":12,"enemies":"Lagavulin","floor":6,"turns":5},{"damage":5,"enemies":"Gremlin Gang","floor":7,"turns":3},{"damage":7,"enemies":"3 Sentries","floor":8,"turns":6},{"damage":0,"enemies":"Lagavulin","floor":10,"turns":4},{"damage":14,"enemies":"Exordium Thugs","floor":11,"turns":4},{"damage":8,"enemies":"3 Louse","floor":13,"turns":2},{"damage":7,"enemies":"Exordium Wildlife","floor":14,"turns":4},{"damage":0,"enemies":"Slime Boss","floor":16,"turns":6},{"damage":0,"enemies":"Spheric Guardian","floor":18,"turns":2},{"damage":16,"enemies":"3 Byrds","floor":20,"turns":3}],"seed_played":"-5836547569477622659","potions_obtained":[{"floor":1,"key":"Fire Potion"},{"floor":4,"key":"SkillPotion"},{"floor":6,"key":"DistilledChaos"},{"floor":10,"key":"SpeedPotion"},{"floor":14,"key":"Weak Potion"}],"is_trial":false,"path_per_floor":["M","?","M","M","M","E","M","E","T","E","M","R","M","M","R","B",null,"M","?","M"],"character_chosen":"WATCHER","items_purchased":[],"campfire_rested":2,"item_purchase_floors":[],"current_hp_per_floor":[72,72,72,72,69,57,52,45,45,45,31,52,44,37,58,58,69,69,69,53,53],"gold":0,"neow_bonus":"THREE_ENEMY_KILL","is_daily":false,"chose_seed":false,"campfire_upgraded":0,"win_rate":0.0,"timestamp":1611156540,"path_taken":["M","?","M","M","?","E","M","E","T","E","M","R","M","M","R","BOSS","M","?","M"],"items_purchased_type":[],"build_version":"2020-12-22","purchased_purges":0,"victory":false,"max_hp_per_floor":[72,72,72,72,72,72,72,72,72,72,72,72,72,72,72,72,72,72,72,72,72],"card_choices":[{"not_picked":["Replay:Vibes","EmptyMind"],"picked":"Vengeance","floor":1},{"not_picked":["Evaluate","FlyingSleeves"],"picked":"CutThroughFate","floor":3},{"not_picked":["BowlingBash","Wish"],"picked":"ClearTheMind","floor":4},{"not_picked":["FlyingSleeves","Fasting2"],"picked":"Replay:BluntJabs","floor":5},{"not_picked":["SashWhip","Replay:BluntJabs"],"picked":"Crescendo","floor":6},{"not_picked":["Vengeance","Consecrate"],"picked":"WindmillStrike","floor":7},{"not_picked":["PathToVictory","Fasting2"],"picked":"Replay:Hum","floor":8},{"not_picked":["Scrawl","ThirdEye"],"picked":"Replay:DivineShield","floor":10},{"not_picked":["Halt","Replay:ManipulateFuture","WheelKick"],"picked":"Perseverance","floor":11},{"not_picked":["Wireheading","Replay:AtTheReady","Replay:Anticipation"],"picked":"Devotion","floor":13},{"not_picked":["Protect","Replay:ManipulateFuture","Evaluate"],"picked":"BattleHymn","floor":14},{"not_picked":["Scrawl","MasterReality","DeusExMachina"],"picked":"Judgement","floor":16},{"not_picked":["Replay:BluntJabs","EmptyBody+1","Halt"],"picked":"FlurryOfBlows","floor":18}],"player_experience":601288,"relics_obtained":[{"floor":6,"key":"Replay:Bottled Steam"},{"floor":8,"key":"Gremlin Food"},{"floor":9,"key":"FossilizedHelix"},{"floor":10,"key":"Question Card"},{"floor":17,"key":"Grinning Jar"},{"floor":17,"key":"Gremlin Horn"},{"floor":17,"key":"Torii"}],"event_choices":[{"cards_removed":["Defend_P"],"damage_healed":0,"gold_gain":0,"player_choice":"Offered Basic","damage_taken":0,"max_hp_gain":0,"max_hp_loss":0,"event_name":"Bonfire Elementals","floor":2,"gold_loss":0},{"damage_healed":0,"gold_gain":0,"player_choice":"Paid Fearfully","damage_taken":0,"max_hp_gain":0,"max_hp_loss":0,"event_name":"Masked Bandits","floor":19,"gold_loss":430}],"is_beta":false,"boss_relics":[{"not_picked":["Empty Cage","Fusion Hammer"],"picked":"Calling Bell"}],"items_purged_floors":[],"is_endless":false,"potions_floor_spawned":[1,4,6,10,14],"killed_by":"3 Byrds","ascension_level":5}}