{"host":"jyuuog6ydc2s7nd8","time":1611148010,"event":{"mods":["BaseMod","Better Vampires","Minty Spire (QoL Compilation)","Shop Mod","StSLib","The Hierophant","The Servant 0.9.4","TheBandit","[IsaacMod]ÒÔÈö¼âËþ"],"gold_per_floor":[112,124,136,136,61,61,386,386,386,22,51,69,15,15,15,90,90,90,90],"floor_reached":18,"language":"ZHS","playtime":572,"items_purged":["Strike_G","Defend_G","Strike_G"],"score":486,"play_id":"ded44739-80da-4611-b3a4-cb74e5d089ac","local_time":"20210120210650","is_ascension_mode":true,"campfire_choices":[{"data":"Neutralize","floor":6.0,"key":"SMITH"},{"data":"Concentrate","floor":8.0,"key":"SMITH"},{"data":"Underhanded Strike","floor":15.0,"key":"SMITH"}],"circlet_count":0,"master_deck":["AscendersBane","Strike_G","Strike_G","Strike_G","Defend_G","Defend_G","Defend_G","Defend_G","Survivor","Neutralize+1","Concentrate+1","Blur","Masterful Stab","Underhanded Strike+1","Reflex"],"relics":["Ring of the Snake","HushsDoor","Dream Catcher","BookOfRevelations","Old Coin","Ornamental Fan","DeathBook","TheBible","Nunchaku","ChampionBelt","GuppysTail"],"acts_visited":["Exordium","TheCity"],"potions_floor_usage":[],"damage_taken":[{"damage":4.0,"enemies":"2 Louse","floor":1.0,"turns":4.0},{"damage":4.0,"enemies":"Small Slimes","floor":2.0,"turns":4.0},{"damage":3.0,"enemies":"Cultist","floor":3.0,"turns":5.0},{"damage":0.0,"enemies":"3 Sentries","floor":7.0,"turns":1.0},{"damage":36.0,"enemies":"Lagavulin","floor":11.0,"turns":7.0},{"damage":8.0,"enemies":"Exordium Wildlife","floor":12.0,"turns":6.0},{"damage":0.0,"enemies":"Slime Boss","floor":16.0,"turns":10.0},{"damage":34,"enemies":"Slavers","floor":18,"turns":6}],"seed_played":"826526605978139829","potions_obtained":[{"floor":2.0,"key":"LiquidMemories"},{"floor":7.0,"key":"GamblersBrew"}],"is_trial":false,"path_per_floor":["M","M","M","?","$","R","E","R","T","$","E","M","?","$","R","B",null,"M"],"character_chosen":"THE_SILENT","items_purchased":["DeathBook","GuppysTail","Reflex"],"campfire_rested":0,"item_purchase_floors":[10,17,17],"current_hp_per_floor":[55,51,48,53,53,53,53,53,53,53,17,9,9,9,9,9,42,8,8],"gold":90,"neow_bonus":"RANDOM_COMMON_RELIC","is_daily":false,"chose_seed":false,"campfire_upgraded":3,"win_rate":0.0,"timestamp":1611148010,"path_taken":["M","M","M","?","$","R","E","R","T","$","E","M","?","?","R","BOSS","M"],"items_purchased_type":["Relic","Relic","Card"],"build_version":"2020-12-22","purchased_purges":3,"victory":false,"max_hp_per_floor":[66,66,66,71,71,71,71,71,71,71,71,71,71,71,71,71,53,53,53],"card_choices":[{"not_picked":[],"picked":"Bomb","floor":0.0},{"not_picked":["Tactician","Prepared"],"picked":"Concentrate","floor":1.0},{"not_picked":["Poisoned Stab","Calculated Gamble"],"picked":"Blur","floor":2.0},{"not_picked":["Cloak And Dagger","Choke"],"picked":"Masterful Stab","floor":3.0},{"not_picked":["Flechettes","Setup","Leg Sweep"],"picked":"SKIP","floor":7.0},{"not_picked":["Escape Plan","Leg Sweep","Deadly Poison"],"picked":"SKIP","floor":11.0},{"not_picked":["Dodge and Roll","Bane"],"picked":"Underhanded Strike","floor":12.0}],"player_experience":1867708,"relics_obtained":[{"floor":7.0,"key":"Old Coin"},{"floor":9.0,"key":"Ornamental Fan"},{"floor":11.0,"key":"TheBible"}],"event_choices":[{"damage_healed":0.0,"max_hp_gain":5.0,"max_hp_loss":0.0,"gold_gain":0.0,"event_name":"Big Fish","player_choice":"Donut","floor":4.0,"gold_loss":0.0,"damage_taken":0.0},{"damage_healed":0.0,"max_hp_gain":0.0,"max_hp_loss":0.0,"gold_gain":0.0,"event_name":"WeMeetAgain","player_choice":"Paid Gold","floor":13.0,"gold_loss":54.0,"damage_taken":0.0,"relics_obtained":["Nunchaku"]}],"is_beta":false,"boss_relics":[{"not_picked":["Astrolabe","SlaversCollar"],"picked":"ChampionBelt"},{"not_picked":[]}],"items_purged_floors":[5,10,17],"is_endless":false,"potions_floor_spawned":[2,7],"killed_by":"Slavers","ascension_level":20}}