{"host":"wutzay93uet9pf9y","time":1611164866,"event":{"mods":["BaseMod","Colored Map","Downfall","Minty Spire (QoL Compilation)","StSLib"],"gold_per_floor":[109,109,119,119,22,57,57,72,122,150,167,167,19,49,49,123,123,139,139,139,239,64,94,94,94,94],"floor_reached":25,"language":"ENG","playtime":649,"items_purged":[],"score":580,"play_id":"b9681b21-0219-46ab-bb4b-d3844584b68b","local_time":"20210120124746","is_ascension_mode":true,"campfire_choices":[{"floor":7.0,"key":"REST"},{"floor":12.0,"key":"REST"},{"data":"Sever Soul","floor":15.0,"key":"SMITH"},{"floor":24.0,"key":"REST"}],"circlet_count":0,"master_deck":["AscendersBane","Defend_R","Defend_R","Defend_R+1","Defend_R","Bash+1","Clash+1","Uppercut","Whirlwind","Sever Soul+1","Cleave","Second Wind","Shrug It Off","Headbutt","Reaper","Limit Break","Reckless Charge","downfall:Bewildered","Bite","Bite","Bite","Bite","Bite","Regret","CurseOfTheBell","Shame","downfall:Malfunctioning","Normality","Bludgeon","Havoc","Reckless Charge"],"relics":["Burning Blood","Nunchaku","Centennial Puzzle","Charon\u0027s Ashes","Pear","Runic Cube","sneckomod:BabySnecko","Calling Bell","Potion Belt","Gremlin Horn","Torii","Bottled Flame"],"acts_visited":["Exordium","TheCity"],"potions_floor_usage":[],"damage_taken":[{"damage":23.0,"enemies":"Jaw Worm","floor":1.0,"turns":4.0},{"damage":9.0,"enemies":"2 Louse","floor":3.0,"turns":3.0},{"damage":16.0,"enemies":"Gremlin Nob","floor":6.0,"turns":3.0},{"damage":4.0,"enemies":"Cultist","floor":8.0,"turns":3.0},{"damage":34.0,"enemies":"3 Sentries","floor":10.0,"turns":7.0},{"damage":11.0,"enemies":"Looter","floor":11.0,"turns":2.0},{"damage":0.0,"enemies":"Gremlin Nob","floor":14.0,"turns":2.0},{"damage":39.0,"enemies":"The Guardian","floor":16.0,"turns":9.0},{"damage":20.0,"enemies":"2 Thieves","floor":18.0,"turns":4.0},{"damage":65.0,"enemies":"Slavers","floor":23.0,"turns":5.0},{"damage":40,"enemies":"Book of Stabbing","floor":25,"turns":3}],"seed_played":"-3172179518805165715","potions_obtained":[{"floor":3.0,"key":"hexamod:SoulburnPotion"},{"floor":8.0,"key":"BlessingOfTheForge"},{"floor":10.0,"key":"Dexterity Potion"},{"floor":14.0,"key":"Dexterity Potion"}],"is_trial":false,"path_per_floor":["M","?","M","?","$","E","R","M","T","E","M","R","$","E","R","B",null,"M","?","?","?","$","E","R","E"],"character_chosen":"IRONCLAD","items_purchased":["FairyPotion","Second Wind","Shrug It Off","Headbutt","Havoc","Reckless Charge","Fire Potion"],"campfire_rested":3,"item_purchase_floors":[5,13,13,13,22,22,22],"current_hp_per_floor":[51,51,48,25,25,15,37,39,39,11,28,50,50,66,66,33,72,58,58,58,63,63,17,36,0,0],"gold":94,"neow_bonus":"UPGRADE_CARD","is_daily":false,"chose_seed":false,"campfire_upgraded":1,"win_rate":0.0,"timestamp":1611164866,"path_taken":["M","?","M","?","?","E","R","?","T","E","M","R","$","E","R","BOSS","M","?","?","?","?","E","R","E"],"items_purchased_type":["Potion","Card","Card","Card","Card","Card","Potion"],"build_version":"2020-12-22","purchased_purges":0,"victory":false,"max_hp_per_floor":[75,75,75,75,75,75,75,75,75,75,75,75,75,85,85,85,85,85,85,59,64,64,64,64,64,64],"card_choices":[{"not_picked":["Perfected Strike","Metallicize"],"picked":"Clash","floor":1.0},{"not_picked":["Ghostly Armor","Thunderclap"],"picked":"Uppercut","floor":3.0},{"not_picked":["Warcry","Clothesline","Body Slam"],"picked":"SKIP","floor":6.0},{"not_picked":["Entrench","Second Wind"],"picked":"Whirlwind","floor":8.0},{"not_picked":["Rampage","Cleave"],"picked":"Sever Soul","floor":10.0},{"not_picked":["Perfected Strike","Clothesline"],"picked":"Cleave","floor":11.0},{"not_picked":["Anger","Armaments"],"picked":"Reaper","floor":14.0},{"not_picked":["Double Tap","Fiend Fire"],"picked":"Limit Break","floor":16.0},{"not_picked":["Second Wind","Evolve"],"picked":"Reckless Charge","floor":18.0},{"not_picked":["Body Slam","Cleave","Clothesline"],"picked":"SKIP","floor":23.0}],"player_experience":316307,"relics_obtained":[{"floor":6.0,"key":"Nunchaku"},{"floor":9.0,"key":"Centennial Puzzle"},{"floor":10.0,"key":"Charon\u0027s Ashes"},{"floor":14.0,"key":"Pear"},{"floor":21.0,"key":"Potion Belt"},{"floor":21.0,"key":"Gremlin Horn"},{"floor":21.0,"key":"Torii"},{"floor":23.0,"key":"Bottled Flame"}],"event_choices":[{"damage_healed":0.0,"max_hp_gain":0.0,"max_hp_loss":0.0,"gold_gain":0.0,"event_name":"Living Wall","player_choice":"Grow","floor":2.0,"gold_loss":0.0,"damage_taken":0.0,"cards_upgraded":["Clash"]},{"damage_healed":0.0,"max_hp_gain":0.0,"max_hp_loss":0.0,"gold_gain":0.0,"event_name":"Shining Light","player_choice":"Entered Light","floor":4.0,"gold_loss":0.0,"damage_taken":23.0,"cards_upgraded":["Defend_R","Strike_R"]},{"damage_healed":0.0,"max_hp_gain":0.0,"max_hp_loss":26.0,"gold_gain":0.0,"event_name":"Vampires","player_choice":"Became a vampire","floor":20.0,"gold_loss":0.0,"damage_taken":0.0,"cards_obtained":["Bite","Bite","Bite","Bite","Bite"]}],"is_beta":false,"boss_relics":[{"not_picked":["Fusion Hammer","Runic Dome"],"picked":"Runic Cube"}],"items_purged_floors":[],"is_endless":false,"potions_floor_spawned":[3,8,10,14],"killed_by":"Book of Stabbing","ascension_level":15}}