{"host":"uoq8e77duj6rs50g","time":1611185442,"event":{"mods":["BaseMod","Better Altar","Better Match","Better Note","Better Sensory Stone","Better Skull","Better Third Choice","BetterRewards","Block Reminder","ChefMod","Curses Come First","Hermit","Hubris","Ironclad Rager","Minty Spire (QoL Compilation)","Relic Stats","Replay The Spire","Shade Mod","StSLib","The Blue Laboratory","The Cursed","The Dragon Tamer","The Exalted","The Judge","The Marked","The Runesmith","The Servant 0.9.4","TheSwordswoman","Uncapped","WarShipGirlsR/????R mod"],"gold_per_floor":[11,11,23,23,23,23,52,69,96,96,114,114,125,154,154,257,257,277,291,291,206,221,247,260,260,260,200,200,200],"floor_reached":28,"language":"ENG","playtime":1572,"items_purged":[],"score":262,"play_id":"7bd31cf1-1302-44cc-aad4-c8da35774495","local_time":"20210120183042","is_ascension_mode":true,"campfire_choices":[{"floor":6,"key":"REST"},{"data":"Poisoned Stab","floor":10,"key":"SMITH"},{"data":"Dodge and Roll","floor":12,"key":"SMITH"},{"floor":15,"key":"REST"},{"floor":25,"key":"REST"}],"circlet_count":0,"master_deck":["Survivor","Neutralize","Poisoned Stab+1","Poisoned Stab","Poisoned Stab","Poisoned Stab","Poisoned Stab","Dodge and Roll+1","Dodge and Roll","Dodge and Roll","Dodge and Roll","Dodge and Roll","Infinite Blades+1","Finisher+1","Sucker Punch","Flying Knee","Sucker Punch","Dagger Spray","Expertise","Doppelganger","Catalyst+1","Catalyst","ReplayTheSpireMod:Speed Training+1"],"relics":["Ring of the Snake","hubris:BottledRain","Strawberry","Odd Mushroom","Black Star","Omamori","Tingsha","Mummified Hand","Dream Catcher"],"acts_visited":["Exordium","TheCity"],"potions_floor_usage":[16,18,18,28,28],"damage_taken":[{"damage":5,"enemies":"Jaw Worm","floor":1,"turns":3},{"damage":0,"enemies":"Small Slimes","floor":3,"turns":2},{"damage":1,"enemies":"Lagavulin","floor":7,"turns":5},{"damage":0,"enemies":"Cultist","floor":8,"turns":2},{"damage":9,"enemies":"Blue Slaver","floor":11,"turns":2},{"damage":5,"enemies":"2 Fungi Beasts","floor":13,"turns":3},{"damage":28,"enemies":"The Mushroom Lair","floor":14,"turns":5},{"damage":24,"enemies":"The Guardian","floor":16,"turns":9},{"damage":6,"enemies":"2 Thieves","floor":18,"turns":4},{"damage":4,"enemies":"Chosen","floor":19,"turns":4},{"damage":16,"enemies":"Snake Plant","floor":22,"turns":4},{"damage":8,"enemies":"Replay:Snechameleon","floor":23,"turns":5},{"damage":13,"enemies":"Snecko","floor":24,"turns":4},{"damage":44,"enemies":"Book of Stabbing","floor":28,"turns":5}],"seed_played":"5568068799839876394","potions_obtained":[{"floor":3,"key":"blueLaboratory:FrostheartPotion"},{"floor":8,"key":"Weak Potion"},{"floor":13,"key":"SteroidPotion"},{"floor":16,"key":"blueLaboratory:HummingbirdPotion"},{"floor":19,"key":"blueLaboratory:LouseDecoction"},{"floor":22,"key":"blueLaboratory:AbyssPotion"},{"floor":23,"key":"blueLaboratory:LouseDecoction"}],"is_trial":false,"path_per_floor":["M","?","M","?","$","R","E","M","T","R","M","R","M","?","R","B",null,"M","M","?","?","M","E","M","R","T","?","E"],"character_chosen":"THE_SILENT","items_purchased":[],"campfire_rested":3,"item_purchase_floors":[],"current_hp_per_floor":[40,40,40,36,36,54,53,53,60,60,51,51,46,18,38,14,67,61,57,57,57,41,33,20,40,40,40,0,0],"gold":200,"neow_bonus":"SILENT_ASSASSIN","is_daily":false,"chose_seed":false,"campfire_upgraded":2,"win_rate":0.0,"timestamp":1611185442,"path_taken":["M","?","M","?","$","R","E","M","T","R","M","R","M","?","R","BOSS","M","M","?","?","M","E","M","R","T","?","E"],"items_purchased_type":[],"build_version":"2020-12-22","purchased_purges":0,"victory":false,"max_hp_per_floor":[63,63,63,60,60,60,60,60,67,67,67,67,67,67,67,67,67,67,67,67,67,67,67,67,67,67,67,67,67],"relic_stats":{"Dream Catcher":0,"counters":[14,57],"Mummified Hand":[1],"Tingsha":[12],"Black Star":1,"obtain_stats":[{"Dream Catcher":26,"Mummified Hand":23,"Strawberry":9,"Tingsha":23,"Black Star":17,"Omamori":21,"Odd Mushroom":14,"Ring of the Snake":0,"hubris:BottledRain":7},{"Dream Catcher":13,"Mummified Hand":12,"Strawberry":4,"Tingsha":12,"Black Star":8,"Omamori":10,"Odd Mushroom":7,"Ring of the Snake":0,"hubris:BottledRain":3},{"Dream Catcher":52,"Mummified Hand":48,"Strawberry":12,"Tingsha":48,"Black Star":31,"Omamori":39,"Odd Mushroom":22,"Ring of the Snake":0,"hubris:BottledRain":10}],"Ring of the Snake":[28]},"card_choices":[{"not_picked":["Finisher","Endless Agony"],"picked":"Infinite Blades","floor":1},{"not_picked":["Underhanded Strike","Acrobatics"],"picked":"Finisher","floor":3},{"not_picked":["Masterful Stab","Blade Dance"],"picked":"Sucker Punch","floor":7},{"not_picked":["PiercingWail","Dodge and Roll"],"picked":"Flying Knee","floor":8},{"not_picked":["PiercingWail","Underhanded Strike"],"picked":"Sucker Punch","floor":11},{"not_picked":["Prepared","All Out Attack"],"picked":"Dagger Spray","floor":13},{"not_picked":["Choke","hubris:SlightOfHand"],"picked":"Expertise","floor":14},{"not_picked":["Die Die Die","Malaise"],"picked":"Doppelganger","floor":16},{"not_picked":["Underhanded Strike+1","Deflect"],"picked":"Catalyst+1","floor":18},{"not_picked":["Bouncing Flask+1","Dodge and Roll+1"],"picked":"Catalyst","floor":19},{"not_picked":["Skewer","Underhanded Strike","Atom Bomb"],"picked":"SKIP","floor":22},{"not_picked":["hubris:Counter+1","Sucker Punch"],"picked":"ReplayTheSpireMod:Speed Training+1","floor":23},{"not_picked":["Skewer+1","Dagger Throw+1","Hidden Blade"],"picked":"SKIP","floor":24}],"player_experience":415887,"relics_obtained":[{"floor":7,"key":"hubris:BottledRain"},{"floor":9,"key":"Strawberry"},{"floor":14,"key":"Odd Mushroom"},{"floor":23,"key":"Tingsha"},{"floor":23,"key":"Mummified Hand"},{"floor":26,"key":"Dream Catcher"}],"event_choices":[{"damage_healed":0,"gold_gain":0,"player_choice":"Fought Mushrooms","damage_taken":0,"max_hp_gain":0,"max_hp_loss":0,"event_name":"Mushrooms","floor":14,"gold_loss":0},{"damage_healed":0,"gold_gain":0,"player_choice":"Ignored","damage_taken":0,"max_hp_gain":0,"max_hp_loss":0,"event_name":"Vampires","floor":20,"gold_loss":0},{"damage_healed":0,"gold_gain":0,"player_choice":"Obtained Relic","damage_taken":0,"relics_obtained":["Omamori"],"max_hp_gain":0,"max_hp_loss":0,"event_name":"Addict","floor":21,"gold_loss":85}],"is_beta":false,"boss_relics":[{"not_picked":["hubris:GrandSneckoEye","hubris:TerracottaHorce"],"picked":"Black Star"}],"items_purged_floors":[],"is_endless":false,"potions_floor_spawned":[3,8,13,16,19,22,23],"killed_by":"Book of Stabbing","ascension_level":2}}