{"host":"poshtwjux72eqzmy","time":1611106471,"event":{"mods":["BaseMod","Bestiary","Block Reminder","Highlight Path","Minty Spire (QoL Compilation)","Relic Stats","StSLib","ojb\u0027s Info Mod"],"gold_per_floor":[113,125,125,135,153,153,182,182,228,228,238,238,338,3,3,80,80,95,105,105,195,195,223,223,256,329,364,364,380,407,421,421,500,500,519,519,110,122,122,151,151,185,185,27,27,52,52,65,65,65,65,65],"floor_reached":51,"language":"ENG","playtime":4429,"items_purged":[],"score":1508,"play_id":"975eb819-6ded-47a8-9d86-5272dd1722b6","local_time":"20210120033431","is_ascension_mode":true,"campfire_choices":[{"data":"Neutralize","floor":6.0,"key":"SMITH"},{"data":"Setup","floor":8.0,"key":"SMITH"},{"data":"Flechettes","floor":10.0,"key":"SMITH"},{"data":"Poisoned Stab","floor":15.0,"key":"SMITH"},{"data":"Blade Dance","floor":24.0,"key":"SMITH"},{"data":"Terror","floor":28.0,"key":"SMITH"},{"floor":32.0,"key":"REST"},{"data":"After Image","floor":41.0,"key":"SMITH"},{"floor":49.0,"key":"RECALL"}],"circlet_count":0,"master_deck":["AscendersBane","Survivor+1","Neutralize+1","Setup+1","Flechettes+1","Poisoned Stab+1","Terror+1","Deflect","After Image+1","Envenom","Flechettes","Blur","Backflip","Acrobatics+1","Riddle With Holes","Blade Dance+1","Deadly Poison","Backflip+1","Enlightenment","Die Die Die","Well Laid Plans","Dark Shackles","PiercingWail","Panache","Metamorphosis","Blind","Catalyst","Footwork"],"relics":["WristBlade","Singing Bowl","Juzu Bracelet","Vajra","Lee\u0027s Waffle","Pandora\u0027s Box","Potion Belt","Nunchaku","War Paint","Bronze Scales","Cursed Key","TungstenRod","Tingsha","Ancient Tea Set","OrangePellets","Lizard Tail"],"acts_visited":["Exordium","TheCity","TheBeyond"],"potions_floor_usage":[51],"damage_taken":[{"damage":1.0,"enemies":"Small Slimes","floor":1.0,"turns":4.0},{"damage":4.0,"enemies":"Cultist","floor":2.0,"turns":4.0},{"damage":4.0,"enemies":"2 Louse","floor":4.0,"turns":4.0},{"damage":12.0,"enemies":"Large Slime","floor":5.0,"turns":7.0},{"damage":25.0,"enemies":"Lagavulin","floor":7.0,"turns":8.0},{"damage":9.0,"enemies":"Red Slaver","floor":11.0,"turns":3.0},{"damage":51.0,"enemies":"Hexaghost","floor":16.0,"turns":10.0},{"damage":0.0,"enemies":"Chosen","floor":18.0,"turns":3.0},{"damage":0.0,"enemies":"3 Byrds","floor":19.0,"turns":5.0},{"damage":27.0,"enemies":"Gremlin Leader","floor":23.0,"turns":5.0},{"damage":41.0,"enemies":"Book of Stabbing","floor":25.0,"turns":5.0},{"damage":11.0,"enemies":"Gremlin Leader","floor":27.0,"turns":6.0},{"damage":14.0,"enemies":"Centurion and Healer","floor":29.0,"turns":5.0},{"damage":33.0,"enemies":"Book of Stabbing","floor":30.0,"turns":4.0},{"damage":26.0,"enemies":"Shelled Parasite and Fungi","floor":31.0,"turns":4.0},{"damage":25.0,"enemies":"Collector","floor":33.0,"turns":8.0},{"damage":7.0,"enemies":"3 Shapes","floor":35.0,"turns":4.0},{"damage":6.0,"enemies":"3 Darklings","floor":38.0,"turns":5.0},{"damage":9.0,"enemies":"Giant Head","floor":40.0,"turns":6.0},{"damage":1.0,"enemies":"Reptomancer","floor":42.0,"turns":6.0},{"damage":0.0,"enemies":"Mind Bloom Boss Battle","floor":46.0,"turns":5.0},{"damage":8.0,"enemies":"Sphere and 2 Shapes","floor":48.0,"turns":4.0},{"damage":55.0,"enemies":"Time Eater","floor":50.0,"turns":10.0},{"damage":76,"enemies":"Awakened One","floor":51,"turns":10}],"seed_played":"-1733082341352530368","potions_obtained":[{"floor":1.0,"key":"FearPotion"},{"floor":2.0,"key":"Weak Potion"},{"floor":11.0,"key":"Weak Potion"},{"floor":16.0,"key":"Regen Potion"},{"floor":23.0,"key":"Fire Potion"},{"floor":27.0,"key":"Regen Potion"},{"floor":30.0,"key":"BlessingOfTheForge"},{"floor":31.0,"key":"SkillPotion"},{"floor":33.0,"key":"SteroidPotion"},{"floor":35.0,"key":"Block Potion"},{"floor":40.0,"key":"Regen Potion"},{"floor":42.0,"key":"Regen Potion"},{"floor":46.0,"key":"BlessingOfTheForge"}],"is_trial":false,"path_per_floor":["M","M","?","M","M","R","E","R","T","R","M","?","?","$","R","B",null,"M","M","?","?","?","E","R","E","T","E","R","M","E","M","R","B",null,"M","?","$","M","?","E","R","E","T","$","?","?","$","M","R","B","B"],"character_chosen":"THE_SILENT","items_purchased":["Vajra","Lee\u0027s Waffle","TungstenRod","Dark Shackles","OrangePellets"],"campfire_rested":1,"item_purchase_floors":[14,14,37,37,44],"current_hp_per_floor":[58,54,54,50,38,38,15,15,15,15,6,6,6,75,75,24,62,62,64,64,40,87,62,62,35,35,26,26,28,29,5,34,9,75,68,68,68,62,62,55,55,71,71,71,62,62,62,54,54,14,0,0],"gold":65,"neow_bonus":"BOSS_RELIC","is_daily":false,"chose_seed":false,"campfire_upgraded":7,"win_rate":0.0,"timestamp":1611106471,"path_taken":["M","M","?","M","M","R","E","R","T","R","M","?","?","?","R","BOSS","M","M","?","?","?","E","R","E","T","E","R","M","E","M","R","BOSS","M","?","?","M","?","E","R","E","T","$","?","?","?","M","R","BOSS","BOSS"],"items_purchased_type":["Relic","Relic","Relic","Card","Relic"],"build_version":"2020-12-22","purchased_purges":0,"victory":false,"max_hp_per_floor":[66,66,66,66,66,66,68,68,68,68,68,68,68,75,75,75,75,75,77,77,77,87,89,89,89,89,91,91,93,95,97,97,97,97,97,97,97,97,97,99,99,101,101,101,101,101,101,101,101,101,101,101],"relic_stats":{"Lee\u0027s Waffle":69,"Singing Bowl":18,"counters":[24,135],"Tingsha":[36],"Juzu Bracelet":3,"War Paint":["Acrobatics","Survivor"],"Cursed Key":0,"OrangePellets":[5],"Nunchaku":[19],"Lizard Tail":50,"Bronze Scales":[189],"Pandora\u0027s Box":["Envenom","Unload","Flechettes","Blur","Backflip","Acrobatics","Riddle With Holes","Blade Dance","Deadly Poison"],"obtain_stats":[{"Potion Belt":23,"Lee\u0027s Waffle":14,"Singing Bowl":7,"Vajra":14,"Tingsha":40,"Juzu Bracelet":9,"War Paint":27,"Cursed Key":34,"Ancient Tea Set":42,"OrangePellets":44,"Nunchaku":25,"Lizard Tail":46,"WristBlade":0,"Bronze Scales":30,"Pandora\u0027s Box":17,"TungstenRod":37,"Ring of the Snake":0},{"Potion Belt":10,"Lee\u0027s Waffle":6,"Singing Bowl":5,"Vajra":6,"Tingsha":19,"Juzu Bracelet":5,"War Paint":12,"Cursed Key":16,"Ancient Tea Set":20,"OrangePellets":20,"Nunchaku":11,"Lizard Tail":21,"WristBlade":0,"Bronze Scales":14,"Pandora\u0027s Box":7,"TungstenRod":17,"Ring of the Snake":0},{"Potion Belt":53,"Lee\u0027s Waffle":30,"Singing Bowl":27,"Vajra":30,"Tingsha":100,"Juzu Bracelet":27,"War Paint":64,"Cursed Key":85,"Ancient Tea Set":106,"OrangePellets":106,"Nunchaku":58,"Lizard Tail":111,"WristBlade":0,"Bronze Scales":73,"Pandora\u0027s Box":40,"TungstenRod":89,"Ring of the Snake":0}],"TungstenRod":26},"card_choices":[{"not_picked":["Escape Plan","Deflect","Riddle With Holes"],"picked":"SKIP","floor":1.0},{"not_picked":["Outmaneuver","Deflect"],"picked":"Setup","floor":2.0},{"not_picked":["Catalyst","Burst"],"picked":"Flechettes","floor":4.0},{"not_picked":["PiercingWail","Catalyst"],"picked":"Poisoned Stab","floor":5.0},{"not_picked":["Underhanded Strike","Sucker Punch","Backflip"],"picked":"Singing Bowl","floor":7.0},{"not_picked":["Cloak And Dagger","Choke"],"picked":"Terror","floor":11.0},{"not_picked":["A Thousand Cuts","Corpse Explosion"],"picked":"After Image","floor":16.0},{"not_picked":["Sucker Punch+1","Outmaneuver"],"picked":"Backflip+1","floor":18.0},{"not_picked":["Concentrate","Underhanded Strike","Slice"],"picked":"Singing Bowl","floor":19.0},{"not_picked":["Slice","Dodge and Roll","Outmaneuver"],"picked":"Singing Bowl","floor":23.0},{"not_picked":["Finisher","Poisoned Stab"],"picked":"A Thousand Cuts","floor":25.0},{"not_picked":["Poisoned Stab","Tactician","Concentrate"],"picked":"Singing Bowl","floor":27.0},{"not_picked":["Dodge and Roll","Dagger Spray","Cloak And Dagger"],"picked":"Singing Bowl","floor":29.0},{"not_picked":["Dodge and Roll","Underhanded Strike","Choke"],"picked":"Singing Bowl","floor":30.0},{"not_picked":["Eviscerate","Bane","Prepared"],"picked":"Singing Bowl","floor":31.0},{"not_picked":["Glass Knife","Storm of Steel"],"picked":"Die Die Die","floor":33.0},{"not_picked":["Outmaneuver","Flying Knee+1"],"picked":"Well Laid Plans","floor":35.0},{"not_picked":["Acrobatics","Deflect"],"picked":"PiercingWail","floor":38.0},{"not_picked":["Choke","Masterful Stab","Glass Knife"],"picked":"Singing Bowl","floor":40.0},{"not_picked":["Deadly Poison","Underhanded Strike","Concentrate"],"picked":"Singing Bowl","floor":42.0},{"not_picked":["Dark Shackles","Magnetism"],"picked":"Panache","floor":45.0},{"not_picked":["Jack Of All Trades","Mayhem"],"picked":"Metamorphosis","floor":45.0},{"not_picked":["Bandage Up","HandOfGreed"],"picked":"Blind","floor":45.0},{"not_picked":["Prepared","Quick Slash"],"picked":"Catalyst","floor":46.0},{"not_picked":["Bouncing Flask","Poisoned Stab"],"picked":"Footwork","floor":48.0}],"player_experience":1077394,"relics_obtained":[{"floor":7.0,"key":"Singing Bowl"},{"floor":9.0,"key":"Juzu Bracelet"},{"floor":23.0,"key":"Potion Belt"},{"floor":25.0,"key":"Nunchaku"},{"floor":27.0,"key":"War Paint"},{"floor":30.0,"key":"Bronze Scales"},{"floor":40.0,"key":"Tingsha"},{"floor":42.0,"key":"Ancient Tea Set"},{"floor":46.0,"key":"Lizard Tail"}],"event_choices":[{"damage_healed":0.0,"max_hp_gain":0.0,"max_hp_loss":0.0,"gold_gain":0.0,"event_name":"Liars Game","player_choice":"Ignored","floor":3.0,"gold_loss":0.0,"damage_taken":0.0},{"damage_healed":0.0,"max_hp_gain":0.0,"max_hp_loss":0.0,"gold_gain":0.0,"cards_transformed":["Strike_G"],"event_name":"Transmorgrifier","player_choice":"Transformed","floor":12.0,"gold_loss":0.0,"damage_taken":0.0,"cards_obtained":["Deflect"]},{"damage_healed":0.0,"max_hp_gain":0.0,"max_hp_loss":0.0,"gold_gain":100.0,"event_name":"Wheel of Change","player_choice":"Gold","floor":13.0,"gold_loss":0.0,"damage_taken":0.0},{"damage_healed":0.0,"max_hp_gain":0.0,"max_hp_loss":0.0,"gold_gain":0.0,"event_name":"The Mausoleum","player_choice":"Ignored","floor":20.0,"gold_loss":0.0,"damage_taken":0.0},{"damage_healed":0.0,"max_hp_gain":0.0,"max_hp_loss":0.0,"gold_gain":90.0,"event_name":"Knowing Skull","player_choice":"POTION GOLD CARD ","floor":21.0,"potions_obtained":["FairyPotion"],"gold_loss":0.0,"damage_taken":24.0,"cards_obtained":["Enlightenment"]},{"cards_removed":["Unload"],"damage_healed":37.0,"max_hp_gain":10.0,"max_hp_loss":0.0,"gold_gain":0.0,"event_name":"Bonfire Elementals","player_choice":"Offered Rare","floor":22.0,"gold_loss":0.0,"damage_taken":0.0},{"damage_healed":0.0,"max_hp_gain":0.0,"max_hp_loss":0.0,"gold_gain":0.0,"event_name":"SecretPortal","player_choice":"Ignored","floor":36.0,"gold_loss":0.0,"damage_taken":0.0},{"cards_removed":["A Thousand Cuts"],"damage_healed":0.0,"max_hp_gain":0.0,"max_hp_loss":0.0,"gold_gain":0.0,"event_name":"Falling","player_choice":"Removed Power","floor":39.0,"gold_loss":0.0,"damage_taken":0.0},{"damage_healed":0.0,"max_hp_gain":0.0,"max_hp_loss":0.0,"gold_gain":0.0,"event_name":"SensoryStone","player_choice":"Memory 3","floor":45.0,"gold_loss":0.0,"damage_taken":10.0},{"damage_healed":0.0,"max_hp_gain":0.0,"max_hp_loss":0.0,"gold_gain":0.0,"event_name":"MindBloom","player_choice":"Fight","floor":46.0,"gold_loss":0.0,"damage_taken":0.0}],"is_beta":false,"boss_relics":[{"not_picked":["Calling Bell","Sozu"],"picked":"Pandora\u0027s Box"},{"not_picked":["Black Star","SlaversCollar"],"picked":"Cursed Key"}],"items_purged_floors":[],"is_endless":false,"potions_floor_spawned":[1,2,4,11,16,23,27,30,31,33,35,40,42,46],"killed_by":"Awakened One","ascension_level":20}}