{"host":"qar7ufw79ipnstj0","time":1611122915,"event":{"mods":["Act Like it!","Aspiration","Astrologer","BaseMod","Challenge The Spire","Conspire","Downfall","Energized Spire","Hallownest","Hermit","Hubris","Infinite Spire","Jorbs\u0027s Wanderer Trilogy","Minty Spire (QoL Compilation)","Pale of the Ancients","Relic Sorter","Slumbering Mod","Somnambulant","StSLib","The Bug Knight","The Cursed","The Elementalist","The Factory","The Hierophant","The Jungle","The Runesmith","Wandering Minibosses","vexMod"],"gold_per_floor":[0,16,27,27,39,54,54,80,106,136,136,171,69,69,89,235,235,235,259,288,11,43,43,43,128,179,203,203,226,226,245,276,386,386,386,436,464,502,524,524,550,617,617,634,685,706,747,747,780,791],"floor_reached":51,"language":"ENG","playtime":4380,"items_purged":["hexamod:Strike"],"score":798,"play_id":"ac5422be-776f-421d-871b-e570ef42a36c","local_time":"20210120000835","is_ascension_mode":true,"campfire_choices":[{"data":"hexamod:Float","floor":1,"key":"SMITH"},{"floor":11,"key":"REST"},{"data":"hexamod:ForkedFlame","floor":18,"key":"SMITH"},{"data":"hexamod:FastForward","floor":23,"key":"SMITH"},{"data":"hexamod:CatchUp","floor":28,"key":"SMITH"},{"data":"hexamod:RecurringNightmare","floor":35,"key":"SMITH"},{"data":"hexamod:Rewind","floor":40,"key":"SMITH"}],"circlet_count":0,"master_deck":["hexamod:Strike","hexamod:Strike","hexamod:Strike","hexamod:Defend","hexamod:Defend","hexamod:Defend","hexamod:Defend","hexamod:Sear","hexamod:Float+1","hexamod:SwordOfDarkness+1","hexamod:Hexaguard","hexamod:FlamesFromBeyond","hexamod:SpectersWail","hexamod:StepThrough","hexamod:GhostLash","hexamod:FastForward+1","hexamod:RecurringNightmare+1","Flash of Steel","hexamod:ForkedFlame+1","hexamod:PowerFromBeyond","hexamod:ParanormalForm+1","hexamod:FlameSwitch","hexamod:FastForward","hexamod:NightmareStrike+1","expansioncontent:DashGenerateEvil","hexamod:CatchUp+1","hexamod:PhantomFireball+1","hexamod:HauntingEcho+1","hexamod:SoulSteal+1","hexamod:ExtraCrispy","hexamod:AdvancingGuard+1","CurseOfTheBell","hexamod:PowerFromBeyond","hexamod:TimeWarp","hexamod:Rewind+1","hexamod:AdvancingGuard+1","hexamod:SpectralSpark","hexamod:GiftsFromTheDead","hexamod:TimeOfNeed"],"relics":["hexamod:SpiritBrand","aspiration:AnachronicSnailShell","hubris:64BitClover","vexMod:ConsolationPrize","vexMod:MysteryBossChallenge","vexMod:EndlessSickness","hubris:MysteriousPyramids","Membership Card","Matryoshka","Vajra","CultistMask","Calling Bell","infinitespire:Beetle Shell","infinitespire:Eraser","conspire:Boomerang","hubris:SphereOfDissonance","Bronze Scales","Girya","Darkstone Periapt","Strawberry","infinitespire:CheckeredPen","hexamod:TheBrokenSeal","Happy Flower","infinitespire:PuzzleCube"],"acts_visited":["Exordium","TheCity","TheBeyond"],"potions_floor_usage":[8,10,10,13,13,16,19,20,20,21,21,29,33,42,42,44,44,44,45,50],"damage_taken":[{"damage":0,"enemies":"conspire:RoseBush","floor":2,"turns":3},{"damage":6,"enemies":"infinitespire:Voidling","floor":3,"turns":4},{"damage":0,"enemies":"Cultist","floor":5,"turns":3},{"damage":4,"enemies":"3 Louse","floor":6,"turns":4},{"damage":19,"enemies":"3 Sentries","floor":8,"turns":8},{"damage":7,"enemies":"2 Fungi Beasts","floor":9,"turns":4},{"damage":12,"enemies":"Gremlin Gang","floor":10,"turns":3},{"damage":11,"enemies":"Exordium Thugs","floor":12,"turns":4},{"damage":3,"enemies":"downfall:FleeingMerchant","floor":13,"turns":4},{"damage":0,"enemies":"Exordium Wildlife","floor":15,"turns":4},{"damage":43,"enemies":"DF_ARCHETYPE_STREAMLINE","floor":16,"turns":9},{"damage":3,"enemies":"3 Byrds","floor":19,"turns":3},{"damage":6,"enemies":"Chosen","floor":20,"turns":4},{"damage":3,"enemies":"downfall:FleeingMerchant","floor":21,"turns":4},{"damage":8,"enemies":"Shelled Parasite and Fungi","floor":22,"turns":4},{"damage":16,"enemies":"conspire:SneckoGhost","floor":26,"turns":7},{"damage":5,"enemies":"conspire:HollyBat","floor":27,"turns":7},{"damage":0,"enemies":"Snecko","floor":29,"turns":3},{"damage":0,"enemies":"Centurion and Healer","floor":31,"turns":3},{"damage":6,"enemies":"conspire:HollyBat","floor":32,"turns":8},{"damage":6,"enemies":"WA_ARCHETYPE_CALM","floor":33,"turns":9},{"damage":10,"enemies":"3 Darklings","floor":37,"turns":3},{"damage":19,"enemies":"3 Shapes","floor":38,"turns":5},{"damage":0,"enemies":"Transient","floor":39,"turns":5},{"damage":48,"enemies":"Maw","floor":42,"turns":8},{"damage":5,"enemies":"Spire Growth","floor":44,"turns":4},{"damage":12,"enemies":"HollowMod:StalkingDevout","floor":45,"turns":8},{"damage":2,"enemies":"Sphere and 2 Shapes","floor":46,"turns":4},{"damage":7,"enemies":"Nemesis","floor":47,"turns":4},{"damage":20,"enemies":"HollowMod:SlobberingHusk","floor":49,"turns":6},{"damage":11,"enemies":"SI_POISON_ARCHETYPE","floor":50,"turns":7}],"seed_played":"3515149228219831333","potions_obtained":[{"floor":3,"key":"Fire Potion"},{"floor":5,"key":"AttackPotion"},{"floor":8,"key":"Swift Potion"},{"floor":8,"key":"PowerPotion"},{"floor":10,"key":"champ:CounterPotion"},{"floor":12,"key":"Slimebound:ThreeZeroPotion"},{"floor":13,"key":"EntropicBrew"},{"floor":15,"key":"champ:CounterPotion"},{"floor":16,"key":"Energy Potion"},{"floor":20,"key":"Guardian:BlockOnCardUsePotion"},{"floor":21,"key":"Fruit Juice"},{"floor":22,"key":"SkillPotion"},{"floor":27,"key":"hexamod:EctoCoolerPotion"},{"floor":29,"key":"Swift Potion"},{"floor":33,"key":"SkillPotion"},{"floor":42,"key":"LiquidBronze"},{"floor":42,"key":"Block Potion"},{"floor":44,"key":"Fire Potion"},{"floor":47,"key":"sneckomod:MuddlingPotion"}],"is_trial":false,"path_per_floor":["R","M","M","?","M","M","T","E","M","M","R","M","$","?","M","B",null,"R","M","M","$","M","R","T","?","E","M","R","M","?","M","M","B",null,"R","?","M","M","M","R","T","M","T","M","E","M","E","?","M","B",null],"character_chosen":"THE_SPIRIT","items_purchased":["Flash of Steel","Membership Card","expansioncontent:DashGenerateEvil"],"campfire_rested":1,"item_purchase_floors":[13,21,21],"current_hp_per_floor":[70,70,68,68,68,64,64,52,52,47,68,64,68,68,70,34,70,70,70,64,73,72,72,72,58,49,51,51,58,58,65,66,60,75,75,75,72,60,60,60,67,19,19,14,92,90,83,83,63,52],"gold":791,"neow_bonus":"ONE_RARE_RELIC","is_daily":false,"chose_seed":false,"campfire_upgraded":6,"win_rate":0.0,"timestamp":1611122915,"path_taken":["R","M","M","?","?","?","T","E","M","M","R","M","$","?","M","BOSS","R","M","M","$","M","R","T","?","E","M","R","M","?","?","M","BOSS","R","?","M","M","M","R","T","M","?","M","E","M","E","?","M","BOSS"],"items_purchased_type":["Card","Relic","Card"],"build_version":"2020-12-22","purchased_purges":1,"victory":true,"max_hp_per_floor":[70,70,70,70,70,70,70,70,70,70,70,70,70,70,70,70,70,70,70,70,75,75,75,75,75,75,75,75,75,75,75,75,75,75,75,75,75,75,75,75,82,82,82,82,92,92,92,92,92,92],"card_choices":[{"not_picked":["hexamod:GhostShield","hexamod:AdvancingGuard"],"picked":"hexamod:SwordOfDarkness","floor":2},{"not_picked":["hexamod:GhostLash","hexamod:RetreatToShadows"],"picked":"hexamod:ThirdSeal","floor":3},{"not_picked":["hexamod:RecurringNightmare","hexamod:PowerFromBeyond"],"picked":"hexamod:Hexaguard","floor":5},{"not_picked":["hexamod:RainOfEmbers","hexamod:HeatMetal","hexamod:Haunt"],"picked":"SKIP","floor":5},{"not_picked":["hexamod:Firestarter","hexamod:GiftsFromTheDead"],"picked":"hexamod:FirstSeal","floor":6},{"not_picked":["hexamod:NightmareStrike","hexamod:FastForward"],"picked":"hexamod:FourthSeal","floor":6},{"not_picked":["hexamod:FastForward","hexamod:SpectralAdrenaline"],"picked":"hexamod:SecondSeal","floor":8},{"not_picked":["hexamod:GhostShield","hexamod:ParanormalForm"],"picked":"hexamod:FlamesFromBeyond","floor":8},{"not_picked":["hexamod:SearingWound","hexamod:NightmareStrike"],"picked":"hexamod:SpectersWail","floor":9},{"not_picked":["hexamod:HauntingEcho","hexamod:ChargedBarrage","hexamod:HeatShield"],"picked":"SKIP","floor":9},{"not_picked":["hexamod:Firestarter","hexamod:NecessarySacrifice"],"picked":"hexamod:StepThrough","floor":10},{"not_picked":["hexamod:GhostOfSpireFuture","hexamod:GhostShield"],"picked":"hexamod:GhostLash","floor":12},{"not_picked":["hexamod:GhostLash","hexamod:ShieldOfDarkness"],"picked":"hexamod:FastForward","floor":12},{"not_picked":["hexamod:SkipABeat","hexamod:SuperheatedStrike"],"picked":"hexamod:RecurringNightmare","floor":13},{"not_picked":["hexamod:FlamesFromBeyond","hexamod:HeatCrush","hexamod:BacktrackSmack"],"picked":"SKIP","floor":13},{"not_picked":["hexamod:RadiantFlame","hexamod:ThermalTransfer"],"picked":"hexamod:ForkedFlame","floor":15},{"not_picked":["hexamod:FlamesFromBeyond","hexamod:SwordOfDarkness"],"picked":"hexamod:PowerFromBeyond","floor":15},{"not_picked":["hexamod:UnleashSpirits","hexamod:WildfireWeapon"],"picked":"hexamod:ParanormalForm","floor":16},{"not_picked":["hexamod:WildfireWeapon","hexamod:ParanormalForm"],"picked":"hexamod:FlameSwitch","floor":16},{"not_picked":["hexamod:ThermalTransfer","hexamod:NightmareGuise","hexamod:BurningTouch"],"picked":"SKIP","floor":19},{"not_picked":["hexamod:NightmareStrike","hexamod:AdvancingGuard"],"picked":"hexamod:FastForward","floor":20},{"not_picked":["hexamod:NightmareStrike","hexamod:FlamesFromBeyond","hexamod:SpectersWail+1"],"picked":"SKIP","floor":20},{"not_picked":["hexamod:ParanormalForm","hexamod:Hexaguard"],"picked":"hexamod:NightmareStrike+1","floor":21},{"not_picked":["hexamod:EmpoweredFlame","hexamod:ChargedBarrage","hexamod:ShieldOfDarkness"],"picked":"SKIP","floor":21},{"not_picked":["hexamod:GhostLash","hexamod:Firestarter","hexamod:SecondSeal"],"picked":"SKIP","floor":22},{"not_picked":["hexamod:SpectersWail","hexamod:Rewind","hexamod:HauntingEcho"],"picked":"SKIP","floor":22},{"not_picked":["hexamod:SwordOfDarkness+1","hexamod:FlamesFromBeyond"],"picked":"hexamod:CatchUp","floor":26},{"not_picked":["hexamod:HeatShield","hexamod:FlameSwitch"],"picked":"hexamod:PhantomFireball+1","floor":26},{"not_picked":["hexamod:SwordOfDarkness+1","hexamod:AdvancingGuard"],"picked":"hexamod:HauntingEcho+1","floor":27},{"not_picked":["hexamod:EmpoweredFlame","hexamod:FastForward+1","hexamod:SuperheatedStrike"],"picked":"SKIP","floor":27},{"not_picked":["hexamod:FlamesFromBeyond","hexamod:SpectersWail","hexamod:HeatMetal"],"picked":"SKIP","floor":29},{"not_picked":["hexamod:EmpoweredFlame+1","hexamod:NightmareGuise"],"picked":"hexamod:SoulSteal+1","floor":31},{"not_picked":["hexamod:SoulSteal","hexamod:HauntingEcho"],"picked":"hexamod:ExtraCrispy","floor":31},{"not_picked":["hexamod:SpectersWail","hexamod:ShieldOfDarkness"],"picked":"hexamod:AdvancingGuard+1","floor":32},{"not_picked":["hexamod:HeatCrush","hexamod:RecurringNightmare","hexamod:InspiringFlames"],"picked":"SKIP","floor":32},{"not_picked":["hexamod:FlameSwitch","hexamod:UnleashSpirits"],"picked":"hexamod:FifthSeal","floor":33},{"not_picked":["hexamod:FourthSeal","hexamod:HauntingEcho+1"],"picked":"hexamod:PowerFromBeyond","floor":37},{"not_picked":["hexamod:NightmareStrike+1","hexamod:GhostflameBarrier"],"picked":"hexamod:TimeWarp","floor":38},{"not_picked":["hexamod:ThirdSeal","hexamod:FirstSeal","hexamod:SecondSeal"],"picked":"SKIP","floor":38},{"not_picked":["hexamod:InspiringFlames","hexamod:RainOfEmbers","hexamod:SuperheatedStrike+1"],"picked":"SKIP","floor":38},{"not_picked":["hexamod:Hexaguard+1","hexamod:HeatMetal+1"],"picked":"hexamod:Rewind","floor":39},{"not_picked":["hexamod:ThirdSeal","hexamod:FourthSeal","hexamod:SecondSeal"],"picked":"SKIP","floor":39},{"not_picked":["hexamod:HeatMetal+1","hexamod:SpectersWail+1"],"picked":"hexamod:AdvancingGuard+1","floor":42},{"not_picked":["hexamod:SecondSeal","hexamod:FirstSeal"],"picked":"hexamod:SixthSeal","floor":42},{"not_picked":["hexamod:ChargedBarrage+1","hexamod:SpectersWail","hexamod:RadiantFlame+1"],"picked":"SKIP","floor":42},{"not_picked":["hexamod:BacktrackSmack","hexamod:SpectersWail","hexamod:ThermalTransfer+1"],"picked":"SKIP","floor":44},{"not_picked":["hexamod:FlamesFromBeyond+1","hexamod:ThermalTransfer+1","hexamod:Firestarter+1"],"picked":"SKIP","floor":44},{"not_picked":["hexamod:DynamicBlow+1","hexamod:NightmareGuise+1"],"picked":"hexamod:SpectralSpark","floor":45},{"not_picked":["hexamod:DynamicBlow","hexamod:BacktrackSmack+1","hexamod:SecondSeal"],"picked":"SKIP","floor":45},{"not_picked":["hexamod:ShieldOfDarkness","hexamod:SwordOfDarkness"],"picked":"hexamod:GiftsFromTheDead","floor":46},{"not_picked":["hexamod:FlamesFromBeyond+1","hexamod:SuperheatedStrike"],"picked":"hexamod:TimeOfNeed","floor":47},{"not_picked":["hexamod:EmpoweredFlame","hexamod:SwordOfDarkness","hexamod:Rewind"],"picked":"SKIP","floor":49}],"player_experience":312538,"relics_obtained":[{"floor":7,"key":"hubris:64BitClover"},{"floor":8,"key":"vexMod:ConsolationPrize"},{"floor":20,"key":"hubris:MysteriousPyramids"},{"floor":24,"key":"Matryoshka"},{"floor":26,"key":"Vajra"},{"floor":34,"key":"infinitespire:Beetle Shell"},{"floor":34,"key":"infinitespire:Eraser"},{"floor":34,"key":"conspire:Boomerang"},{"floor":36,"key":"hubris:SphereOfDissonance"},{"floor":36,"key":"Bronze Scales"},{"floor":37,"key":"Girya"},{"floor":41,"key":"Darkstone Periapt"},{"floor":41,"key":"Strawberry"},{"floor":43,"key":"infinitespire:CheckeredPen"},{"floor":45,"key":"Happy Flower"},{"floor":47,"key":"infinitespire:PuzzleCube"}],"event_choices":[{"damage_healed":0,"gold_gain":0,"player_choice":"Trade","damage_taken":0,"relics_obtained":["CultistMask"],"max_hp_gain":0,"max_hp_loss":0,"event_name":"FaceTrader","floor":30,"gold_loss":0}],"is_beta":false,"boss_relics":[{"not_picked":["hexamod:UnbrokenSoul","aspiration:MobileForge"],"picked":"vexMod:MysteryBossChallenge"},{"not_picked":["vexMod:BigBerry","vexMod:RockOfEvil"],"picked":"Calling Bell"}],"items_purged_floors":[21],"is_endless":false,"potions_floor_spawned":[3,5,8,15,20,26,27,29,31,33,37,42,44,47],"ascension_level":1}}