{"host":"o6k2gaocsza4qys9","time":1611135160,"event":{"mods":["BaseMod","Minty Spire (QoL Compilation)","Relic Stats"],"gold_per_floor":[110,126,136,147,222,222,252,252,279,279,304,320,320,320,320,394,394,408,418,257,268,283,283,283],"floor_reached":23,"language":"ENG","playtime":952,"items_purged":["Strike_R"],"score":406,"play_id":"47e6de49-72d7-45bf-9f62-6cc46ca762f7","local_time":"20210120173240","is_ascension_mode":true,"campfire_choices":[{"data":"Bash","floor":6,"key":"SMITH"},{"data":"Wild Strike","floor":8,"key":"SMITH"},{"data":"True Grit","floor":10,"key":"SMITH"},{"floor":13,"key":"REST"},{"data":"Anger","floor":15,"key":"SMITH"}],"circlet_count":0,"master_deck":["AscendersBane","Strike_R","Strike_R","Strike_R","Strike_R","Defend_R+1","Defend_R","Defend_R","Defend_R+1","Bash+1","Wild Strike+1","True Grit+1","Anger+1","Shrug It Off","Whirlwind+1","Corruption","Seeing Red","Burning Pact","Shockwave+1"],"relics":["Burning Blood","War Paint","Orichalcum","Bronze Scales","Omamori","Velvet Choker"],"acts_visited":["Exordium","TheCity"],"potions_floor_usage":[7,16,18,23],"damage_taken":[{"damage":1,"enemies":"Cultist","floor":1,"turns":3},{"damage":5,"enemies":"Small Slimes","floor":2,"turns":3},{"damage":7,"enemies":"Jaw Worm","floor":3,"turns":5},{"damage":13,"enemies":"Large Slime","floor":4,"turns":6},{"damage":31,"enemies":"Gremlin Nob","floor":7,"turns":4},{"damage":21,"enemies":"Lagavulin","floor":11,"turns":6},{"damage":2,"enemies":"3 Louse","floor":12,"turns":3},{"damage":18,"enemies":"Slime Boss","floor":16,"turns":9},{"damage":13,"enemies":"2 Thieves","floor":18,"turns":1},{"damage":5,"enemies":"Spheric Guardian","floor":19,"turns":3},{"damage":21,"enemies":"Centurion and Healer","floor":21,"turns":6},{"damage":23,"enemies":"Snake Plant","floor":22,"turns":5},{"damage":32,"enemies":"Slavers","floor":23,"turns":3}],"seed_played":"362958467368190133","potions_obtained":[{"floor":1,"key":"CultistPotion"},{"floor":2,"key":"FearPotion"},{"floor":11,"key":"DistilledChaos"},{"floor":16,"key":"SkillPotion"},{"floor":19,"key":"Strength Potion"}],"is_trial":false,"path_per_floor":["M","M","M","M","?","R","E","R","T","R","E","M","R","?","R","B",null,"M","M","$","M","M","E"],"character_chosen":"IRONCLAD","items_purchased":["Burning Pact"],"campfire_rested":1,"item_purchase_floors":[20],"current_hp_per_floor":[73,74,73,66,55,55,30,30,30,30,15,19,41,41,41,29,64,57,58,58,43,26,0,0],"gold":283,"neow_bonus":"RANDOM_COMMON_RELIC","is_daily":false,"chose_seed":false,"campfire_upgraded":4,"win_rate":0.0,"timestamp":1611135160,"path_taken":["M","M","M","M","?","R","E","R","T","R","E","M","R","?","R","BOSS","M","M","?","M","M","E"],"items_purchased_type":["Card"],"build_version":"2020-12-22","purchased_purges":1,"victory":false,"max_hp_per_floor":[75,75,75,75,75,75,75,75,75,75,75,75,75,75,75,75,75,75,75,75,75,75,75,75],"relic_stats":{"counters":[13,57],"Bronze Scales":[85],"War Paint":["Defend_R","Defend_R"],"Orichalcum":[78],"obtain_stats":[{"Bronze Scales":9,"Velvet Choker":17,"Omamori":11,"War Paint":0,"Orichalcum":7,"Burning Blood":0},{"Bronze Scales":5,"Velvet Choker":8,"Omamori":6,"War Paint":0,"Orichalcum":5,"Burning Blood":0},{"Bronze Scales":21,"Velvet Choker":39,"Omamori":27,"War Paint":0,"Orichalcum":21,"Burning Blood":0}],"Burning Blood":72},"card_choices":[{"not_picked":["Seeing Red","Evolve"],"picked":"Wild Strike","floor":1},{"not_picked":["Heavy Blade","Dark Embrace"],"picked":"True Grit","floor":2},{"not_picked":["Clash","Seeing Red"],"picked":"Anger","floor":3},{"not_picked":["Pummel","Dual Wield","Clash"],"picked":"SKIP","floor":4},{"not_picked":["Pummel","Clash","Dark Embrace"],"picked":"SKIP","floor":7},{"not_picked":["Flex","Anger"],"picked":"Shrug It Off","floor":11},{"not_picked":["Blood for Blood","Seeing Red"],"picked":"Whirlwind","floor":12},{"not_picked":["Feed","Immolate"],"picked":"Corruption","floor":16},{"not_picked":["Disarm","Flex"],"picked":"Seeing Red","floor":18},{"not_picked":["Anger","Sword Boomerang","Twin Strike"],"picked":"SKIP","floor":19},{"not_picked":["Hemokinesis","Power Through","Twin Strike"],"picked":"SKIP","floor":21},{"not_picked":["Seeing Red+1","Rupture"],"picked":"Shockwave+1","floor":22}],"player_experience":447692,"relics_obtained":[{"floor":7,"key":"Orichalcum"},{"floor":9,"key":"Bronze Scales"},{"floor":11,"key":"Omamori"}],"event_choices":[{"damage_healed":0,"gold_gain":75,"player_choice":"Gather Gold","damage_taken":11,"max_hp_gain":0,"max_hp_loss":0,"event_name":"World of Goop","floor":5,"gold_loss":0},{"damage_healed":0,"gold_gain":0,"player_choice":"Upgraded","damage_taken":0,"max_hp_gain":0,"max_hp_loss":0,"event_name":"Upgrade Shrine","floor":14,"gold_loss":0,"cards_upgraded":["Whirlwind"]}],"is_beta":false,"boss_relics":[{"not_picked":["Snecko Eye","Astrolabe"],"picked":"Velvet Choker"}],"items_purged_floors":[20],"is_endless":false,"potions_floor_spawned":[1,2,11,16,19,22],"killed_by":"Slavers","ascension_level":20}}