{"host":"465m78bh87h7wxsp","time":1611123103,"event":{"mods":["ATMod(阿瑾Mod)","Act Like it!","Alarm Clock","Aspiration","BaseMod","Better Debug","CapriCore","Decade(王小明)","Gensokyo","GungeonMod","Hallownest","Hermit","HololiveMod","Infinite Spire","Jorbs\u0027s Wanderer Trilogy","KinomotoSakuraMod(木之本樱)","Koishi","KomeijiMod","Lobotomy","LobotomyExtend","Marisa（F雨　魔理沙）","Minty Spire (QoL Compilation)","MostiFishMod","Red Circlet Mod","Reimu（博丽灵梦）","Replay The Spire","RumiaBox-露米娅的神秘盒子","Ryuuou龙王","SOS（斯巴达之子）","Shop Mod","Spicy Shops","StSLib","TestMod","The Administrix","The Animator","The Bug Knight","The Cursed","The Hierophant","The Immortal","The Senshi","The Servant 0.9.4","Uncapped","Waifu the Spire","WarShipGirlsR/战舰少女R mod","Yakumo Yukari mod","Youmu（魂魄妖梦）","Yuyuko","[IsaacMod]以撒尖塔","noobMod","vexMod","【功能Mod】混沌之环修复补丁","【功能Mod】聪明的最终Boss","【遗物卡牌】REMEMod"],"gold_per_floor":[116,1,1,1,1,19,19,19,19,48,48,73,173,184,184,279,279,292,302,302,318,318,318,318,350,430,480,221,321,321,332,332,430,430,441,441,108,108,124,124,123,123,123,128,128,128,146,162,162,162,162,162,162,6,34,34],"floor_reached":57,"language":"ZHS","playtime":1939,"items_purged":[],"score":1274,"play_id":"5eebc9dc-ca96-465e-bbf5-c16fc35b59d6","local_time":"20210120141143","is_ascension_mode":false,"campfire_choices":[{"floor":8,"key":"RECALL"},{"data":"AT_FocusSwordFire","floor":15,"key":"SMITH"},{"data":"AbsoluteMagnitude","floor":23,"key":"SMITH"},{"data":"CollectingQuirk","floor":32,"key":"SMITH"},{"data":"MostiFishMod:SparklingWater","floor":40,"key":"SMITH"},{"data":"BigCrunch","floor":42,"key":"SMITH"},{"data":"ChargingUp","floor":45,"key":"SMITH"},{"data":"infinitespire:Collect","floor":49,"key":"SMITH"},{"data":"CasketOfStar","floor":53,"key":"SMITH"}],"circlet_count":0,"master_deck":["MostiFishMod:Neptune","MostiFishMod:TheEndOfMoonlight","MostiFishMod:SparklingWater+1","MostiFishMod:NightSea","Gensokyo:FourOfAKind","Gensokyo:FourOfAKind","Gensokyo:FourOfAKind","Gensokyo:FourOfAKind","infinitespire:Collect+1","JA","MysteriousBeam","MillisecondPulsars","SprinkleStarSeal","MagicChant","PulseMagic","UltimateShortwave","SatelliteIllusion","NonDirectionalLaser","SuperPerseids","CasketOfStar","DeepEcoloBomb","NonDirectionalLaser","SatelliteIllusion","IllusionStar","ChargingUp","CasketOfStar","DarkMatter","DeepEcoloBomb","GalacticHalo","DeepEcoloBomb","Orbital","DeepEcoloBomb","CollectingQuirk","MachineGunSpark","Occultation","Acceleration","SuperPerseids","CasketOfStar+1","OneTimeOff","SporeBomb","Acceleration","GalacticHalo+1"],"relics":["MiniHakkero","DaveBox","ice","HushsDoor","testmod-TestBox","AT_ATBox","REME_ComplimentaryCards","testmod-IntensifyImprint","GuppysTail","ExusiaiGun","aspiration:Nostalgia","Yuyuko\u0027s fan","SynthV:TestCard","LetterFromLob","DemoMod:GnawedKey","ReplayTheSpireMod:TigerMarble","MagicBullet_r","ShroomBag","infinitespire:BottledMercury","MoonlightInvasionPlan","Gensokyo:DirgeOfMelancholy","DemoMod:MemoryAlloy","theSenshi:FeatherClipsRelic","DeadEye","DemoMod:LamentConfigurum","AT_TimeSand","MoneyPower","vexMod:RedPlottingStone","Gensokyo:MosesMiracle","BlankCard","DemoMod:GlassGuonStoneRelic","testmod-BouquetWithThorns","ExperimentalFamiliar","ReplayTheSpireMod:Ring of Exchange","REME_OnlineShoppingPlatform","MagicDraw1","testmod-Alchemist","CatCart","NightmareShop","FixedStarFall","BrkXgEgg","Hololive_LightStick"],"acts_visited":["Exordium","Gensokyo:Gensokyoer","TheBeyond","TheEnding"],"potions_floor_usage":[12,29,29,41,44,44],"damage_taken":[{"damage":3,"enemies":"Cultist","floor":1,"turns":1},{"damage":1,"enemies":"Jaw Worm","floor":6,"turns":1},{"damage":4,"enemies":"HollowMod:MossKnight","floor":10,"turns":1},{"damage":5,"enemies":"Lagavulin","floor":12,"turns":2},{"damage":3,"enemies":"Small Slimes","floor":14,"turns":1},{"damage":33,"enemies":"The Guardian","floor":16,"turns":3},{"damage":1,"enemies":"Gensokyo:2_Gloops","floor":18,"turns":1},{"damage":1,"enemies":"Gensokyo:CosmicMonolith","floor":19,"turns":1},{"damage":22,"enemies":"Gensokyo:3_Gloops","floor":21,"turns":2},{"damage":2,"enemies":"Gensokyo:Reisen","floor":25,"turns":1},{"damage":6,"enemies":"Hiden Room Battle","floor":27,"turns":3},{"damage":4,"enemies":"Hiden Room Battle","floor":29,"turns":3},{"damage":14,"enemies":"Gensokyo:Swordslinger","floor":31,"turns":2},{"damage":2,"enemies":"Gensokyo:Eiki","floor":33,"turns":1},{"damage":1,"enemies":"Orb Walker","floor":35,"turns":1},{"damage":22,"enemies":"3 Shapes","floor":39,"turns":1},{"damage":1,"enemies":"Maw","floor":41,"turns":1},{"damage":3,"enemies":"Orin","floor":44,"turns":2},{"damage":1,"enemies":"Sphere and 2 Shapes","floor":47,"turns":1},{"damage":2,"enemies":"Jaw Worm Horde","floor":48,"turns":2},{"damage":3,"enemies":"Replay:Hell Engine","floor":50,"turns":1},{"damage":2,"enemies":"Shield and Spear","floor":55,"turns":2},{"damage":43,"enemies":"The Heart","floor":56,"turns":3}],"seed_played":"-7279576551821221863","potions_obtained":[{"floor":1,"key":"PowerPotion"},{"floor":12,"key":"REME_GoldPotion"},{"floor":18,"key":"AttackPotion"},{"floor":21,"key":"LiquidMemories"},{"floor":29,"key":"FearPotion"},{"floor":48,"key":"Venom Potion"}],"is_trial":false,"path_per_floor":["M","$","?","$","?","M","M","R","T","E","$","E","?","M","R","B",null,"M","M","?","M","?","R","?","E","T","?","$","?","?","M","R","B",null,"M","?","$","?","M","R","M","R","T","?","R","AVR","M","M","R","B",null,null,"R","$","E","B",null],"character_chosen":"MARISA","items_purchased":["DemoMod:GnawedKey","AT_TimeSand","REME_OnlineShoppingPlatform","MagicDraw1","BrkXgEgg"],"campfire_rested":0,"item_purchase_floors":[2,28,37,37,54],"current_hp_per_floor":[72,72,75,75,75,74,74,74,74,71,71,68,68,69,69,41,75,74,73,53,38,38,38,38,36,36,42,42,52,52,47,47,53,53,53,53,53,50,36,36,43,43,43,50,50,44,44,44,44,44,44,44,44,44,44,47],"gold":34,"neow_bonus":"NOSTALGIA","is_daily":false,"chose_seed":false,"campfire_upgraded":8,"win_rate":0.0,"timestamp":1611123103,"path_taken":["M","?","?","$","?","M","?","R","T","E","$","E","?","M","R","BOSS","M","M","?","M","?","R","?","E","T","?","?","?","?","M","R","BOSS","M","?","$","?","M","R","M","R","T","?","R","AVR","?","M","R","BOSS","R","$","E","BOSS"],"items_purchased_type":["Relic","Relic","Relic","Relic","Relic"],"build_version":"2020-12-22","purchased_purges":0,"victory":true,"max_hp_per_floor":[75,75,75,75,75,75,75,75,75,75,75,75,75,75,75,75,75,75,75,53,53,53,53,53,53,53,53,53,53,53,53,53,53,53,53,53,53,50,50,50,50,50,50,50,50,44,44,44,44,44,44,44,44,44,44,49],"card_choices":[{"not_picked":[],"picked":"Bomb","floor":0},{"not_picked":["AsteroidBelt","GrandCross"],"picked":"GalacticHalo","floor":1},{"not_picked":["ChargingUp","MagicAbsorber","MilkyWay","ShootingEcho"],"picked":"6A","floor":6},{"not_picked":["OneTimeOff","MilkyWay","6A","PropBag"],"picked":"EventHorizon","floor":10},{"not_picked":["ShootingEcho","DoubleSpark","ManaRampage","EnergyRecoil"],"picked":"Acceleration","floor":12},{"not_picked":["Robbery","GrandCross","Orbital","DC"],"picked":"GalacticHalo","floor":14},{"not_picked":["JA","SuperNova","BlazingStar","AbsoluteMagnitude"],"picked":"StarDustReverie","floor":16},{"not_picked":["MysteriousBeam+1","6A+1","SporeBomb","WitchOfGreed+1"],"picked":"ChargeUpSpray+1","floor":18},{"not_picked":["OneTimeOff","DoubleSpark","DragonMeteor+1","PropBag"],"picked":"AbsoluteMagnitude","floor":19},{"not_picked":["IllusionStar+1","LuminesStrike","AlicesGift","WitchOfGreed"],"picked":"BlazeAway+1","floor":21},{"not_picked":["FairyDestructionRay","ShootingEcho","LuminesStrike","UnstableBomb"],"picked":"ChargingUp","floor":25},{"not_picked":["Acceleration","WitchOfGreed+1","PulseMagic+1","MeteoricShower"],"picked":"CollectingQuirk","floor":29},{"not_picked":["DC","GravityBeat","NonDirectionalLaser+1","AsteroidBelt+1"],"picked":"StarlightTyphoon+1","floor":31},{"not_picked":["BinaryStars","MaximisePower","BlazingStar","SuperNova"],"picked":"TreasureHunter","floor":33},{"not_picked":["StarlightTyphoon","MachineGunSpark+1","OneTimeOff+1","WitchLeyline","MilkyWay"],"picked":"SKIP","floor":35},{"not_picked":["ShootingEcho+1","UnstableBomb","EarthLightRay","GalacticHalo"],"picked":"Robbery+1","floor":39},{"not_picked":["NonDirectionalLaser+1","Robbery","PropBag","GrandCross+1"],"picked":"Acceleration+1","floor":41},{"not_picked":["GrandCross+1","EventHorizon+1","AsteroidBelt","DragonMeteor+1"],"picked":"PowerUp","floor":44},{"not_picked":["6A","AsteroidBelt+1","GravityBeat","WitchOfGreed+1"],"picked":"Acceleration","floor":47},{"not_picked":["GrandCross","MilkyWay+1","EarthLightRay","StarBarrage"],"picked":"GalacticHalo+1","floor":48},{"not_picked":["EventHorizon","MeteoricShower","DoubleSpark","ShootTheMoon+1","JA+1"],"picked":"SKIP","floor":55}],"player_experience":21155,"relics_obtained":[{"floor":1,"key":"SynthV:TestCard"},{"floor":1,"key":"LetterFromLob"},{"floor":5,"key":"ReplayTheSpireMod:TigerMarble"},{"floor":10,"key":"ShroomBag"},{"floor":12,"key":"infinitespire:BottledMercury"},{"floor":25,"key":"DemoMod:MemoryAlloy"},{"floor":26,"key":"theSenshi:FeatherClipsRelic"},{"floor":27,"key":"DeadEye"},{"floor":27,"key":"DemoMod:LamentConfigurum"},{"floor":29,"key":"MoneyPower"},{"floor":29,"key":"vexMod:RedPlottingStone"},{"floor":33,"key":"testmod-BouquetWithThorns"},{"floor":35,"key":"Gensokyo:MosesMiracle"},{"floor":36,"key":"ReplayTheSpireMod:Ring of Exchange"},{"floor":43,"key":"testmod-Alchemist"},{"floor":44,"key":"CatCart"},{"floor":55,"key":"Hololive_LightStick"}],"event_choices":[{"damage_healed":0,"gold_gain":100,"player_choice":"Pray","damage_taken":0,"max_hp_gain":0,"max_hp_loss":0,"event_name":"Golden Shrine","floor":13,"gold_loss":0},{"damage_healed":0,"gold_gain":0,"player_choice":"Fight","damage_taken":0,"max_hp_gain":0,"max_hp_loss":0,"event_name":"HidenRoomEvent","floor":27,"gold_loss":0},{"damage_healed":0,"gold_gain":0,"player_choice":"Max HP","damage_taken":0,"max_hp_gain":0,"max_hp_loss":3,"event_name":"Winding Halls","floor":38,"gold_loss":0},{"damage_healed":0,"gold_gain":0,"player_choice":"Fight","damage_taken":0,"max_hp_gain":0,"max_hp_loss":0,"event_name":"OrinTheCat","floor":44,"gold_loss":0}],"is_beta":false,"boss_relics":[{"not_picked":["Ectoplasm","EE1DDrone"],"picked":"MoonlightInvasionPlan"},{"not_picked":[]},{"not_picked":["vexMod:EndlessSickness","Tiny House"],"picked":"ExperimentalFamiliar"},{"not_picked":[]}],"items_purged_floors":[],"is_endless":false,"potions_floor_spawned":[1,12,18,21,27,29,41,44,48],"ascension_level":0}}