{"host":"3imo7wsdyu7efakj","time":1611137421,"event":{"mods":["BaseMod","Downfall","Minty Spire (QoL Compilation)","Quick Restart","StSLib"],"gold_per_floor":[99,99,99,99,99,116,171,189,209,241,260,295,295,324,342,342,342,342],"floor_reached":16,"language":"ZHS","playtime":1489,"items_purged":[],"score":110,"play_id":"f84ddd18-63f3-4479-bae5-3409f7ac9538","local_time":"20210120181021","is_ascension_mode":false,"campfire_choices":[{"floor":1,"key":"RECALL"},{"data":"sneckomod:PureSnecko","floor":13,"key":"SMITH"}],"circlet_count":0,"master_deck":["sneckomod:Strike","sneckomod:Strike","sneckomod:Strike","sneckomod:Defend","sneckomod:Defend","sneckomod:Defend","sneckomod:TailWhip","sneckomod:SnekBite","sneckomod:Unknown","sneckomod:Unknown","sneckomod:PureSnecko","sneckomod:UnknownUncommonAttack","sneckomod:UnknownBlock","sneckomod:Unknown","sneckomod:Unknown","Shame","sneckomod:QuickBite","sneckomod:UnknownRarePower","sneckomod:UnknownDraw","sneckomod:UnknownDraw","sneckomod:SoulCleanse","sneckomod:PureSnecko+1","sneckomod:SoulRoll","sneckomod:DiceBlock"],"relics":["sneckomod:SneckoSoul","downfall:HeartsMalice","PreservedInsect","Slimebound:PreparedRelic","Bottled Flame","Odd Mushroom"],"acts_visited":["Exordium"],"potions_floor_usage":[10,12,12,15,16],"damage_taken":[{"damage":0,"enemies":"Small Slimes","floor":2,"turns":1},{"damage":0,"enemies":"Cultist","floor":3,"turns":1},{"damage":0,"enemies":"Jaw Worm","floor":4,"turns":1},{"damage":4,"enemies":"2 Fungi Beasts","floor":6,"turns":5},{"damage":7,"enemies":"Gremlin Gang","floor":8,"turns":5},{"damage":8,"enemies":"Large Slime","floor":9,"turns":7},{"damage":27,"enemies":"3 Sentries","floor":10,"turns":3},{"damage":2,"enemies":"Blue Slaver","floor":11,"turns":2},{"damage":18,"enemies":"Lagavulin","floor":12,"turns":7},{"damage":7,"enemies":"The Mushroom Lair","floor":14,"turns":2},{"damage":10,"enemies":"Exordium Thugs","floor":15,"turns":3},{"damage":18,"enemies":"SI_SHIV_ARCHETYPE","floor":16,"turns":2}],"seed_played":"916748010616820050","potions_obtained":[{"floor":6,"key":"Weak Potion"},{"floor":10,"key":"Fruit Juice"},{"floor":11,"key":"PowerPotion"},{"floor":14,"key":"Explosive Potion"},{"floor":15,"key":"LiquidBronze"}],"is_trial":false,"path_per_floor":["R","M","M","M","?","M","T","M","M","E","M","E","R","?","M","B"],"character_chosen":"THE_SNECKO","items_purchased":[],"campfire_rested":0,"item_purchase_floors":[],"current_hp_per_floor":[90,90,90,90,90,86,86,82,74,52,50,32,32,25,15,0,0,0],"gold":342,"neow_bonus":"THREE_ENEMY_KILL","is_daily":false,"chose_seed":false,"campfire_upgraded":1,"win_rate":0.0,"timestamp":1611137421,"path_taken":["R","M","M","M","?","M","T","?","M","E","M","E","R","?","M","BOSS"],"items_purchased_type":[],"build_version":"2020-12-22","purchased_purges":0,"victory":false,"max_hp_per_floor":[90,90,90,90,90,90,90,93,93,98,98,98,98,98,98,98,98,98],"card_choices":[{"not_picked":["sneckomod:UnknownCommonAttack","sneckomod:UnknownDexterity"],"picked":"sneckomod:PureSnecko","floor":2},{"not_picked":["sneckomod:Nope","sneckomod:UnknownX"],"picked":"sneckomod:UnknownUncommonAttack","floor":3},{"not_picked":["sneckomod:TrashToTreasure","sneckomod:DiceCrush"],"picked":"sneckomod:UnknownBlock","floor":4},{"not_picked":["sneckomod:RainOfDice","sneckomod:UnknownUncommonAttack"],"picked":"sneckomod:QuickBite","floor":6},{"not_picked":["sneckomod:IronFang","sneckomod:WideSting"],"picked":"sneckomod:UnknownRarePower","floor":8},{"not_picked":["sneckomod:CheapStock","sneckomod:DiceCrush"],"picked":"sneckomod:UnknownDraw","floor":9},{"not_picked":["sneckomod:Unknown2Cost","sneckomod:UnknownCommonAttack"],"picked":"sneckomod:UnknownDraw","floor":10},{"not_picked":["sneckomod:UnknownDexterity","sneckomod:UnknownDraw"],"picked":"sneckomod:SoulCleanse","floor":11},{"not_picked":["sneckomod:QuickBite","sneckomod:MixItUp"],"picked":"sneckomod:PureSnecko","floor":12},{"not_picked":["sneckomod:Memorize","sneckomod:UnknownVulnerable"],"picked":"sneckomod:SoulRoll","floor":14},{"not_picked":["sneckomod:MasterEye","sneckomod:UnknownDraw"],"picked":"sneckomod:DiceBlock","floor":15}],"player_experience":264325,"relics_obtained":[{"floor":7,"key":"PreservedInsect"},{"floor":10,"key":"Slimebound:PreparedRelic"},{"floor":12,"key":"Bottled Flame"},{"floor":14,"key":"Odd Mushroom"}],"event_choices":[{"damage_healed":0,"gold_gain":0,"player_choice":"Fought Mushrooms","damage_taken":0,"max_hp_gain":0,"max_hp_loss":0,"event_name":"Mushrooms","floor":14,"gold_loss":0}],"is_beta":false,"boss_relics":[],"items_purged_floors":[],"is_endless":false,"potions_floor_spawned":[6,10,11,14,15],"killed_by":"SI_SHIV_ARCHETYPE","ascension_level":0}}