{"host":"h4qgcirtxz6qax9j","time":1611118203,"event":{"mods":["AchievementEnabler","BaseMod","Colored Powertips","Hermit","Minty Spire (QoL Compilation)","StSLib","SuperFastMode","The Servant 0.9.4"],"gold_per_floor":[116,133,110,122,134,134,169,187,187,205,264,264,264,210,210,336,336,355,355,380,395,419,419,195,195,195],"floor_reached":25,"language":"KOR","playtime":1000,"items_purged":[],"score":236,"play_id":"07677412-8e8a-4433-bb76-f1d57f7f7a1e","local_time":"20210120135003","is_ascension_mode":true,"campfire_choices":[{"floor":6.0,"key":"REST"},{"floor":13.0,"key":"REST"},{"floor":15.0,"key":"REST"},{"floor":23,"key":"REST"}],"circlet_count":0,"master_deck":["Strike_S","Strike_S","Strike_S","Strike_S","Defend_S","Defend_S","Defend_S","Defend_S","KidneyShot","Exchange","Clumsy","KillingDoll","Moondial","FastForward","ShatteredReality","Rearm","Rearm","Defy","FastForward","BottledTime","BottledTime","ShatteredReality","SilverBlades","KillingDoll","Rearm","Moondial","Ricochet","SilverBlades"],"relics":["Uniform","CaptainsWheel","Mummified Hand","Dream Catcher","Golden Idol","Runic Pyramid","Nilry\u0027s Codex","HandDrill"],"acts_visited":["Exordium","TheCity"],"potions_floor_usage":[22],"damage_taken":[{"damage":9.0,"enemies":"Cultist","floor":1.0,"turns":5.0},{"damage":0.0,"enemies":"Jaw Worm","floor":2.0,"turns":5.0},{"damage":8.0,"enemies":"2 Louse","floor":4.0,"turns":2.0},{"damage":13.0,"enemies":"Exordium Wildlife","floor":5.0,"turns":4.0},{"damage":18.0,"enemies":"3 Sentries","floor":7.0,"turns":5.0},{"damage":4.0,"enemies":"Exordium Thugs","floor":8.0,"turns":3.0},{"damage":3.0,"enemies":"Blue Slaver","floor":10.0,"turns":5.0},{"damage":14.0,"enemies":"3 Sentries","floor":11.0,"turns":10.0},{"damage":22.0,"enemies":"Hexaghost","floor":16.0,"turns":7.0},{"damage":4.0,"enemies":"Chosen","floor":18.0,"turns":3.0},{"damage":20.0,"enemies":"3 Byrds","floor":20.0,"turns":6.0},{"damage":7,"enemies":"3 Cultists","floor":21,"turns":4},{"damage":9,"enemies":"Shelled Parasite and Fungi","floor":22,"turns":6},{"damage":24,"enemies":"Chosen and Byrds","floor":25,"turns":6}],"seed_played":"7479588475268167888","potions_obtained":[{"floor":2.0,"key":"EntropicBrew"},{"floor":7.0,"key":"Strength Potion"},{"floor":10.0,"key":"Regen Potion"},{"floor":11.0,"key":"Ancient Potion"},{"floor":21,"key":"Block Potion"}],"is_trial":false,"path_per_floor":["M","M","$","M","M","R","E","M","T","M","?","?","R","$","R","B",null,"M","?","M","M","M","R","$","M"],"character_chosen":"THE_SERVANT","items_purchased":["ShatteredReality","ShatteredReality","SilverBlades","HandDrill"],"campfire_rested":4,"item_purchase_floors":[3,14,24,24],"current_hp_per_floor":[56,56,56,48,35,54,36,32,32,29,27,27,45,45,60,38,60,56,40,20,13,4,22,22,0,0],"gold":195,"neow_bonus":"THREE_RARE_CARDS","is_daily":false,"chose_seed":false,"campfire_upgraded":0,"win_rate":0.0,"timestamp":1611118203,"path_taken":["M","M","$","M","M","R","E","M","T","?","?","?","R","?","R","BOSS","M","?","M","M","M","R","$","M"],"items_purchased_type":["Card","Card","Card","Relic"],"build_version":"2020-12-22","purchased_purges":0,"victory":false,"max_hp_per_floor":[65,65,65,65,65,65,65,65,65,65,65,60,60,60,60,60,60,60,60,60,60,60,60,60,60,60],"card_choices":[{"not_picked":["TheWorld","Dilation"],"picked":"KillingDoll","floor":0.0},{"not_picked":["Defy","TimeWarp"],"picked":"Moondial","floor":1.0},{"not_picked":["Rewind","Unruled"],"picked":"FastForward","floor":2.0},{"not_picked":["DoubleEdge","SurpressingFire"],"picked":"Rearm","floor":4.0},{"not_picked":["Hightail","Starlight"],"picked":"Rearm","floor":5.0},{"not_picked":["ReturningBlade","Starlight"],"picked":"Defy","floor":7.0},{"not_picked":["Replace","Sunlight"],"picked":"FastForward","floor":8.0},{"not_picked":["Rewind","Starlight"],"picked":"BottledTime","floor":10.0},{"not_picked":["Unruled","StarChef"],"picked":"BottledTime","floor":11.0},{"not_picked":["Desolation","PendulumOfEternity"],"picked":"SilverBlades","floor":15.0},{"not_picked":["PendulumOfEternity","ForgedInTime"],"picked":"KillingDoll","floor":16.0},{"not_picked":["TimeWarp","FastForward"],"picked":"Rearm","floor":18.0},{"not_picked":["Spin+1","FastForward","Revamp"],"picked":"SKIP","floor":20.0},{"not_picked":["Sabotage","MoonPhase"],"picked":"Moondial","floor":21},{"not_picked":["Advance","Revamp"],"picked":"Ricochet","floor":22}],"player_experience":75236,"relics_obtained":[{"floor":7.0,"key":"CaptainsWheel"},{"floor":9.0,"key":"Mummified Hand"},{"floor":11.0,"key":"Dream Catcher"},{"floor":19.0,"key":"Nilry\u0027s Codex"}],"event_choices":[{"damage_healed":0.0,"max_hp_gain":0.0,"max_hp_loss":0.0,"gold_gain":0.0,"event_name":"Dead Adventurer","player_choice":"Searched \u00272\u0027 times","floor":11.0,"gold_loss":0.0,"damage_taken":0.0},{"damage_healed":0.0,"max_hp_gain":0.0,"max_hp_loss":5.0,"gold_gain":0.0,"event_name":"Golden Idol","player_choice":"Lose Max HP","floor":12.0,"gold_loss":0.0,"damage_taken":0.0,"relics_obtained":["Golden Idol"]},{"damage_healed":0.0,"max_hp_gain":0.0,"max_hp_loss":0.0,"gold_gain":0.0,"event_name":"Cursed Tome","player_choice":"Obtained Book","floor":19.0,"gold_loss":0.0,"damage_taken":16.0}],"is_beta":false,"boss_relics":[{"not_picked":["Astrolabe","Fusion Hammer"],"picked":"Runic Pyramid"}],"items_purged_floors":[],"is_endless":false,"potions_floor_spawned":[2,7,10,11,21],"killed_by":"Chosen and Byrds","ascension_level":3}}