{"host":"vyjryxuuuxkt43k4","time":1611171187,"event":{"mods":["AchievementEnabler","BaseMod","Colored Map","DeckTracker","Keyboard Shortcuts","Minty Spire (QoL Compilation)","Permanent Neow","Quick Restart","StSLib","SuperFastMode","everything is the same but u backflip on backflip"],"gold_per_floor":[117,137,147,62,80,80,114,131,131,131,163,163,13,13,13,13,13],"floor_reached":16,"language":"KOR","playtime":656,"items_purged":["Strike_R"],"score":198,"play_id":"2f9dc72a-5b36-46e4-8d07-c525e9eb8810","local_time":"20210121043307","is_ascension_mode":true,"campfire_choices":[{"data":"Bash","floor":6,"key":"SMITH"},{"data":"Body Slam","floor":10,"key":"SMITH"},{"floor":12,"key":"REST"},{"floor":15,"key":"REST"}],"circlet_count":0,"master_deck":["AscendersBane","Strike_R","Strike_R","Strike_R","Strike_R","Defend_R","Defend_R","Defend_R","Defend_R","Bash+1","Iron Wave","Flame Barrier","Headbutt","Feel No Pain","Cleave","Second Wind","Body Slam+1","Shrug It Off","Evolve"],"relics":["Burning Blood","Champion Belt","Gambling Chip","Mummified Hand","Ancient Tea Set","Golden Idol"],"acts_visited":["Exordium"],"potions_floor_usage":[11,16,16],"damage_taken":[{"damage":8,"enemies":"Cultist","floor":1,"turns":4},{"damage":5,"enemies":"Jaw Worm","floor":2,"turns":4},{"damage":6,"enemies":"Small Slimes","floor":3,"turns":5},{"damage":20,"enemies":"Blue Slaver","floor":5,"turns":5},{"damage":21,"enemies":"3 Sentries","floor":7,"turns":9},{"damage":8,"enemies":"Large Slime","floor":8,"turns":8},{"damage":18,"enemies":"Gremlin Nob","floor":11,"turns":5},{"damage":49,"enemies":"Slime Boss","floor":16,"turns":12}],"seed_played":"1945102362470793619","potions_obtained":[{"floor":5,"key":"ElixirPotion"},{"floor":7,"key":"EssenceOfSteel"},{"floor":11,"key":"ElixirPotion"}],"is_trial":false,"path_per_floor":["M","M","M","$","M","R","E","M","T","R","E","R","$","?","R","B"],"character_chosen":"IRONCLAD","items_purchased":["Feel No Pain","Evolve"],"campfire_rested":2,"item_purchase_floors":[4,13],"current_hp_per_floor":[66,67,67,67,53,53,38,36,36,36,24,44,44,21,41,0,0],"gold":13,"neow_bonus":"ONE_RARE_RELIC","is_daily":false,"chose_seed":false,"campfire_upgraded":2,"win_rate":0.0,"timestamp":1611171187,"path_taken":["M","M","M","$","M","R","E","?","T","R","E","R","$","?","R","BOSS"],"items_purchased_type":["Card","Card"],"build_version":"2020-12-22","purchased_purges":1,"victory":false,"max_hp_per_floor":[68,68,68,68,68,68,68,68,68,68,68,68,68,68,68,68,68],"card_choices":[{"not_picked":["Warcry","Disarm"],"picked":"Iron Wave","floor":1},{"not_picked":["Intimidate","Burning Pact"],"picked":"Flame Barrier","floor":2},{"not_picked":["Fire Breathing","Warcry"],"picked":"Headbutt","floor":3},{"not_picked":["Iron Wave","Anger"],"picked":"Cleave","floor":5},{"not_picked":["Impervious","Disarm"],"picked":"Second Wind","floor":7},{"not_picked":["Anger","Uppercut"],"picked":"Body Slam","floor":8},{"not_picked":["Flex","Dark Embrace"],"picked":"Shrug It Off","floor":11}],"player_experience":182937,"relics_obtained":[{"floor":7,"key":"Gambling Chip"},{"floor":9,"key":"Mummified Hand"},{"floor":11,"key":"Ancient Tea Set"}],"event_choices":[{"damage_healed":0,"gold_gain":0,"player_choice":"Take Damage","damage_taken":23,"relics_obtained":["Golden Idol"],"max_hp_gain":0,"max_hp_loss":0,"event_name":"Golden Idol","floor":14,"gold_loss":0}],"is_beta":false,"boss_relics":[],"items_purged_floors":[13],"is_endless":false,"potions_floor_spawned":[5,7,11],"killed_by":"Slime Boss","ascension_level":16}}