{"host":"uv5ws9rdk87e8i5k","time":1611174900,"event":{"mods":["AchievementEnabler","BaseMod","Colored Map","Minty Spire (QoL Compilation)","StSLib","SuperFastMode"],"gold_per_floor":[113,113,131,148,167,183,218,228,228,228,259,277,277,296,296,399,399,419,437,437,352,398,426,426,436,484,513,513,513,513,513],"floor_reached":30,"language":"ENG","playtime":1630,"items_purged":[],"score":338,"play_id":"c6a46c46-d888-4ecf-abc4-7c2a465942f8","local_time":"20210120143500","is_ascension_mode":true,"campfire_choices":[{"data":"Crippling Poison","floor":10.0,"key":"SMITH"},{"data":"Poisoned Stab","floor":15.0,"key":"SMITH"},{"data":"Corpse Explosion","floor":24.0,"key":"SMITH"},{"data":"Noxious Fumes","floor":28,"key":"SMITH"}],"circlet_count":0,"master_deck":["Strike_G","Strike_G+1","Strike_G+1","Defend_G","Defend_G","Defend_G","Defend_G","Survivor","Neutralize+1","Cloak And Dagger","Dagger Throw","Crippling Poison+1","Poisoned Stab+1","Poisoned Stab","Deadly Poison","Corpse Explosion+1","Bane+1","Writhe","Noxious Fumes+1","Backflip+1"],"relics":["Ring of the Snake","Centennial Puzzle","Anchor","Potion Belt","Empty Cage","Pen Nib","Blue Candle","Whetstone","Juzu Bracelet","Blood Vial","Pantograph"],"acts_visited":["Exordium","TheCity"],"potions_floor_usage":[27],"damage_taken":[{"damage":1.0,"enemies":"2 Louse","floor":1.0,"turns":3.0},{"damage":0.0,"enemies":"Cultist","floor":3.0,"turns":4.0},{"damage":1.0,"enemies":"Small Slimes","floor":4.0,"turns":4.0},{"damage":4.0,"enemies":"Blue Slaver","floor":5.0,"turns":5.0},{"damage":1.0,"enemies":"Large Slime","floor":6.0,"turns":7.0},{"damage":5.0,"enemies":"Lagavulin","floor":7.0,"turns":6.0},{"damage":2.0,"enemies":"Gremlin Gang","floor":8.0,"turns":6.0},{"damage":15.0,"enemies":"Gremlin Nob","floor":11.0,"turns":4.0},{"damage":6.0,"enemies":"Exordium Wildlife","floor":12.0,"turns":5.0},{"damage":0.0,"enemies":"Blue Slaver","floor":14.0,"turns":3.0},{"damage":37.0,"enemies":"Slime Boss","floor":16.0,"turns":10.0},{"damage":5.0,"enemies":"2 Thieves","floor":18.0,"turns":5.0},{"damage":12.0,"enemies":"Shell Parasite","floor":19.0,"turns":5.0},{"damage":10.0,"enemies":"Slavers","floor":23.0,"turns":3.0},{"damage":2.0,"enemies":"Snecko","floor":25.0,"turns":3.0},{"damage":29,"enemies":"Book of Stabbing","floor":27,"turns":5},{"damage":17,"enemies":"Colosseum Slavers","floor":29,"turns":3},{"damage":18,"enemies":"Slavers","floor":30,"turns":2}],"seed_played":"1398326258678713510","potions_obtained":[{"floor":3.0,"key":"DuplicationPotion"},{"floor":4.0,"key":"Strength Potion"},{"floor":6.0,"key":"Block Potion"},{"floor":11.0,"key":"LiquidMemories"},{"floor":16.0,"key":"BlessingOfTheForge"},{"floor":19.0,"key":"Fruit Juice"},{"floor":25.0,"key":"AttackPotion"}],"is_trial":false,"path_per_floor":["M","?","M","M","M","M","E","M","T","R","E","M","?","M","R","B",null,"M","M","?","?","T","E","R","M","T","E","R","?","E"],"character_chosen":"THE_SILENT","items_purchased":[],"campfire_rested":0,"item_purchase_floors":[],"current_hp_per_floor":[76,76,76,75,71,70,65,63,63,63,48,42,42,42,42,5,77,72,60,60,60,60,55,55,53,53,26,26,11,0,0],"gold":513,"neow_bonus":"TEN_PERCENT_HP_BONUS","is_daily":false,"chose_seed":false,"campfire_upgraded":4,"win_rate":0.0,"timestamp":1611174900,"path_taken":["M","?","?","M","M","M","E","M","T","R","E","M","?","M","R","BOSS","M","M","?","?","?","E","R","M","T","E","R","?","E"],"items_purchased_type":[],"build_version":"2020-12-22","purchased_purges":0,"victory":false,"max_hp_per_floor":[77,77,77,77,77,77,77,77,77,77,77,77,77,77,77,77,77,77,77,77,77,77,82,82,82,82,82,82,82,82,82],"card_choices":[{"not_picked":["Underhanded Strike","Outmaneuver","Riddle With Holes"],"picked":"SKIP","floor":1.0},{"not_picked":["Setup","Deflect","Outmaneuver"],"picked":"SKIP","floor":3.0},{"not_picked":["Calculated Gamble","Blade Dance"],"picked":"Cloak And Dagger","floor":4.0},{"not_picked":["Bullet Time","Dodge and Roll"],"picked":"Dagger Throw","floor":5.0},{"not_picked":["Slice","Outmaneuver","Setup"],"picked":"SKIP","floor":6.0},{"not_picked":["Poisoned Stab","Heel Hook"],"picked":"Crippling Poison","floor":7.0},{"not_picked":["Tactician","Deflect"],"picked":"Poisoned Stab","floor":8.0},{"not_picked":["Well Laid Plans","Bane"],"picked":"Poisoned Stab","floor":11.0},{"not_picked":["Backflip","Accuracy"],"picked":"Deadly Poison","floor":12.0},{"not_picked":["Riddle With Holes","Quick Slash","Flying Knee"],"picked":"SKIP","floor":14.0},{"not_picked":["Glass Knife","Venomology"],"picked":"Corpse Explosion","floor":16.0},{"not_picked":["Skewer","Accuracy"],"picked":"Bane+1","floor":18.0},{"not_picked":["Choke","Terror","Escape Plan"],"picked":"SKIP","floor":19.0},{"not_picked":["Prepared","Infinite Blades+1","Expertise"],"picked":"SKIP","floor":23.0},{"not_picked":["Skewer+1","Riddle With Holes"],"picked":"Noxious Fumes","floor":25.0},{"not_picked":["Escape Plan+1","Deflect"],"picked":"Backflip+1","floor":27}],"player_experience":130536,"relics_obtained":[{"floor":7.0,"key":"Centennial Puzzle"},{"floor":9.0,"key":"Anchor"},{"floor":11.0,"key":"Potion Belt"},{"floor":22.0,"key":"Whetstone"},{"floor":23.0,"key":"Juzu Bracelet"},{"floor":26.0,"key":"Blood Vial"},{"floor":27,"key":"Pantograph"}],"event_choices":[{"damage_healed":0.0,"max_hp_gain":0.0,"max_hp_loss":0.0,"gold_gain":0.0,"event_name":"Upgrade Shrine","player_choice":"Upgraded","floor":2.0,"gold_loss":0.0,"damage_taken":0.0,"cards_upgraded":["Neutralize"]},{"cards_removed":["Strike_G"],"damage_healed":0.0,"max_hp_gain":0.0,"max_hp_loss":0.0,"gold_gain":0.0,"event_name":"Bonfire Elementals","player_choice":"Offered Basic","floor":13.0,"gold_loss":0.0,"damage_taken":0.0},{"damage_healed":0.0,"max_hp_gain":0.0,"max_hp_loss":0.0,"gold_gain":0.0,"event_name":"The Mausoleum","player_choice":"Opened","floor":20.0,"gold_loss":0.0,"damage_taken":0.0,"relics_obtained":["Pen Nib"],"cards_obtained":["Writhe"]},{"damage_healed":0.0,"max_hp_gain":0.0,"max_hp_loss":0.0,"gold_gain":0.0,"event_name":"Addict","player_choice":"Obtained Relic","floor":21.0,"gold_loss":85.0,"damage_taken":0.0,"relics_obtained":["Blue Candle"]},{"damage_healed":0,"gold_gain":0,"player_choice":"Fight","damage_taken":0,"max_hp_gain":0,"max_hp_loss":0,"event_name":"Colosseum","floor":29,"gold_loss":0},{"damage_healed":0,"gold_gain":0,"player_choice":"Fled From Nobs","damage_taken":0,"max_hp_gain":0,"max_hp_loss":0,"event_name":"Colosseum","floor":29,"gold_loss":0}],"is_beta":false,"boss_relics":[{"not_picked":["SacredBark","Sozu"],"picked":"Empty Cage"}],"items_purged_floors":[],"is_endless":false,"potions_floor_spawned":[3,4,6,11,16,19,25],"killed_by":"Slavers","ascension_level":4}}