{"host":"bxd97rc2ofc6op20","time":1611112948,"event":{"mods":["BaseMod","Googly Eyes","Minty Spire (QoL Compilation)"],"gold_per_floor":[118,133,58,70,70,98,108,171,171,182,197,211,239,251,251,355,355,366,26,26,38,313,343,49,83,110,122,165,194,217,240,252,363,375,398,429,441,728,740,779,190,190,190,201,216,233,249,306,306,306,306,306,5,38,38],"floor_reached":56,"language":"ENG","playtime":7774,"items_purged":["Defend_P","Defend_P","Regret"],"score":1433,"play_id":"d5bcdf3b-3a34-4538-b812-2a60cabb1eda","local_time":"20210119192228","is_ascension_mode":false,"campfire_choices":[{"data":"Vigilance","floor":15,"key":"SMITH"},{"floor":32,"key":"REST"},{"floor":42,"key":"REST"},{"floor":49,"key":"RECALL"},{"floor":52,"key":"REST"}],"circlet_count":0,"master_deck":["Strike_P+1","Strike_P+1","Defend_P+1","Defend_P+1","Eruption+1","Vigilance+1","WindmillStrike+1","EmptyBody+1","FlurryOfBlows+1","DeusExMachina+1","Crescendo+1","Sanctity+1","ClearTheMind+1","Worship+1","WaveOfTheHand+1","Devotion+1","Fasting2+1","ThirdEye+1","LessonLearned+1","Collect+1","Brilliance+1","TalkToTheHand+1","LikeWater+1","Adaptation+1","Master of Strategy+1","EmptyMind+1","MentalFortress+1","Wish+1"],"relics":["PureWater","Damaru","Toxic Egg 2","Juzu Bracelet","Toy Ornithopter","Fusion Hammer","Matryoshka","Singing Bowl","Orichalcum","Gremlin Horn","Bag of Marbles","Regal Pillow","MawBank","Bottled Tornado","Empty Cage","Whetstone","OrangePellets","Pen Nib","Happy Flower","ClockworkSouvenir","Anchor"],"acts_visited":["Exordium","TheCity","TheBeyond","TheEnding"],"potions_floor_usage":[6,7,8,16,18,23,25,31,31,33,40,44,46,47,50,55,55],"damage_taken":[{"damage":0,"enemies":"Small Slimes","floor":1,"turns":3},{"damage":0,"enemies":"2 Louse","floor":2,"turns":2},{"damage":0,"enemies":"Cultist","floor":4,"turns":2},{"damage":6,"enemies":"3 Sentries","floor":6,"turns":5},{"damage":1,"enemies":"Lots of Slimes","floor":7,"turns":3},{"damage":0,"enemies":"Lagavulin Event","floor":8,"turns":2},{"damage":0,"enemies":"Gremlin Gang","floor":10,"turns":4},{"damage":0,"enemies":"Looter","floor":11,"turns":2},{"damage":12,"enemies":"Blue Slaver","floor":12,"turns":2},{"damage":6,"enemies":"Lagavulin","floor":13,"turns":5},{"damage":2,"enemies":"Gremlin Gang","floor":14,"turns":2},{"damage":11,"enemies":"Hexaghost","floor":16,"turns":7},{"damage":3,"enemies":"Chosen","floor":18,"turns":4},{"damage":1,"enemies":"3 Byrds","floor":21,"turns":4},{"damage":30,"enemies":"Gremlin Leader","floor":23,"turns":7},{"damage":0,"enemies":"Book of Stabbing","floor":25,"turns":3},{"damage":12,"enemies":"Gremlin Leader","floor":28,"turns":4},{"damage":3,"enemies":"3 Cultists","floor":29,"turns":4},{"damage":1,"enemies":"Snecko","floor":30,"turns":3},{"damage":12,"enemies":"Centurion and Healer","floor":31,"turns":3},{"damage":13,"enemies":"Champ","floor":33,"turns":11},{"damage":2,"enemies":"Orb Walker","floor":35,"turns":4},{"damage":8,"enemies":"3 Darklings","floor":36,"turns":4},{"damage":34,"enemies":"Reptomancer","floor":40,"turns":8},{"damage":0,"enemies":"Maw","floor":44,"turns":5},{"damage":1,"enemies":"Jaw Worm Horde","floor":45,"turns":4},{"damage":7,"enemies":"Sphere and 2 Shapes","floor":46,"turns":3},{"damage":1,"enemies":"Spire Growth","floor":47,"turns":5},{"damage":0,"enemies":"Giant Head","floor":48,"turns":6},{"damage":18,"enemies":"Donu and Deca","floor":50,"turns":12},{"damage":34,"enemies":"Shield and Spear","floor":54,"turns":5},{"damage":35,"enemies":"The Heart","floor":55,"turns":8}],"seed_played":"-8689242083402137608","potions_obtained":[{"floor":1,"key":"FearPotion"},{"floor":2,"key":"SteroidPotion"},{"floor":6,"key":"SpeedPotion"},{"floor":7,"key":"AttackPotion"},{"floor":14,"key":"PowerPotion"},{"floor":16,"key":"SneckoOil"},{"floor":18,"key":"LiquidMemories"},{"floor":23,"key":"Weak Potion"},{"floor":29,"key":"Weak Potion"},{"floor":30,"key":"Fire Potion"},{"floor":33,"key":"Fruit Juice"},{"floor":36,"key":"AttackPotion"},{"floor":40,"key":"SneckoOil"},{"floor":45,"key":"Strength Potion"},{"floor":46,"key":"Energy Potion"}],"is_trial":false,"path_per_floor":["M","M","$","M","?","E","M","?","T","M","M","M","E","M","R","B",null,"M","$","?","M","?","E","$","E","T","?","E","M","M","M","R","B",null,"M","M","?","?","?","E","$","R","T","M","M","M","M","E","R","B",null,"R","$","E","B",null],"character_chosen":"WATCHER","items_purchased":["Matryoshka","Gremlin Horn","SpeedPotion","OrangePellets","Adaptation","Master of Strategy+1","AttackPotion","ClockworkSouvenir","CultistPotion","Strength Potion"],"campfire_rested":3,"item_purchase_floors":[19,24,24,41,41,41,41,53,53,53],"current_hp_per_floor":[72,72,72,72,72,66,65,65,65,65,65,53,47,45,45,39,72,72,72,72,71,71,42,42,49,49,49,37,36,37,37,76,73,85,83,77,77,77,77,48,48,87,87,87,86,80,86,88,88,73,91,91,91,59,34],"gold":38,"neow_bonus":"UPGRADE_CARD","is_daily":false,"chose_seed":false,"campfire_upgraded":1,"win_rate":0.0,"timestamp":1611112948,"path_taken":["M","M","$","M","?","E","M","?","T","M","M","M","E","M","R","BOSS","M","$","?","M","?","E","?","E","T","?","E","M","M","M","R","BOSS","M","M","?","?","?","E","$","R","T","M","M","M","M","E","R","BOSS","R","$","E","BOSS"],"items_purchased_type":["Relic","Relic","Potion","Relic","Card","Card","Potion","Relic","Potion","Potion"],"build_version":"2020-12-22","purchased_purges":3,"victory":true,"max_hp_per_floor":[72,72,72,72,72,72,72,72,72,72,72,72,72,72,72,72,72,72,72,72,72,72,72,72,74,74,74,74,76,78,80,80,85,85,85,87,87,87,87,87,87,87,87,87,87,87,89,91,91,91,91,91,91,93,93],"card_choices":[{"not_picked":["Sanctity","JustLucky"],"picked":"WindmillStrike","floor":1},{"not_picked":["Consecrate","Halt"],"picked":"EmptyBody","floor":2},{"not_picked":["Worship","Prostrate"],"picked":"FearNoEvil","floor":4},{"not_picked":["SashWhip","CrushJoints"],"picked":"FlurryOfBlows","floor":6},{"not_picked":["FearNoEvil","Perseverance"],"picked":"DeusExMachina","floor":7},{"not_picked":["SashWhip","Wallop"],"picked":"Crescendo+1","floor":8},{"not_picked":["Crescendo+1","Weave"],"picked":"Sanctity+1","floor":10},{"not_picked":["DeceiveReality+1","Indignation+1"],"picked":"ClearTheMind+1","floor":11},{"not_picked":["SashWhip","Indignation+1"],"picked":"Worship+1","floor":12},{"not_picked":["FlyingSleeves","PathToVictory+1"],"picked":"WaveOfTheHand+1","floor":13},{"not_picked":["Crescendo+1","WaveOfTheHand+1","WindmillStrike"],"picked":"SKIP","floor":14},{"not_picked":["Blasphemy+1","DeusExMachina+1"],"picked":"Devotion","floor":16},{"not_picked":["ReachHeaven","PathToVictory+1"],"picked":"Fasting2+1","floor":18},{"not_picked":["Weave","BattleHymn+1"],"picked":"ThirdEye+1","floor":21},{"not_picked":["BowlingBash","Tantrum"],"picked":"LessonLearned","floor":23},{"not_picked":["ReachHeaven","Tantrum+1","ThirdEye+1"],"picked":"Singing Bowl","floor":25},{"not_picked":["EmptyMind+1","Perseverance+1"],"picked":"Collect+1","floor":28},{"not_picked":["Protect+1","WindmillStrike","ThirdEye+1"],"picked":"Singing Bowl","floor":29},{"not_picked":["Halt+1","Consecrate","FearNoEvil"],"picked":"Singing Bowl","floor":30},{"not_picked":["EmptyBody+1","CrushJoints","Halt+1"],"picked":"Singing Bowl","floor":31},{"not_picked":["Establishment","Wish+1"],"picked":"Brilliance","floor":33},{"not_picked":["Meditate+1","CutThroughFate+1"],"picked":"TalkToTheHand+1","floor":35},{"not_picked":["PathToVictory+1","EmptyFist","Halt+1"],"picked":"Singing Bowl","floor":36},{"not_picked":["WindmillStrike","ClearTheMind+1"],"picked":"LikeWater","floor":40},{"not_picked":["Ragnarok","SashWhip"],"picked":"EmptyMind+1","floor":44},{"not_picked":["PathToVictory+1","Halt+1"],"picked":"MentalFortress","floor":45},{"not_picked":["SandsOfTime+1","FollowUp+1"],"picked":"Wish+1","floor":46},{"not_picked":["Pray+1","Halt+1","BowlingBash+1"],"picked":"Singing Bowl","floor":47},{"not_picked":["Weave+1","ClearTheMind+1","FearNoEvil"],"picked":"Singing Bowl","floor":48},{"not_picked":["ForeignInfluence+1","CutThroughFate+1","FlyingSleeves"],"picked":"Singing Bowl","floor":54}],"player_experience":330283,"relics_obtained":[{"floor":6,"key":"Damaru"},{"floor":9,"key":"Juzu Bracelet"},{"floor":13,"key":"Toy Ornithopter"},{"floor":23,"key":"Orichalcum"},{"floor":25,"key":"Bag of Marbles"},{"floor":26,"key":"Regal Pillow"},{"floor":26,"key":"MawBank"},{"floor":28,"key":"Bottled Tornado"},{"floor":40,"key":"Whetstone"},{"floor":43,"key":"Pen Nib"},{"floor":48,"key":"Happy Flower"},{"floor":54,"key":"Anchor"}],"event_choices":[{"damage_healed":0,"gold_gain":0,"player_choice":"Grow","damage_taken":0,"max_hp_gain":0,"max_hp_loss":0,"event_name":"Living Wall","floor":5,"gold_loss":0,"cards_upgraded":["WindmillStrike"]},{"damage_healed":0,"gold_gain":0,"player_choice":"Searched \u00272\u0027 times","damage_taken":0,"relics_obtained":["Toxic Egg 2"],"max_hp_gain":0,"max_hp_loss":0,"event_name":"Dead Adventurer","floor":8,"gold_loss":0},{"damage_healed":0,"gold_gain":0,"player_choice":"Gave Potion","damage_taken":0,"relics_obtained":["Singing Bowl"],"max_hp_gain":0,"max_hp_loss":0,"event_name":"WeMeetAgain","floor":20,"gold_loss":0},{"damage_healed":0,"gold_gain":275,"player_choice":"Desecrate","damage_taken":0,"max_hp_gain":0,"max_hp_loss":0,"event_name":"Golden Shrine","floor":22,"gold_loss":0,"cards_obtained":["Regret"]},{"cards_removed":["Regret"],"damage_healed":0,"gold_gain":0,"player_choice":"Elegance","damage_taken":0,"max_hp_gain":0,"max_hp_loss":0,"event_name":"Back to Basics","floor":27,"gold_loss":0},{"damage_healed":0,"gold_gain":0,"player_choice":"Ignored","damage_taken":0,"max_hp_gain":0,"max_hp_loss":0,"event_name":"Tomb of Lord Red Mask","floor":37,"gold_loss":0},{"damage_healed":0,"gold_gain":275,"player_choice":"Desecrate","damage_taken":0,"max_hp_gain":0,"max_hp_loss":0,"event_name":"Golden Shrine","floor":38,"gold_loss":0,"cards_obtained":["Regret"]},{"cards_removed":["FearNoEvil"],"damage_healed":0,"gold_gain":0,"player_choice":"Removed Attack","damage_taken":0,"max_hp_gain":0,"max_hp_loss":0,"event_name":"Falling","floor":39,"gold_loss":0}],"is_beta":false,"boss_relics":[{"not_picked":["Snecko Eye","Sozu"],"picked":"Fusion Hammer"},{"not_picked":["HolyWater","Cursed Key"],"picked":"Empty Cage"}],"items_purged_floors":[3,19,41],"is_endless":false,"potions_floor_spawned":[1,2,6,7,14,16,18,23,29,30,33,36,40,45,46],"ascension_level":0}}