{"host":"sc0o2qwpf9j16a4i","time":1611180105,"event":{"mods":["AchievementEnabler","BaseMod","BetterRewards","Block Reminder","Colored Map","Colored Powertips","Custom Start","Highlight Path","Minty Spire (QoL Compilation)","Relic Stats"],"gold_per_floor":[113,128,128,51,61,61,6,40,64,64,64,81,100,118,118,194,194,207,207,207],"floor_reached":19,"language":"ENG","playtime":506,"items_purged":[],"score":438,"play_id":"c1cbc438-7a5f-44cf-93e2-b984f44cd48e","local_time":"20210121000145","is_ascension_mode":true,"campfire_choices":[{"data":"Deadly Poison","floor":6,"key":"SMITH"},{"floor":11,"key":"REST"},{"data":"Noxious Fumes","floor":15,"key":"SMITH"}],"circlet_count":0,"master_deck":["AscendersBane","Strike_G","Strike_G","Strike_G","Strike_G","Strike_G","Defend_G","Defend_G","Defend_G","Defend_G","Defend_G","Survivor","Neutralize","Well Laid Plans","Dash","Flying Knee","Backstab","Deadly Poison+1","Bouncing Flask","Quick Slash","Escape Plan","Noxious Fumes+1","Venomology"],"relics":["Ring of the Snake","Akabeko","MealTicket","Snecko Eye"],"acts_visited":["Exordium","TheCity"],"potions_floor_usage":[8,16,16,18,18,19,19],"damage_taken":[{"damage":3,"enemies":"2 Louse","floor":1,"turns":3},{"damage":0,"enemies":"Cultist","floor":2,"turns":4},{"damage":0,"enemies":"Small Slimes","floor":5,"turns":3},{"damage":20,"enemies":"Gremlin Nob","floor":8,"turns":4},{"damage":0,"enemies":"3 Louse","floor":12,"turns":2},{"damage":0,"enemies":"Blue Slaver","floor":13,"turns":3},{"damage":3,"enemies":"Lots of Slimes","floor":14,"turns":4},{"damage":0,"enemies":"Slime Boss","floor":16,"turns":7},{"damage":19,"enemies":"2 Thieves","floor":18,"turns":4},{"damage":47,"enemies":"Masked Bandits","floor":19,"turns":4}],"seed_played":"-8169892355903168583","potions_obtained":[{"floor":2,"key":"Swift Potion"},{"floor":3,"key":"GamblersBrew"},{"floor":12,"key":"BlessingOfTheForge"},{"floor":16,"key":"FearPotion"},{"floor":18,"key":"SpeedPotion"}],"is_trial":false,"path_per_floor":["M","M","?","$","M","R","$","E","T","?","R","M","M","M","R","B",null,"M","?"],"character_chosen":"THE_SILENT","items_purchased":["Backstab","Explosive Potion"],"campfire_rested":1,"item_purchase_floors":[4,7],"current_hp_per_floor":[56,56,56,56,56,56,56,36,36,36,55,55,55,52,52,52,63,44,0,0],"gold":207,"neow_bonus":"THREE_CARDS","is_daily":false,"chose_seed":false,"campfire_upgraded":2,"win_rate":0.0,"timestamp":1611180105,"path_taken":["M","M","?","$","M","R","?","E","T","?","R","M","M","M","R","BOSS","M","?"],"items_purchased_type":["Card","Potion"],"build_version":"2020-12-22","purchased_purges":0,"victory":false,"max_hp_per_floor":[66,66,66,66,66,66,66,66,66,66,66,66,66,66,66,66,66,66,66,66],"relic_stats":{"counters":[10,38],"Snecko Eye":[14,13,19,19],"MealTicket":0,"obtain_stats":[{"Snecko Eye":17,"MealTicket":9,"Akabeko":8,"Ring of the Snake":0},{"Snecko Eye":8,"MealTicket":4,"Akabeko":4,"Ring of the Snake":0},{"Snecko Eye":30,"MealTicket":14,"Akabeko":14,"Ring of the Snake":0}],"Ring of the Snake":[20]},"card_choices":[{"not_picked":["Reflex","Dodge and Roll"],"picked":"Well Laid Plans","floor":0},{"not_picked":["Prepared","Dagger Throw"],"picked":"Dash","floor":1},{"not_picked":["Dodge and Roll","Cloak And Dagger"],"picked":"Flying Knee","floor":2},{"not_picked":["Blade Dance","Dagger Spray"],"picked":"Deadly Poison","floor":5},{"not_picked":["PiercingWail","Tactician"],"picked":"Bouncing Flask","floor":8},{"not_picked":["Cloak And Dagger","Bane"],"picked":"Quick Slash","floor":12},{"not_picked":["Acrobatics","Backflip"],"picked":"Escape Plan","floor":13},{"not_picked":["Eviscerate","PiercingWail"],"picked":"Noxious Fumes","floor":14},{"not_picked":["Envenom","Grand Finale"],"picked":"Venomology","floor":16},{"not_picked":["Underhanded Strike","Blade Dance","Acrobatics"],"picked":"SKIP","floor":18}],"player_experience":816002,"relics_obtained":[{"floor":8,"key":"Akabeko"},{"floor":9,"key":"MealTicket"}],"event_choices":[{"damage_healed":0,"gold_gain":0,"player_choice":"Got Potions","damage_taken":0,"max_hp_gain":0,"max_hp_loss":0,"event_name":"Lab","floor":3,"gold_loss":0},{"damage_healed":0,"gold_gain":0,"player_choice":"Fled","damage_taken":0,"max_hp_gain":0,"max_hp_loss":0,"event_name":"Scrap Ooze","floor":10,"gold_loss":0},{"damage_healed":0,"gold_gain":0,"player_choice":"Fought Bandits","damage_taken":0,"max_hp_gain":0,"max_hp_loss":0,"event_name":"Masked Bandits","floor":19,"gold_loss":0}],"is_beta":false,"boss_relics":[{"not_picked":["Calling Bell","Runic Pyramid"],"picked":"Snecko Eye"}],"items_purged_floors":[],"is_endless":false,"potions_floor_spawned":[2,12,16,18],"killed_by":"Masked Bandits","ascension_level":20}}