{"host":"hn99riirbf0lv0ml","time":1611159585,"event":{"mods":["AchievementEnabler","Act Like it!","Bard","BaseMod","Beaked The Cultist","Colored Map","Colored Powertips","Conspire","Duelist Mod","Friendly Minions","Gensokyo","GifTheSpireLib","Glutton Mod","Halation","Jorbs\u0027s Wanderer Trilogy","Mad Scientist","Marisa????????","Minty Spire (QoL Compilation)","Rare Cards Sparkle","Replay The Spire","StSLib","The Blackbeard","The Bug Knight","The Construct","The Cursed","The Disciple","The Mystic","The Runesmith","The Servant 0.9.4","The Witch"],"gold_per_floor":[116,116,130,157,167,167,196,10,10,26,26,106,106,31,31,31,31],"floor_reached":16,"language":"ENG","playtime":2253,"items_purged":["Defend_P"],"score":98,"play_id":"f7294196-07d7-4d69-a64c-8b2e032614b2","local_time":"20210120111945","is_ascension_mode":false,"campfire_choices":[{"floor":6.0,"key":"REST"},{"floor":13.0,"key":"REST"},{"floor":15.0,"key":"REST"}],"circlet_count":0,"master_deck":["Strike_P","Strike_P","Strike_P","Strike_P","Defend_P","Defend_P","Defend_P","Eruption","Vigilance","FearNoEvil","PathToVictory","Pray","WaveOfTheHand","JustLucky","DeusExMachina","DeceiveReality","Gensokyo:Shovel","Gensokyo:LifeforceConverter","Gensokyo:TarnishedGold","Gensokyo:RustyChest","Gensokyo:ReactiveArmor","FlurryOfBlows"],"relics":["PureWater","halation:SelfBoilingWater","Happy Flower"],"acts_visited":["Gensokyo:Gensokyo"],"potions_floor_usage":[16,16],"damage_taken":[{"damage":0.0,"enemies":"Gensokyo:3_Fairies","floor":1.0,"turns":3.0},{"damage":9.0,"enemies":"Gensokyo:Gryphon","floor":3.0,"turns":4.0},{"damage":28.0,"enemies":"conspire:MimicChest","floor":4.0,"turns":8.0},{"damage":3.0,"enemies":"Gensokyo:2_Kodama","floor":5.0,"turns":3.0},{"damage":27.0,"enemies":"Gensokyo:Mamizou","floor":7.0,"turns":9.0},{"damage":12.0,"enemies":"Gensokyo:CorruptedTreant","floor":10.0,"turns":3.0},{"damage":69,"enemies":"Gensokyo:Reimu","floor":16,"turns":9}],"seed_played":"7206905520242127175","potions_obtained":[{"floor":1.0,"key":"SteroidPotion"},{"floor":4.0,"key":"Milkshake"},{"floor":7.0,"key":"Fire Potion"}],"is_trial":false,"path_per_floor":["M","?","M","?","M","R","E","COS","T","M","?","?","R","$","R","B"],"character_chosen":"WATCHER","items_purchased":[],"campfire_rested":3,"item_purchase_floors":[],"current_hp_per_floor":[79,79,70,42,39,62,35,35,35,23,23,23,46,46,69,0,0],"gold":31,"neow_bonus":"TEN_PERCENT_HP_BONUS","is_daily":false,"chose_seed":false,"campfire_upgraded":0,"win_rate":0.0,"timestamp":1611159585,"path_taken":["M","?","M","?","M","R","E","COS","T","M","?","?","R","$","R","BOSS"],"items_purchased_type":[],"build_version":"2020-12-22","purchased_purges":1,"victory":false,"max_hp_per_floor":[79,79,79,79,79,79,79,79,79,79,79,79,79,79,79,79,79],"card_choices":[{"not_picked":["Sanctity","FlurryOfBlows"],"picked":"FearNoEvil","floor":1.0},{"not_picked":["ThirdEye","Sanctity"],"picked":"PathToVictory","floor":2.0},{"not_picked":["PathToVictory","CrushJoints"],"picked":"Pray","floor":2.0},{"not_picked":["Crescendo","Replay:Vibes"],"picked":"WaveOfTheHand","floor":3.0},{"not_picked":["Vengeance","FollowUp"],"picked":"JustLucky","floor":4.0},{"not_picked":["CrushJoints","Tantrum"],"picked":"DeusExMachina","floor":5.0},{"not_picked":["Swivel","FlyingSleeves"],"picked":"DeceiveReality","floor":7.0},{"not_picked":["LikeWater","CutThroughFate"],"picked":"FlurryOfBlows","floor":10.0}],"player_experience":178371,"relics_obtained":[{"floor":4.0,"key":"halation:SelfBoilingWater"},{"floor":7.0,"key":"Happy Flower"}],"event_choices":[{"damage_healed":0.0,"max_hp_gain":0.0,"max_hp_loss":0.0,"gold_gain":0.0,"event_name":"conspire:Investor","player_choice":"Leave","floor":11.0,"gold_loss":0.0,"damage_taken":0.0}],"is_beta":false,"boss_relics":[],"items_purged_floors":[14],"is_endless":false,"potions_floor_spawned":[1,4,7],"killed_by":"Gensokyo:Reimu","ascension_level":0}}