{"host":"2srookcy7001h5fw","time":1611132411,"event":{"mods":["ATMod(阿瑾Mod)","Act Like it!","Arknights The Spire","BaseMod","Colored Powertips","Friendly Minions","Gensokyo","GungeonMod","Hallownest","Kiyohime（清姬）","Luminous","Marisa（F雨　魔理沙）","Minty Spire (QoL Compilation)","Prisma Mod","Spicy Shops","StSLib","The Animator","The Blackbeard","The Mystic","WarShipGirlsR/战舰少女R mod"],"gold_per_floor":[109,109,109,109,123,153,3,22,22,22,60,60,110,148,148,269,269,288,288,67,111,146,146,171,214,241,279,279,299,299,319,319,424,424,439,504,550,561,25,25,52,52,98,108,135,148,148,188,188,213,213,213,49,90,90,90,90],"floor_reached":55,"language":"ZHS","playtime":2597,"items_purged":["blackbeard:BlackbeardStrike","blackbeard:BlackbeardDefend"],"score":905,"play_id":"d679b986-f73c-42c4-9ec7-285948a1bc49","local_time":"20210120164651","is_ascension_mode":false,"campfire_choices":[{"floor":10,"key":"RECALL"},{"data":"blackbeard:Cutlass","floor":12,"key":"SMITH"},{"data":"blackbeard:CatONineTails","floor":15,"key":"SMITH"},{"data":"blackbeard:ReapersScythe","floor":23,"key":"SMITH"},{"data":"blackbeard:FishingNets","floor":28,"key":"SMITH"},{"data":"blackbeard:Salvager","floor":30,"key":"SMITH"},{"data":"blackbeard:WoodenLeg","floor":32,"key":"SMITH"},{"data":"blackbeard:HumongousCannonball","floor":40,"key":"SMITH"},{"data":"blackbeard:CannonBarrage","floor":42,"key":"SMITH"},{"data":"blackbeard:InfiniteBarrage","floor":47,"key":"SMITH"},{"data":"1","floor":49,"key":"LIFT"},{"data":"blackbeard:BrownPants","floor":52,"key":"SMITH"}],"circlet_count":0,"master_deck":["blackbeard:BlackbeardStrike+1","blackbeard:BlackbeardStrike+1","blackbeard:IntimidatingStrike","blackbeard:BlackbeardDefend+1","blackbeard:BlackbeardDefend","blackbeard:BlackbeardDefend","blackbeard:Cutlass+1","blackbeard:PirateHook+1","blackbeard:WoodenLeg+1","blackbeard:Salvager+1","blackbeard:Bandana","blackbeard:Dagger","blackbeard:TacticalRetreat+1","blackbeard:CatONineTails+1","blackbeard:ReapersScythe+1","blackbeard:FieryDefense+1","blackbeard:SwordDance+1","blackbeard:RearmingStrike+1","blackbeard:Shrapnel+1","blackbeard:CannonBarrage+1","blackbeard:FishingNets+1","blackbeard:Sword+1","blackbeard:HumongousCannonball+1","blackbeard:Sharpening+1","blackbeard:PowderKeg+1","blackbeard:DelayedPain+1","blackbeard:Spear+1","blackbeard:DoubleBottom+1","blackbeard:ArmorUp+1","blackbeard:InfiniteBarrage+1","blackbeard:BrownPants+1","Parasite","blackbeard:WeaponProficiency+1"],"relics":["blackbeard:LoadTheGoldenCannons","AT_ATBox","NeowsBlessing","Pen Nib","AT_SunfireAegis","DemoMod:Metronome","AT_TrinityForce","blackbeard:CrossedSwords","Shuriken","DemoMod:PoisonVial","DemoMod:PinkGuonStone","DemoMod:Orange","Girya","Membership Card","blackbeard:PoorMathSkills","Eternal Feather","Dream Catcher","AT_EbonyIvory","War Paint","blackbeard:CannonballsOfSteel","AT_ForceNature","Cauldron","DemoMod:JetPack"],"acts_visited":["Exordium","TheCity","TheBeyond","TheEnding"],"potions_floor_usage":[13,16,21,22,22,37,37,44,45,50,50,50,54,55,55],"damage_taken":[{"damage":0,"enemies":"2 Louse","floor":1,"turns":1},{"damage":0,"enemies":"Jaw Worm","floor":5,"turns":1},{"damage":0,"enemies":"Gremlin Nob","floor":6,"turns":1},{"damage":0,"enemies":"Cultist","floor":8,"turns":2},{"damage":0,"enemies":"Exordium Wildlife","floor":11,"turns":4},{"damage":19,"enemies":"Lagavulin","floor":13,"turns":4},{"damage":0,"enemies":"2 Fungi Beasts","floor":14,"turns":4},{"damage":9,"enemies":"Hexaghost","floor":16,"turns":6},{"damage":0,"enemies":"Spheric Guardian","floor":18,"turns":1},{"damage":1,"enemies":"3 Byrds","floor":21,"turns":3},{"damage":4,"enemies":"Centurion and Healer","floor":22,"turns":5},{"damage":0,"enemies":"Book of Stabbing","floor":24,"turns":1},{"damage":0,"enemies":"Snecko","floor":25,"turns":2},{"damage":11,"enemies":"Slavers","floor":27,"turns":3},{"damage":0,"enemies":"Snake Plant","floor":29,"turns":2},{"damage":0,"enemies":"3 Cultists","floor":31,"turns":1},{"damage":15,"enemies":"Automaton","floor":33,"turns":5},{"damage":0,"enemies":"3 Darklings","floor":35,"turns":2},{"damage":0,"enemies":"Mind Bloom Boss Battle","floor":36,"turns":1},{"damage":11,"enemies":"2 Orb Walkers","floor":37,"turns":4},{"damage":13,"enemies":"3 Shapes","floor":38,"turns":2},{"damage":0,"enemies":"Reptomancer","floor":41,"turns":1},{"damage":0,"enemies":"Transient","floor":44,"turns":5},{"damage":10,"enemies":"Nemesis","floor":45,"turns":3},{"damage":0,"enemies":"Sphere and 2 Shapes","floor":46,"turns":1},{"damage":10,"enemies":"Giant Head","floor":48,"turns":3},{"damage":31,"enemies":"Donu and Deca","floor":50,"turns":5},{"damage":8,"enemies":"Shield and Spear","floor":54,"turns":3},{"damage":88,"enemies":"The Heart","floor":55,"turns":3}],"seed_played":"-2759756864056975566","potions_obtained":[{"floor":5,"key":"Energy Potion"},{"floor":13,"key":"LiquidMemories"},{"floor":16,"key":"AttackPotion"},{"floor":18,"key":"DemoMod:LeadSkinPotion"},{"floor":21,"key":"Fire Potion"},{"floor":29,"key":"AttackPotion"},{"floor":36,"key":"Block Potion"},{"floor":41,"key":"ColorlessPotion"},{"floor":45,"key":"Dexterity Potion"},{"floor":48,"key":"PowerPotion"},{"floor":53,"key":"blackbeard:UpgradePotion"},{"floor":53,"key":"blackbeard:UpgradePotion"},{"floor":53,"key":"LiquidMemories"}],"is_trial":false,"path_per_floor":["M","?","?","?","M","E","$","M","T","R","M","R","E","M","R","B",null,"M","?","$","M","M","R","E","M","T","E","R","M","R","M","R","B",null,"M","?","?","M","$","R","E","R","T","M","E","M","R","E","R","B",null,"R","$","E","B"],"character_chosen":"BLACKBEARD_CLASS","items_purchased":["AT_SunfireAegis","blackbeard:CrossedSwords","Membership Card","blackbeard:PoorMathSkills","Eternal Feather","AttackPotion","blackbeard:CannonballsOfSteel","AT_ForceNature","Cauldron"],"campfire_rested":0,"item_purchase_floors":[7,20,39,39,39,39,53,53,53],"current_hp_per_floor":[75,75,60,53,53,53,53,53,53,53,53,53,34,34,34,25,75,75,75,75,74,70,70,70,70,70,66,66,66,66,66,66,51,82,82,94,83,70,70,85,85,94,94,94,84,84,94,84,94,63,94,94,94,86,0,0,0],"gold":90,"neow_bonus":"THREE_ENEMY_KILL","is_daily":false,"chose_seed":false,"campfire_upgraded":10,"win_rate":0.0,"timestamp":1611132411,"path_taken":["M","?","?","?","M","E","$","M","T","R","M","R","E","M","R","BOSS","M","?","$","M","M","R","E","?","T","E","R","M","R","M","R","BOSS","M","?","?","M","?","R","E","R","T","?","E","M","R","E","R","BOSS","R","$","E","BOSS"],"items_purchased_type":["Relic","Relic","Relic","Relic","Relic","Potion","Relic","Relic","Relic"],"build_version":"2020-12-22","purchased_purges":2,"victory":false,"max_hp_per_floor":[75,75,75,75,75,75,75,75,75,75,75,75,75,75,75,75,75,75,75,75,75,75,75,75,75,75,82,82,82,82,82,82,82,82,82,94,94,94,94,94,94,94,94,94,94,94,94,94,94,94,94,94,94,94,94,94,94],"card_choices":[{"not_picked":["blackbeard:BlindAttacks","blackbeard:GoldenDefense"],"picked":"blackbeard:PirateHook","floor":1},{"not_picked":["blackbeard:PiratesWill","blackbeard:DoubleCannonball"],"picked":"blackbeard:WoodenLeg","floor":5},{"not_picked":["blackbeard:Recklessness","blackbeard:RearmingStrike"],"picked":"blackbeard:Salvager","floor":6},{"not_picked":["blackbeard:BlindAttacks","blackbeard:Toast"],"picked":"blackbeard:Bandana","floor":8},{"not_picked":["blackbeard:FieryDefense","blackbeard:GoldenDefense"],"picked":"blackbeard:Dagger","floor":11},{"not_picked":["blackbeard:DeadlyArsenal","blackbeard:GoldenDefense"],"picked":"blackbeard:TacticalRetreat","floor":13},{"not_picked":["blackbeard:WiseDefense","blackbeard:Fencing"],"picked":"blackbeard:CatONineTails","floor":14},{"not_picked":["blackbeard:PowerHungry","blackbeard:CaptainsHat"],"picked":"blackbeard:ReapersScythe","floor":16},{"not_picked":["blackbeard:CloakAndCannonball","blackbeard:DeadlyArsenal"],"picked":"blackbeard:FieryDefense+1","floor":18},{"not_picked":["blackbeard:GoldenCannonball+1","blackbeard:WiseDefense"],"picked":"blackbeard:SwordDance+1","floor":21},{"not_picked":["blackbeard:Rum+1","blackbeard:SwordDance"],"picked":"blackbeard:RearmingStrike+1","floor":22},{"not_picked":["blackbeard:Eyepatch","blackbeard:Toast"],"picked":"blackbeard:Shrapnel+1","floor":24},{"not_picked":["blackbeard:DeadlyArsenal+1","blackbeard:WiseDefense"],"picked":"blackbeard:CannonBarrage","floor":25},{"not_picked":["blackbeard:Dagger","blackbeard:Bandana"],"picked":"blackbeard:FishingNets","floor":27},{"not_picked":["blackbeard:GoldenDefense","blackbeard:DeadlyArsenal"],"picked":"blackbeard:Sword+1","floor":29},{"not_picked":["blackbeard:FishingNets","blackbeard:WiseDefense","blackbeard:Toast"],"picked":"SKIP","floor":31},{"not_picked":["blackbeard:Murder","blackbeard:WeaponMastery"],"picked":"blackbeard:HumongousCannonball","floor":33},{"not_picked":["blackbeard:RearmingStrike+1","blackbeard:DelayedPain+1"],"picked":"blackbeard:Sharpening+1","floor":35},{"not_picked":["blackbeard:RearmingStrike+1","blackbeard:BeatUp"],"picked":"blackbeard:PowderKeg+1","floor":36},{"not_picked":["blackbeard:GoldenStrike+1","blackbeard:Sword"],"picked":"blackbeard:DelayedPain+1","floor":37},{"not_picked":["blackbeard:CloakAndCannonball+1","blackbeard:Salvager"],"picked":"blackbeard:Spear+1","floor":38},{"not_picked":["blackbeard:BlindAttacks","blackbeard:Shrapnel+1"],"picked":"blackbeard:DoubleBottom+1","floor":41},{"not_picked":["blackbeard:DeadlyArsenal","blackbeard:BlindAttacks"],"picked":"blackbeard:ArmorUp+1","floor":44},{"not_picked":["blackbeard:WeaponProficiency+1","blackbeard:Toast"],"picked":"blackbeard:InfiniteBarrage","floor":45},{"not_picked":["blackbeard:GoldenDefense","blackbeard:VengefulSpirit","blackbeard:Recklessness"],"picked":"SKIP","floor":46},{"not_picked":["blackbeard:ArmorUp","blackbeard:BountyHunter"],"picked":"blackbeard:BrownPants","floor":48},{"not_picked":["blackbeard:ChaoticDefense","blackbeard:RearmingStrike+1"],"picked":"blackbeard:WeaponProficiency+1","floor":54}],"player_experience":614205,"relics_obtained":[{"floor":6,"key":"Pen Nib"},{"floor":13,"key":"DemoMod:Metronome"},{"floor":24,"key":"Shuriken"},{"floor":26,"key":"DemoMod:PoisonVial"},{"floor":27,"key":"DemoMod:PinkGuonStone"},{"floor":36,"key":"DemoMod:Orange"},{"floor":37,"key":"Girya"},{"floor":41,"key":"Dream Catcher"},{"floor":43,"key":"AT_EbonyIvory"},{"floor":48,"key":"War Paint"},{"floor":54,"key":"DemoMod:JetPack"}],"event_choices":[{"damage_healed":0,"gold_gain":0,"player_choice":"Grow","damage_taken":0,"max_hp_gain":0,"max_hp_loss":0,"event_name":"Living Wall","floor":2,"gold_loss":0,"cards_upgraded":["blackbeard:PirateHook"]},{"damage_healed":0,"gold_gain":0,"player_choice":"Entered Light","damage_taken":15,"max_hp_gain":0,"max_hp_loss":0,"event_name":"Shining Light","floor":3,"gold_loss":0,"cards_upgraded":["blackbeard:BlackbeardStrike","blackbeard:BlackbeardStrike"]},{"cards_removed":["blackbeard:BlackbeardStrike"],"damage_healed":0,"gold_gain":0,"player_choice":"Card Removal","damage_taken":7,"max_hp_gain":0,"max_hp_loss":0,"event_name":"Golden Wing","floor":4,"gold_loss":0},{"damage_healed":0,"gold_gain":0,"player_choice":"Ignored","damage_taken":0,"max_hp_gain":0,"max_hp_loss":0,"event_name":"NoteForYourself","floor":19,"gold_loss":0},{"damage_healed":0,"gold_gain":0,"player_choice":"Fight","damage_taken":0,"max_hp_gain":0,"max_hp_loss":0,"event_name":"MindBloom","floor":36,"gold_loss":0},{"damage_healed":0,"gold_gain":0,"player_choice":"Fight","damage_taken":0,"max_hp_gain":0,"max_hp_loss":0,"event_name":"Mysterious Sphere","floor":37,"gold_loss":0}],"is_beta":false,"boss_relics":[{"not_picked":["Velvet Choker","Cursed Key"],"picked":"AT_TrinityForce"},{"not_picked":["Coffee Dripper","Sozu"],"picked":"blackbeard:LoadTheGoldenCannons"}],"items_purged_floors":[20,39],"is_endless":false,"potions_floor_spawned":[5,13,16,18,21,29,36,41,45,48],"killed_by":"The Heart","ascension_level":0}}