{"host":"465m78bh87h7wxsp","time":1611134606,"event":{"mods":["ATMod(阿瑾Mod)","Act Like it!","Alarm Clock","Aspiration","BaseMod","Better Debug","CapriCore","Decade(王小明)","Gensokyo","GungeonMod","Hallownest","Hermit","HololiveMod","Infinite Spire","Jorbs\u0027s Wanderer Trilogy","KinomotoSakuraMod(木之本樱)","Koishi","KomeijiMod","Lobotomy","LobotomyExtend","Marisa（F雨　魔理沙）","Minty Spire (QoL Compilation)","MostiFishMod","Red Circlet Mod","Reimu（博丽灵梦）","Replay The Spire","RumiaBox-露米娅的神秘盒子","Ryuuou龙王","SOS（斯巴达之子）","Shop Mod","Spicy Shops","StSLib","TestMod","The Administrix","The Animator","The Bug Knight","The Cursed","The Hierophant","The Immortal","The Senshi","The Servant 0.9.4","Uncapped","Waifu the Spire","WarShipGirlsR/战舰少女R mod","Yakumo Yukari mod","Youmu（魂魄妖梦）","Yuyuko","[IsaacMod]以撒尖塔","noobMod","vexMod","【功能Mod】混沌之环修复补丁","【功能Mod】聪明的最终Boss","【遗物卡牌】REMEMod"],"gold_per_floor":[117,117,133,133,234,234,253,253,271,286,306,341,383,383,383,383,397,397,397,464,482,516,516,531,531,541,628,656,656,631,631,734,734,734,734,901,901,916],"floor_reached":23,"language":"ZHS","playtime":1491,"items_purged":["testmod-WeaknessCounterattack","Wellcheers","Overencumbered"],"score":1000,"play_id":"29cc2a53-f15c-4d25-b655-68ce82afd19d","local_time":"20210120172326","is_ascension_mode":false,"campfire_choices":[{"floor":14.0,"key":"RECALL"},{"data":"rmod:circuitoustactics","floor":7.0,"key":"SMITH"},{"floor":13,"key":"DIG"},{"floor":15,"key":"DIG"},{"floor":19,"key":"DIG"}],"circlet_count":0,"master_deck":["rmod:strick+1","rmod:strick","rmod:strick","rmod:strick","rmod:defend","rmod:defend","rmod:defend","rmod:defend","rmod:basicallowance","rmod:maingunfire","AT_EmpoweredMortalDraw+1","rmod:garrisonisland","rmod:diamondstrike","rmod:acesubmarine","rmod:bulid+1","rmod:diaomin","rmod:aggressivemary+1","rmod:wife","Scarecrow","rmod:abidefaith+1","rmod:wife","rmod:generalist","rmod:slowdown","rmod:supriseattacks","rmod:u235","rmod:seals+1","rmod:wife","rmod:tearstotiara","rmod:generalist","rmod:unsinkable","rmod:supportescort","rmod:goodsister","rmod:goodsister","Chrysalis","rmod:circuitoustactics+1","rmod:launchingtorpedo","rmod:wife","rmod:maintain+1","rmod:aggressivemary+1","rmod:openingtorpedo+1","Flash of Steel+1","Metamorphosis+1","rmod:capitalist+1","rmod:mineteam+1","OSAHOGD","rmod:ridicule+1","rmod:secretscript+1","Apotheosis+1","rmod:fletcherpendant+1","rmod:circuitoustactics+1","rmod:chargemoney+1"],"relics":["DaveBox","ice","HushsDoor","testmod-TestBox","AT_ATBox","REME_ComplimentaryCards","testmod-CasingShield","D6","DiscerningMonocle","CogitoBucket","SynthV:TestCard","rmod:mogul","HollowMod:LifeEnderRelic","TheBible","HonorFeather","Moonlight_r","ice","SynthV:TestCard","LetterFromLob","theSenshi:SailorFukuRelic","AT_RabadonDeathcap","testmod-OneHitWonder","Question Card","Blood Vial","Medical Kit","Orrery","MerchantsRug","ReplayTheSpireMod:Ninjato","Molten Egg 2","testmod-Hope","Golden Egg","TheAbacus","Pear","Shovel","TimeFreeze","testmod-Acrobat","Chameleon Ring","Sling","Whetstone","BookofShadows","Replay:Mystery Machine","vexMod:FocusSash","testmod-Déjàvu","infinitespire:Broken Mirror","TentaclePot:ReiMu","ReplayTheSpireMod:CursedCoin","Moonlight_r"],"acts_visited":["Hallownest:Greenpath","Hallownest:CityofTears","TheEnding"],"potions_floor_usage":[],"damage_taken":[{"damage":6.0,"enemies":"Hallownest:2_MossCreeps","floor":1.0,"turns":4.0},{"damage":0.0,"enemies":"Hallownest:monsterHuskWarrior","floor":3.0,"turns":2.0},{"damage":149.0,"enemies":"Hallownest:BossHornet","floor":5.0,"turns":14.0},{"damage":7.0,"enemies":"Hallownest:Guard_and_Sentry","floor":7.0,"turns":2.0},{"damage":8.0,"enemies":"Hallownest:2_Mistakes","floor":9.0,"turns":3.0},{"damage":20.0,"enemies":"Hallownest:2_Flukemon","floor":10.0,"turns":2.0},{"damage":3.0,"enemies":"Hallownest:monsterShrumalOgre","floor":11.0,"turns":3.0},{"damage":18.0,"enemies":"Hallownest:eliteWatcherKnight","floor":12.0,"turns":7.0},{"damage":0.0,"enemies":"Hallownest:Nosk","floor":17.0,"turns":2.0},{"damage":0.0,"enemies":"2 Louse","floor":1.0,"turns":1.0},{"damage":0.0,"enemies":"Jaw Worm","floor":5.0,"turns":1.0},{"damage":0.0,"enemies":"Lagavulin","floor":6.0,"turns":2.0},{"damage":0.0,"enemies":"Small Slimes","floor":8.0,"turns":4.0},{"damage":0,"enemies":"3 Louse","floor":10,"turns":3},{"damage":17,"enemies":"3 Sentries","floor":12,"turns":4},{"damage":24,"enemies":"Slime Boss","floor":16,"turns":4},{"damage":9,"enemies":"The Heart","floor":22,"turns":2}],"seed_played":"-3011111428826382746","potions_obtained":[{"floor":3.0,"key":"Fire Potion"},{"floor":11.0,"key":"Dexterity Potion"},{"floor":5.0,"key":"SmokeBomb"},{"floor":8,"key":"SteroidPotion"},{"floor":10,"key":"Languid Potion"}],"is_trial":false,"path_per_floor":["M","?","M","?","B",null,"M","?","M","M","M","E","?","R","T","T","E","M","?","T","$","M","E","R","M","T","M","$","E","R","?","R","B",null,null,"R","$","E","B",null],"character_chosen":"PRAEFECT","items_purchased":["AT_RabadonDeathcap","testmod-OneHitWonder","Question Card","Blood Vial","Medical Kit","Orrery","FearPotion","MerchantsRug","Explosive Potion","DemoMod:LeadSkinPotion","SkillPotion","rmod:tearstotiara","rmod:generalist","rmod:unsinkable","rmod:supportescort","rmod:goodsister","Chrysalis","testmod-WeaknessCounterattack","testmod-Hope","Golden Egg","TheAbacus","Pear","Shovel","TimeFreeze","Doom Potion","CalmPotion","Elixir","infinitespire:BlackPotion","rmod:maintain","rmod:aggressivemary+1","rmod:openingtorpedo+1","Flash of Steel+1","Metamorphosis","rmod:capitalist+1","rmod:mineteam","Replay:Mystery Machine","vexMod:FocusSash","testmod-Déjàvu","infinitespire:Broken Mirror","TentaclePot:ReiMu","Energy Potion","testmod-TestPotion","Apotheosis","rmod:fletcherpendant+1","rmod:circuitoustactics","rmod:chargemoney","ReplayTheSpireMod:CursedCoin"],"campfire_rested":0,"item_purchase_floors":[4,4,4,4,4,4,4,4,4,4,4,4,4,4,4,4,4,4,11,11,11,11,11,11,11,11,11,11,11,11,11,11,11,11,11,20,20,20,20,20,20,20,20,20,20,20,20],"current_hp_per_floor":[69,75,75,75,81,96,89,89,81,61,58,43,28,28,28,28,108,108,108,108,108,108,108,108,108,108,118,118,118,118,118,94,94,118,118,118,118,118],"gold":916,"neow_bonus":"","is_daily":false,"chose_seed":false,"campfire_upgraded":1,"win_rate":0.0,"timestamp":1611134606,"path_taken":["M","?","?","?","BOSS","M","?","M","M","M","E","?","R","T","?","E","M","?","?","$","M","E","R","M","T","M","$","E","R","?","R","BOSS","R","$","E","BOSS"],"items_purchased_type":["Relic","Relic","Relic","Relic","Relic","Relic","Potion","Relic","Potion","Undefined","Potion","Card","Card","Card","Card","Card","Card","Card","Relic","Relic","Relic","Relic","Relic","Relic","Potion","Potion","Potion","Potion","Card","Card","Card","Card","Card","Card","Card","Relic","Relic","Relic","Relic","Relic","Potion","Potion","Card","Card","Card","Card","Relic"],"build_version":"2020-12-22","purchased_purges":3,"victory":true,"max_hp_per_floor":[75,75,75,75,96,96,97,97,99,104,106,108,108,108,108,108,108,108,108,108,108,108,108,108,108,108,118,118,118,118,118,118,118,118,118,118,118,118],"card_choices":[{"not_picked":["BeautyBeast","MeatLantern","FairyFestival"],"picked":"Singing Bowl","floor":1.0},{"not_picked":["rmod:fletcherpendant","rmod:diamondstrike"],"picked":"rmod:garrisonisland","floor":1.0},{"not_picked":["MeatLantern","LittleHelper","VoidDream"],"picked":"Singing Bowl","floor":3.0},{"not_picked":["rmod:unsinkable","rmod:supportescort","rmod:victimresponsibility","rmod:fuelsupply"],"picked":"rmod:diamondstrike","floor":3.0},{"not_picked":["OldLady","WallGazer","SpiderBud"],"picked":"Singing Bowl","floor":5.0},{"not_picked":["QueenOfHatred","Bloodbath"],"picked":"Wellcheers","floor":5.0},{"not_picked":["rmod:seals","rmod:timeschanged","rmod:desperatesituation","rmod:windflower"],"picked":"rmod:acesubmarine","floor":5.0},{"not_picked":["Bloodbath","MeatLantern","HappyTeddy"],"picked":"Singing Bowl","floor":7.0},{"not_picked":["rmod:goodsister","rmod:steelsupply","rmod:unsinkable","rmod:fletcherpendant"],"picked":"rmod:bulid+1","floor":7.0},{"not_picked":["ShyLook","SpiderBud","CherryBlossoms"],"picked":"Singing Bowl","floor":9.0},{"not_picked":["rmod:supportescort+1","rmod:unsinkable","rmod:aviationdawn+1","rmod:intelligenceanalysis"],"picked":"rmod:diaomin","floor":9.0},{"not_picked":["VoidDream","QueenBee","FairyFestival"],"picked":"Singing Bowl","floor":10.0},{"not_picked":["rmod:luckystar","rmod:intelligenceanalysis","rmod:timeschanged","rmod:fletcherpendant"],"picked":"rmod:aggressivemary","floor":10.0},{"not_picked":["MeltingLove","OldLady","Bloodbath"],"picked":"Singing Bowl","floor":11.0},{"not_picked":["rmod:goodsister+1","rmod:intelligenceanalysis+1","rmod:luckystar+1","rmod:goodfighter"],"picked":"rmod:wife","floor":11.0},{"not_picked":["BigBadWolf","LongBird"],"picked":"Scarecrow","floor":12.0},{"not_picked":["rmod:aviationdawn+1","rmod:supportescort","rmod:intelligenceanalysis","rmod:firesupport"],"picked":"rmod:abidefaith","floor":12.0},{"not_picked":["PunishingBird","MeatLantern","BeautyBeast"],"picked":"Singing Bowl","floor":1.0},{"not_picked":["rmod:firesupport","rmod:intelligenceanalysis","rmod:ring","rmod:supportaircraftcarrier"],"picked":"rmod:generalist","floor":1.0},{"not_picked":["rmod:supportescort","rmod:diaomin","rmod:fletcherpendant","rmod:heivgo","rmod:rockthrower","rmod:unsinkable","rmod:fuelsupply"],"picked":"rmod:slowdown","floor":4.0},{"not_picked":["rmod:intelligenceanalysis","rmod:circuitoustactics","rmod:victimresponsibility","rmod:chargemoney","rmod:ammunitionsupply","rmod:sl","rmod:fuelsupply"],"picked":"rmod:supriseattacks","floor":4.0},{"not_picked":["rmod:fuelsupply","rmod:ring","rmod:slowdown","rmod:ammunitionsupply","rmod:steelsupply","rmod:selfconfidence","rmod:capitalist"],"picked":"rmod:u235","floor":4.0},{"not_picked":["rmod:luckystar","rmod:circuitoustactics","rmod:victimresponsibility","rmod:expeditionaryescort","rmod:fuelsupply","rmod:openingtorpedo","rmod:diamondstrike"],"picked":"rmod:seals","floor":4.0},{"not_picked":["rmod:aluminumsupply","rmod:guardianhero","rmod:mineteam","rmod:salvage","rmod:circuitoustactics","rmod:ammunitionsupply","rmod:unsinkable"],"picked":"rmod:wife","floor":4.0},{"not_picked":["Variant","Alriune","PunishingBird"],"picked":"Singing Bowl","floor":5.0},{"not_picked":["rmod:goodfighter","rmod:firesupport","rmod:bulid","rmod:guardianhero","rmod:punchline","rmod:ring","rmod:supportescort","rmod:unsinkable"],"picked":"SKIP","floor":5.0},{"not_picked":["VoidDream","WallGazer","BeautyBeast"],"picked":"Singing Bowl","floor":6.0},{"not_picked":["rmod:aviationdawn","rmod:steelsupply","rmod:intelligenceanalysis","rmod:spoils","rmod:lonelyqueen","rmod:stealaluminum","rmod:supportescort"],"picked":"rmod:circuitoustactics","floor":6.0},{"not_picked":["rmod:steelsupply","rmod:intelligenceanalysis","rmod:slowdown","rmod:advancebysurprise","rmod:tearstotiara","rmod:luckystar","rmod:chargemoney"],"picked":"rmod:launchingtorpedo","floor":8},{"not_picked":["Funeral","MHz","HeroicMonk"],"picked":"Singing Bowl","floor":10},{"not_picked":["rmod:tearstotiara+1","rmod:victimresponsibility","rmod:supportescort","rmod:fuelsupply","rmod:sl","rmod:aviationdawn","rmod:spoils"],"picked":"rmod:wife","floor":10},{"not_picked":["BigBird","BeautyBeast","GalaxyChild"],"picked":"Singing Bowl","floor":12},{"not_picked":["OldLady","WallGazer"],"picked":"OSAHOGD","floor":12},{"not_picked":["rmod:expeditionaryescort","rmod:smokecover","rmod:highspeedmaneuver","rmod:unsinkable","rmod:supportaircraftcarrier","rmod:intelligenceanalysis+1","rmod:aviationdawn"],"picked":"rmod:ridicule","floor":12},{"not_picked":["SingingMachine","MeatLantern","Variant"],"picked":"Singing Bowl","floor":16},{"not_picked":["rmod:expeditionaryescort","rmod:desperatesituation","rmod:stealaluminum","rmod:saltedfish","rmod:timeschanged+1","rmod:supriseattacks","rmod:seals"],"picked":"rmod:secretscript","floor":16}],"player_experience":31511,"relics_obtained":[{"floor":1.0,"key":"SynthV:TestCard"},{"floor":1.0,"key":"LetterFromLob"},{"floor":12.0,"key":"HollowMod:LifeEnderRelic"},{"floor":16.0,"key":"TheBible"},{"floor":1.0,"key":"SynthV:TestCard"},{"floor":1.0,"key":"LetterFromLob"},{"floor":3.0,"key":"theSenshi:SailorFukuRelic"},{"floor":6.0,"key":"ReplayTheSpireMod:Ninjato"},{"floor":9,"key":"Molten Egg 2"},{"floor":12,"key":"testmod-Acrobat"},{"floor":13,"key":"Chameleon Ring"},{"floor":15,"key":"Whetstone"},{"floor":19,"key":"BookofShadows"}],"event_choices":[{"damage_healed":0.0,"max_hp_gain":0.0,"max_hp_loss":0.0,"gold_gain":0.0,"event_name":"NoteForYourself","player_choice":"Ignored","floor":2.0,"gold_loss":0.0,"damage_taken":0.0}],"is_beta":false,"boss_relics":[{"not_picked":["Tiny House","aspiration:RunicSpoon"],"picked":"rmod:mogul"},{"not_picked":[]}],"items_purged_floors":[4,11,20],"is_endless":false,"potions_floor_spawned":[3,11,12,5,8,10],"ascension_level":0}}