{"host":"mg3e76uznu9x14du","time":1611127136,"event":{"mods":["BaseMod","Colored Map","Downfall","Minty Spire (QoL Compilation)","Permanent Neow","Relic Stats","StSLib","everything is the same but u backflip on backflip"],"gold_per_floor":[99,117,136,148,148,180,180,180,194,26,38,38,53,3,14,14,14,14],"floor_reached":16,"language":"ENG","playtime":911,"items_purged":[],"score":104,"play_id":"6213ea23-c689-40ee-8f91-61a3ce6c6c21","local_time":"20210120021856","is_ascension_mode":false,"campfire_choices":[{"data":"bronze:AlphaBuild","floor":1,"key":"SMITH"},{"floor":8,"key":"REST"},{"floor":12,"key":"REST"}],"circlet_count":0,"master_deck":["bronze:Strike","bronze:Strike","bronze:Strike","bronze:Strike","bronze:Defend","bronze:Defend","bronze:Defend","bronze:Defend","bronze:Replicate+1","bronze:Goto+1","downfall:Bewildered","bronze:AlphaBuild+1","bronze:WhirlingStrike+1","bronze:Separator","bronze:GetLatest","bronze:Frontload","bronze:Format","bronze:OilSpill","bronze:Boost","bronze:ChildClass","bronze:Separator","bronze:Branch","bronze:BuggyMess","bronze:MaxOutput","bronze:BugBarrage","bronze:Repulsor","bronze:ChosenStrike","bronze:Iterate"],"relics":["bronze:BronzeCore","Kunai","hexamod:BolsterEngine","Orrery"],"acts_visited":["Exordium"],"potions_floor_usage":[14,16],"damage_taken":[{"damage":0,"enemies":"2 Louse","floor":2,"turns":2},{"damage":4,"enemies":"Cultist","floor":3,"turns":4},{"damage":6,"enemies":"Small Slimes","floor":4,"turns":2},{"damage":32,"enemies":"Lagavulin","floor":6,"turns":8},{"damage":0,"enemies":"2 Fungi Beasts","floor":9,"turns":2},{"damage":0,"enemies":"downfall:FleeingMerchant","floor":10,"turns":4},{"damage":0,"enemies":"3 Louse","floor":11,"turns":2},{"damage":17,"enemies":"Large Slime","floor":13,"turns":4},{"damage":2,"enemies":"downfall:FleeingMerchant","floor":14,"turns":4},{"damage":0,"enemies":"Exordium Wildlife","floor":15,"turns":3},{"damage":53,"enemies":"IC_STATUS_ARCHETYPE","floor":16,"turns":8}],"seed_played":"-5958214216695549944","potions_obtained":[{"floor":3,"key":"SmokeBomb"},{"floor":11,"key":"Guardian:BlockOnCardUsePotion"},{"floor":13,"key":"ColorlessPotion"},{"floor":15,"key":"Ancient Potion"}],"is_trial":false,"path_per_floor":["R","M","M","M","?","E","T","R","M","$","M","R","M","$","M","B"],"character_chosen":"THE_AUTOMATON","items_purchased":["Orrery","bronze:ChosenStrike"],"campfire_rested":2,"item_purchase_floors":[10,14],"current_hp_per_floor":[70,70,66,60,60,28,28,49,49,49,49,70,53,51,51,0,0,0],"gold":14,"neow_bonus":"THREE_RARE_CARDS","is_daily":false,"chose_seed":false,"campfire_upgraded":1,"win_rate":0.0,"timestamp":1611127136,"path_taken":["R","M","M","M","?","E","T","R","M","?","M","R","?","$","M","BOSS"],"items_purchased_type":["Relic","Card"],"build_version":"2020-12-22","purchased_purges":0,"victory":false,"max_hp_per_floor":[70,70,70,70,70,70,70,70,70,70,70,70,70,70,70,70,70,70],"relic_stats":{"counters":[11,43],"Kunai":[12],"obtain_stats":[{"bronze:BronzeCore":0,"Orrery":10,"Kunai":6,"hexamod:BolsterEngine":7},{"bronze:BronzeCore":0,"Orrery":6,"Kunai":4,"hexamod:BolsterEngine":4},{"bronze:BronzeCore":0,"Orrery":22,"Kunai":16,"hexamod:BolsterEngine":16}]},"card_choices":[{"not_picked":["bronze:RecursiveStrike","bronze:BurnOut"],"picked":"bronze:AlphaBuild","floor":0},{"not_picked":["bronze:Iterate","bronze:BugBarrage"],"picked":"bronze:WhirlingStrike","floor":2},{"not_picked":["bronze:WildBeam","bronze:Shield"],"picked":"bronze:Separator","floor":3},{"not_picked":["bronze:Repair","bronze:DarkDash"],"picked":"bronze:GetLatest","floor":4},{"not_picked":["bronze:Overheat","bronze:FineTuning"],"picked":"bronze:Frontload","floor":6},{"not_picked":["bronze:Frontload","bronze:Overheat"],"picked":"bronze:Format","floor":9},{"not_picked":["bronze:Fortify","bronze:Overheat"],"picked":"bronze:OilSpill","floor":10},{"not_picked":["bronze:OilSpill","bronze:FineTuning"],"picked":"bronze:Boost","floor":10},{"not_picked":["bronze:Shield","bronze:Format"],"picked":"bronze:ChildClass","floor":10},{"not_picked":["bronze:WhirlingStrike","bronze:GetLatest"],"picked":"bronze:Separator","floor":10},{"not_picked":["bronze:Invalidate","bronze:BronzeArmor"],"picked":"bronze:Branch","floor":10},{"not_picked":["bronze:BitShift","bronze:DarkDash"],"picked":"bronze:BuggyMess","floor":10},{"not_picked":["bronze:Deprecate","bronze:Separator"],"picked":"bronze:MaxOutput","floor":11},{"not_picked":["bronze:Return","bronze:Fortify"],"picked":"bronze:BugBarrage","floor":13},{"not_picked":["bronze:WhirlingStrike","bronze:BronzeArmor"],"picked":"bronze:Repulsor","floor":14},{"not_picked":["bronze:BuggyMess","bronze:Deprecate"],"picked":"bronze:Iterate","floor":15}],"player_experience":456394,"relics_obtained":[{"floor":6,"key":"Kunai"},{"floor":7,"key":"hexamod:BolsterEngine"}],"event_choices":[],"is_beta":false,"boss_relics":[],"items_purged_floors":[],"is_endless":false,"potions_floor_spawned":[3,11,13,15],"killed_by":"IC_STATUS_ARCHETYPE","ascension_level":0}}