{"host":"u1dfzl6o6mfmauc3","time":1611120424,"event":{"mods":["2.2 Compatiblity","AchievementEnabler","BaseMod","Block Reminder","Challenge The Spire","Dark Map","Hermit","Minty Spire (QoL Compilation)","Relic Stats","Robot Space Explorer","StSLib","The Disciple"],"gold_per_floor":[109,109,129,129,146,156,182,182,211,211,211,311,311,329,329,329,363,363,493,493,518,443,0,14,37,0,15,49,49,73,123,147,72,92,92,92,17,17,17,142,142,166,266,286,34,54,97,111,111,126,177,177,215,241,241,257,257,257,257,257,107,138,138,138],"floor_reached":63,"language":"ENG","playtime":3018,"items_purged":["hermit:Strike_Hermit","hermit:Defend_Hermit"],"score":929,"play_id":"4faf47d9-f83d-41d4-bd54-2e1c44fe9646","local_time":"20210120002704","is_ascension_mode":true,"campfire_choices":[{"data":"hermit:Headshot","floor":8,"key":"SMITH"},{"data":"hermit:Snapshot","floor":15,"key":"SMITH"},{"floor":18,"key":"REST"},{"data":"hermit:Roughhouse","floor":29,"key":"SMITH"},{"data":"hermit:Manifest","floor":38,"key":"SMITH"},{"data":"hermit:Covet","floor":39,"key":"SMITH"},{"floor":49,"key":"REST"},{"data":"hermit:Defend_Hermit","floor":52,"key":"SMITH"},{"floor":57,"key":"RECALL"},{"data":"hermit:Defend_Hermit","floor":60,"key":"SMITH"}],"circlet_count":0,"master_deck":["hermit:Defend_Hermit+1","hermit:Defend_Hermit+1","hermit:Snapshot+1","hermit:Covet+1","hermit:Manifest+1","hermit:ItchyTrigger+1","hermit:Headshot+1","hermit:BigShot+1","hermit:Adapt+1","hermit:Roughhouse+1","hermit:Brawl+1","hermit:Dive+1","hermit:Roulette+1","hermit:PistolWhip+1","hermit:Determination+1","hermit:RoundhouseKick+1","hermit:Enervate+1","hermit:Shortfuse+1"],"relics":["Snecko Eye","Juzu Bracelet","Frozen Egg 2","HornCleat","Question Card","Golden Idol","Kunai","Empty Cage","Molten Egg 2","OrangePellets","Shuriken","Toy Ornithopter","Toxic Egg 2","Letter Opener","Sozu","Anchor","StoneCalendar","PreservedInsect","Mummified Hand","TheAbacus","Oddly Smooth Stone"],"acts_visited":["Exordium","TheCity","TheBeyond","TheEnding"],"potions_floor_usage":[19,25,62,63,63],"damage_taken":[{"damage":0,"enemies":"2 Louse","floor":1,"turns":2},{"damage":0,"enemies":"Cultist","floor":3,"turns":4},{"damage":0,"enemies":"Lots of Slimes","floor":5,"turns":4},{"damage":0,"enemies":"Gremlin Gang","floor":6,"turns":5},{"damage":37,"enemies":"Lagavulin","floor":7,"turns":7},{"damage":2,"enemies":"Gremlin Nob","floor":9,"turns":3},{"damage":0,"enemies":"Large Slime","floor":14,"turns":5},{"damage":0,"enemies":"3 Sentries","floor":17,"turns":4},{"damage":4,"enemies":"Hexaghost","floor":19,"turns":8},{"damage":0,"enemies":"Spheric Guardian","floor":21,"turns":3},{"damage":0,"enemies":"3 Byrds","floor":24,"turns":4},{"damage":0,"enemies":"Cultist and Chosen","floor":25,"turns":5},{"damage":0,"enemies":"Snake Plant","floor":27,"turns":3},{"damage":26,"enemies":"Book of Stabbing","floor":28,"turns":8},{"damage":0,"enemies":"Centurion and Healer","floor":30,"turns":3},{"damage":0,"enemies":"Snecko","floor":32,"turns":4},{"damage":13,"enemies":"Sentry and Sphere","floor":34,"turns":5},{"damage":23,"enemies":"Automaton","floor":40,"turns":8},{"damage":13,"enemies":"3 Darklings","floor":42,"turns":3},{"damage":1,"enemies":"Orb Walker","floor":44,"turns":2},{"damage":0,"enemies":"Transient","floor":46,"turns":5},{"damage":13,"enemies":"Nemesis","floor":47,"turns":5},{"damage":8,"enemies":"4 Shapes","floor":48,"turns":7},{"damage":0,"enemies":"Maw","floor":50,"turns":5},{"damage":13,"enemies":"Giant Head","floor":53,"turns":6},{"damage":0,"enemies":"3 Darklings","floor":56,"turns":2},{"damage":22,"enemies":"Time Eater","floor":58,"turns":8},{"damage":12,"enemies":"Shield and Spear","floor":62,"turns":5},{"damage":67,"enemies":"The Heart","floor":63,"turns":6}],"seed_played":"1170011672540105554","potions_obtained":[{"floor":1,"key":"Weak Potion"},{"floor":5,"key":"Explosive Potion"},{"floor":19,"key":"SteroidPotion"},{"floor":25,"key":"Fruit Juice"},{"floor":27,"key":"hermit:Tonic"}],"is_trial":false,"path_per_floor":["M","?","M","M","M","M","E","R","E","T","T","?","?","M","R","?","E","R","B",null,"M","?","$","M","M","?","M","E","R","M","T","M","$","M","T","?","?","R","R","B",null,"M","?","M","$","M","E","M","R","M","T","R","E","T","?","M","R","B",null,"R","$","E","B"],"character_chosen":"HERMIT","items_purchased":["Molten Egg 2","OrangePellets","AttackPotion","Anchor","TheAbacus"],"campfire_rested":2,"item_purchase_floors":[23,23,23,45,61],"current_hp_per_floor":[75,75,75,75,75,75,38,38,36,36,36,36,36,36,36,36,36,56,52,69,69,69,69,69,74,74,74,48,48,48,48,48,48,35,35,59,59,59,59,36,74,61,61,60,60,60,47,39,61,61,61,61,48,48,65,65,65,43,65,65,65,58,0,0],"gold":138,"neow_bonus":"BOSS_RELIC","is_daily":false,"chose_seed":false,"campfire_upgraded":7,"win_rate":0.0,"timestamp":1611120424,"path_taken":["M","?","M","?","M","M","E","R","E","T","T","?","?","M","R","?","E","R","BOSS","M","?","$","M","M","?","M","E","R","M","T","M","$","M","?","?","?","R","R","BOSS","M","?","M","?","M","E","M","R","M","T","R","E","?","?","M","R","BOSS","R","$","E","BOSS"],"items_purchased_type":["Relic","Relic","Potion","Relic","Relic"],"build_version":"2020-12-22","purchased_purges":2,"victory":false,"max_hp_per_floor":[75,75,75,75,75,75,75,75,75,75,75,75,75,75,75,69,69,69,69,69,69,69,69,69,74,74,74,74,74,74,74,74,74,74,74,74,74,74,74,74,74,74,74,74,74,74,74,74,74,74,74,74,74,74,65,65,65,65,65,65,65,65,65,65],"relic_stats":{"counters":[30,140],"Golden Idol":165,"StoneCalendar":[52],"PreservedInsect":193,"Juzu Bracelet":4,"Letter Opener":[31],"Question Card":21,"Sozu":2,"OrangePellets":[14],"TheAbacus":[30],"Shuriken":[33],"Mummified Hand":[23],"Snecko Eye":[166,158,179,196],"Kunai":[45],"obtain_stats":[{"Golden Idol":16,"Oddly Smooth Stone":62,"StoneCalendar":47,"PreservedInsect":51,"Juzu Bracelet":7,"Letter Opener":37,"Frozen Egg 2":9,"Question Card":11,"Empty Cage":20,"Sozu":41,"OrangePellets":23,"Anchor":45,"HornCleat":10,"TheAbacus":61,"Shuriken":28,"Mummified Hand":53,"Snecko Eye":0,"Molten Egg 2":23,"Kunai":17,"Toxic Egg 2":35,"hermit:Momento":0,"Toy Ornithopter":31},{"Golden Idol":8,"Oddly Smooth Stone":29,"StoneCalendar":23,"PreservedInsect":25,"Juzu Bracelet":6,"Letter Opener":18,"Frozen Egg 2":7,"Question Card":7,"Empty Cage":10,"Sozu":19,"OrangePellets":11,"Anchor":21,"HornCleat":7,"TheAbacus":28,"Shuriken":15,"Mummified Hand":26,"Snecko Eye":0,"Molten Egg 2":11,"Kunai":9,"Toxic Egg 2":18,"hermit:Momento":0,"Toy Ornithopter":16},{"Golden Idol":31,"Oddly Smooth Stone":134,"StoneCalendar":101,"PreservedInsect":113,"Juzu Bracelet":23,"Letter Opener":78,"Frozen Egg 2":26,"Question Card":26,"Empty Cage":43,"Sozu":86,"OrangePellets":46,"Anchor":91,"HornCleat":26,"TheAbacus":129,"Shuriken":66,"Mummified Hand":119,"Snecko Eye":0,"Molten Egg 2":46,"Kunai":35,"Toxic Egg 2":78,"hermit:Momento":0,"Toy Ornithopter":69}],"Toy Ornithopter":12},"card_choices":[{"not_picked":["hermit:TrackingShot","hermit:FullyLoaded"],"picked":"hermit:Manifest","floor":1},{"not_picked":["hermit:Glare","hermit:TrackingShot","hermit:SprayPray"],"picked":"SKIP","floor":3},{"not_picked":["hermit:HighCaliber","hermit:Dive"],"picked":"hermit:ItchyTrigger","floor":5},{"not_picked":["hermit:FinalCanter","hermit:HighCaliber","hermit:Coalescence"],"picked":"SKIP","floor":6},{"not_picked":["hermit:Determination","hermit:TrackingShot"],"picked":"hermit:Headshot","floor":7},{"not_picked":["hermit:WideOpen","hermit:Ricochet","hermit:LowProfile"],"picked":"SKIP","floor":9},{"not_picked":["hermit:CursedWeapon","hermit:GoldenBullet","hermit:Showdown"],"picked":"hermit:BigShot+1","floor":14},{"not_picked":["hermit:Dissolve","hermit:TakeAim+1","hermit:PistolWhip"],"picked":"hermit:Adapt+1","floor":17},{"not_picked":["hermit:Purgatory","hermit:Adapt+1","hermit:BlackWind"],"picked":"hermit:Roughhouse","floor":19},{"not_picked":["hermit:WideOpen","hermit:LowProfile","hermit:Ricochet"],"picked":"hermit:Brawl+1","floor":21},{"not_picked":["hermit:Cheat+1","hermit:Headshot+1","hermit:GoldenBullet+1"],"picked":"hermit:Dive+1","floor":24},{"not_picked":["hermit:EyeOfTheStorm","hermit:Maintenance","hermit:ShadowCloak+1"],"picked":"hermit:Roulette+1","floor":25},{"not_picked":["hermit:Grudge+1","hermit:Headshot+1","hermit:BodyArmor+1","hermit:ItchyTrigger+1"],"picked":"SKIP","floor":27},{"not_picked":["hermit:Dive","hermit:SprayPray+1","hermit:HighCaliber+1"],"picked":"hermit:PistolWhip+1","floor":28},{"not_picked":["hermit:Desperado+1","hermit:Manifest+1","hermit:TrackingShot+1","hermit:ItchyTrigger+1"],"picked":"SKIP","floor":30},{"not_picked":["hermit:PistolWhip+1","hermit:EyeOfTheStorm","hermit:Virtue","hermit:ItchyTrigger+1"],"picked":"SKIP","floor":32},{"not_picked":["hermit:TakeCover+1","hermit:Enervate+1","hermit:Magnum+1"],"picked":"hermit:Determination+1","floor":34},{"not_picked":["hermit:FatalDesire+1","hermit:FinalCanter+1","hermit:Roughhouse+1"],"picked":"hermit:RoundhouseKick+1","floor":40},{"not_picked":["hermit:Ricochet+1","hermit:ItchyTrigger+1","hermit:TrackingShot+1"],"picked":"hermit:Enervate+1","floor":42},{"not_picked":["hermit:DeadMansHand+1","hermit:WideOpen+1","hermit:ItchyTrigger+1"],"picked":"hermit:Shortfuse+1","floor":44},{"not_picked":["hermit:CalledShot+1","hermit:BodyArmor+1","hermit:Virtue+1","hermit:TrackingShot+1"],"picked":"SKIP","floor":46},{"not_picked":["hermit:Snipe+1","hermit:Ricochet+1","hermit:CalledShot+1","hermit:FullyLoaded+1"],"picked":"SKIP","floor":47},{"not_picked":["hermit:Quickdraw+1","hermit:Dive+1","hermit:Cheat+1","hermit:HighNoon+1"],"picked":"SKIP","floor":48},{"not_picked":["hermit:Brawl+1","hermit:Grudge+1","hermit:Glare+1","hermit:Snipe+1"],"picked":"SKIP","floor":50},{"not_picked":["hermit:Brawl+1","hermit:Grudge+1","hermit:Glare+1","hermit:Snipe+1"],"picked":"SKIP","floor":50},{"not_picked":["hermit:Shortfuse+1","hermit:BigShot+1","hermit:TakeAim+1","hermit:Virtue+1"],"picked":"SKIP","floor":53},{"not_picked":["hermit:TrackingShot+1","hermit:Glare+1","hermit:SprayPray+1","hermit:Roulette+1"],"picked":"SKIP","floor":56},{"not_picked":["hermit:BigShot+1","hermit:Dissolve+1","hermit:HighCaliber+1","hermit:Vantage+1"],"picked":"SKIP","floor":62}],"player_experience":125661,"relics_obtained":[{"floor":7,"key":"Juzu Bracelet"},{"floor":9,"key":"Frozen Egg 2"},{"floor":10,"key":"HornCleat"},{"floor":11,"key":"Question Card"},{"floor":17,"key":"Kunai"},{"floor":28,"key":"Shuriken"},{"floor":31,"key":"Toy Ornithopter"},{"floor":35,"key":"Toxic Egg 2"},{"floor":47,"key":"StoneCalendar"},{"floor":51,"key":"PreservedInsect"},{"floor":53,"key":"Mummified Hand"},{"floor":62,"key":"Oddly Smooth Stone"}],"event_choices":[{"cards_removed":["hermit:Defend_Hermit"],"damage_healed":0,"gold_gain":0,"player_choice":"Offered Basic","damage_taken":0,"max_hp_gain":0,"max_hp_loss":0,"event_name":"Bonfire Elementals","floor":2,"gold_loss":0},{"damage_healed":0,"gold_gain":100,"player_choice":"Pray","damage_taken":0,"max_hp_gain":0,"max_hp_loss":0,"event_name":"Golden Shrine","floor":12,"gold_loss":0},{"damage_healed":0,"gold_gain":0,"player_choice":"Upgraded","damage_taken":0,"max_hp_gain":0,"max_hp_loss":0,"event_name":"Upgrade Shrine","floor":13,"gold_loss":0,"cards_upgraded":["hermit:ItchyTrigger"]},{"damage_healed":0,"gold_gain":0,"player_choice":"Lose Max HP","damage_taken":0,"relics_obtained":["Golden Idol"],"max_hp_gain":0,"max_hp_loss":6,"event_name":"Golden Idol","floor":16,"gold_loss":0},{"cards_removed":["hermit:Strike_Hermit"],"damage_healed":0,"gold_gain":0,"player_choice":"Gave Gold","damage_taken":0,"max_hp_gain":0,"max_hp_loss":0,"event_name":"Beggar","floor":22,"gold_loss":75},{"damage_healed":0,"gold_gain":0,"player_choice":"Paid Fearfully","damage_taken":0,"max_hp_gain":0,"max_hp_loss":0,"event_name":"Masked Bandits","floor":26,"gold_loss":37},{"damage_healed":24,"gold_gain":0,"player_choice":"Heal","damage_taken":0,"max_hp_gain":0,"max_hp_loss":0,"event_name":"The Library","floor":36,"gold_loss":0},{"damage_healed":0,"gold_gain":0,"player_choice":"Paid Gold","damage_taken":0,"relics_obtained":["Letter Opener"],"max_hp_gain":0,"max_hp_loss":0,"event_name":"WeMeetAgain","floor":37,"gold_loss":75},{"damage_healed":0,"gold_gain":100,"player_choice":"Pray","damage_taken":0,"max_hp_gain":0,"max_hp_loss":0,"event_name":"Golden Shrine","floor":43,"gold_loss":0},{"damage_healed":65,"gold_gain":0,"player_choice":"Heal","damage_taken":0,"max_hp_gain":0,"max_hp_loss":9,"event_name":"The Moai Head","floor":55,"gold_loss":0}],"is_beta":false,"boss_relics":[{"not_picked":["Tiny House","hermit:DentedPlate"],"picked":"Empty Cage"},{"not_picked":["Velvet Choker","Philosopher\u0027s Stone"],"picked":"Sozu"}],"items_purged_floors":[33,45],"is_endless":false,"potions_floor_spawned":[1,5,19,25,27,30,34,44,46,48,56,62],"killed_by":"The Heart","ascension_level":3}}