{"host":"79pwvnyrdes6uj7k","time":1611123825,"event":{"mods":["2.2 Compatiblity","Astrologer","BaseMod","Beaked The Cultist","Colored Powertips","Downfall","Exacting","Friendly Minions","HexUI Lib","Highlight Path","Hubris","Infinite Spire","JesterMod","Mad Scientist","Mimic Mod","Minty Spire (QoL Compilation)","Random Character Button","Reworked Bosses","Shop Mod","Somnambulant","StSLib","The Cursed","The Disciple","The Factory","The Judge","The Jungle","The Marked","The Poker Player","The Runesmith","TheHeartMod"],"gold_per_floor":[99,109,136,136,136,45,69,69,100,100,275,34,34,34,46,46,46,46],"floor_reached":16,"language":"ENG","playtime":1018,"items_purged":[],"score":96,"play_id":"f32c7d04-beec-41d1-9b4c-b81cdeef2574","local_time":"20210120002345","is_ascension_mode":false,"campfire_choices":[{"floor":1,"key":"RECALL"},{"floor":8,"key":"REST"},{"data":"Apotheosis","floor":13,"key":"SMITH"}],"circlet_count":0,"master_deck":["bronze:Strike+1","bronze:Strike","bronze:Strike","bronze:Strike","bronze:Defend+1","bronze:Defend","bronze:Defend","bronze:Defend+1","bronze:Replicate+1","bronze:Goto","bronze:CutThrough","bronze:Flail+1","TheCursedMod:Dregs","bronze:WhirlingStrike","bronze:BronzeArmor","bronze:Fortify","Regret","bronze:HyperBeam","Apotheosis+1","bronze:ChildClass","bronze:Shell"],"relics":["bronze:BronzeCore","hubris:Towel","Juzu Bracelet","Omamori"],"acts_visited":["Exordium"],"potions_floor_usage":[12,16],"damage_taken":[{"damage":10,"enemies":"Jaw Worm","floor":2,"turns":4},{"damage":9,"enemies":"2 Louse","floor":3,"turns":2},{"damage":5,"enemies":"downfall:FleeingMerchant","floor":6,"turns":4},{"damage":13,"enemies":"3 Sentries","floor":9,"turns":3},{"damage":11,"enemies":"downfall:FleeingMerchant","floor":12,"turns":4},{"damage":16,"enemies":"Cultist","floor":15,"turns":4},{"damage":37,"enemies":"WA_ARCHETYPE_RETAIN","floor":16,"turns":5}],"seed_played":"6889389677945021760","potions_obtained":[{"floor":3,"key":"hexamod:SoulburnPotion"},{"floor":9,"key":"Slimebound:ThreeZeroPotion"}],"is_trial":false,"path_per_floor":["R","M","M","?","?","$","T","R","E","?","?","$","R","?","M","B"],"character_chosen":"THE_AUTOMATON","items_purchased":["bronze:BronzeArmor","Apotheosis","bronze:ChildClass"],"campfire_rested":1,"item_purchase_floors":[6,12,12],"current_hp_per_floor":[77,67,58,58,58,53,53,76,63,63,63,52,52,52,36,0,0,0],"gold":46,"neow_bonus":"TEN_PERCENT_HP_BONUS","is_daily":false,"chose_seed":false,"campfire_upgraded":1,"win_rate":0.0,"timestamp":1611123825,"path_taken":["R","M","M","?","?","$","T","R","E","?","?","?","R","?","M","BOSS"],"items_purchased_type":["Card","Card","Card"],"build_version":"2020-12-22","purchased_purges":0,"victory":false,"max_hp_per_floor":[77,77,77,77,77,77,77,77,77,77,77,77,77,77,77,77,77,77],"card_choices":[{"not_picked":["bronze:Deprecate","bronze:WildBeam"],"picked":"bronze:CutThrough","floor":2},{"not_picked":["bronze:Frontload","bronze:BitShift"],"picked":"bronze:Flail","floor":3},{"not_picked":["bronze:FineTuning","bronze:BitShift"],"picked":"bronze:WhirlingStrike","floor":6},{"not_picked":["bronze:Shield","bronze:CutThrough"],"picked":"bronze:Fortify","floor":9},{"not_picked":["bronze:Flail","bronze:BitShift"],"picked":"bronze:HyperBeam","floor":12},{"not_picked":["bronze:Frontload","bronze:Iterate"],"picked":"bronze:Shell","floor":15}],"player_experience":376716,"relics_obtained":[{"floor":9,"key":"Juzu Bracelet"}],"event_choices":[{"damage_healed":0,"gold_gain":0,"player_choice":"Box","damage_taken":0,"relics_obtained":["Omamori"],"max_hp_gain":0,"max_hp_loss":0,"event_name":"Big Fish","floor":10,"gold_loss":0,"cards_obtained":["Regret"]}],"is_beta":false,"boss_relics":[],"items_purged_floors":[],"is_endless":false,"potions_floor_spawned":[3,9],"killed_by":"WA_ARCHETYPE_RETAIN","ascension_level":0}}