{"host":"ctlqibkg0sskiu65","time":1611113367,"event":{"mods":["AchievementEnabler","Aspiration","BaseMod","BetterRewards","Colored Map","Colored Powertips","Conspire","Fiend Mod","Infinite Spire","Minty Spire (QoL Compilation)","Quick Restart","Replay The Spire","Shop Mod","StSLib","The Bladedancer","The Cursed","The Hierophant","The Jungle","The Kombatant","The Servant 0.9.4","TheBandit"],"gold_per_floor":[117,117,117,132,207,207,172,172,172,207,217,244,244,258,258,353,353,364,364,364,36,54,54,89,107,160,172,184,184],"floor_reached":28,"language":"ENG","playtime":1524,"items_purged":["Strike_G"],"score":600,"play_id":"9f95e0aa-3638-4320-adcd-e7c9d7d5b21d","local_time":"20210119212927","is_ascension_mode":true,"campfire_choices":[{"data":"conspire:Banana","floor":6.0,"key":"SMITH"},{"data":"Toxin Wave","floor":8.0,"key":"SMITH"},{"data":"Toxin Wave","floor":13.0,"key":"SMITH"},{"data":"Toxin Wave","floor":15.0,"key":"SMITH"},{"data":"Adrenaline","floor":23.0,"key":"SMITH"}],"circlet_count":0,"master_deck":["AscendersBane","Strike_G","Strike_G","Strike_G","Defend_G","Defend_G","Defend_G","Defend_G","Defend_G","Survivor","Neutralize","Leg Sweep","conspire:Banana+1","Forethought","Master of Strategy","Cloak And Dagger","Toxin Wave+1","Toxin Wave+1","Toxin Wave+1","Adrenaline+1","Prepared+1","Footwork"],"relics":["Ring of the Snake","Oddly Smooth Stone","ReplayTheSpireMod:ShopPack","Anchor","Replay:Accelerometer","Lantern","Philosopher\u0027s Stone","Pear","Gremlin Food","MawBank"],"acts_visited":["Exordium","TheCity"],"potions_floor_usage":[28,28],"damage_taken":[{"damage":0.0,"enemies":"Small Slimes","floor":1.0,"turns":4.0},{"damage":0.0,"enemies":"Cultist","floor":4.0,"turns":6.0},{"damage":27.0,"enemies":"Lagavulin","floor":10.0,"turns":15.0},{"damage":0.0,"enemies":"2 Louse","floor":11.0,"turns":2.0},{"damage":5.0,"enemies":"3 Sentries","floor":12.0,"turns":5.0},{"damage":3.0,"enemies":"Large Slime","floor":14.0,"turns":7.0},{"damage":38.0,"enemies":"Hexaghost","floor":16.0,"turns":16.0},{"damage":3.0,"enemies":"Shell Parasite","floor":18.0,"turns":5.0},{"damage":8.0,"enemies":"3 Byrds","floor":22.0,"turns":2.0},{"damage":35.0,"enemies":"Slavers","floor":24.0,"turns":5.0},{"damage":4.0,"enemies":"Sentry and Sphere","floor":25.0,"turns":4.0},{"damage":35,"enemies":"Book of Stabbing","floor":28,"turns":8}],"seed_played":"6235671595431251052","potions_obtained":[{"floor":1.0,"key":"Elixir"},{"floor":4.0,"key":"conspire:TimeTravelPotion"},{"floor":14.0,"key":"Explosive Potion"},{"floor":24.0,"key":"Fire Potion"},{"floor":25.0,"key":"Swift Potion"}],"is_trial":false,"path_per_floor":["M","?","$","M","?","R","?","R","T","E","M","E","R","M","R","B",null,"M","?","?","$","M","R","E","M","T","?","E"],"character_chosen":"THE_SILENT","items_purchased":["Oddly Smooth Stone","Leg Sweep","ReplayTheSpireMod:ShopPack","Pear","Footwork"],"campfire_rested":0,"item_purchase_floors":[0,0,0,21,21],"current_hp_per_floor":[64,64,64,65,54,54,72,72,72,47,49,46,46,45,45,21,67,66,66,66,76,68,68,35,33,33,33,0,0],"gold":184,"neow_bonus":"","is_daily":false,"chose_seed":false,"campfire_upgraded":5,"win_rate":0.0,"timestamp":1611113367,"path_taken":["M","?","?","M","?","R","?","R","T","E","M","E","R","?","R","BOSS","M","?","?","?","M","R","E","M","T","?","E"],"items_purchased_type":["Relic","Card","Relic","Relic","Card"],"build_version":"2020-12-22","purchased_purges":1,"victory":false,"max_hp_per_floor":[71,71,71,72,72,72,72,72,72,74,76,78,78,80,80,82,82,84,84,84,94,94,94,96,98,98,98,100,100],"card_choices":[{"not_picked":["Replay:Sssssssssshield","Replay:Dark Deal"],"picked":"conspire:Banana","floor":0.0},{"not_picked":["Replay:Sssssssssstrike","Violence"],"picked":"Forethought","floor":0.0},{"not_picked":["Magnetism","Secret Weapon"],"picked":"Master of Strategy","floor":0.0},{"not_picked":["Bane","Heel Hook"],"picked":"Cloak And Dagger","floor":1.0},{"not_picked":["Acrobatics","Draining Mist"],"picked":"Toxin Wave","floor":4.0},{"not_picked":["PiercingWail","Leg Sweep"],"picked":"Toxin Wave","floor":10.0},{"not_picked":["Underhanded Strike","Dodge and Roll"],"picked":"Toxin Wave","floor":11.0},{"not_picked":["Deflect","ReplayTheSpireMod:From All Sides","Underhanded Strike"],"picked":"SKIP","floor":12.0},{"not_picked":["Dash","Flying Knee","Underhanded Strike"],"picked":"SKIP","floor":14.0},{"not_picked":["Replay:Bag of Tricks","Unload"],"picked":"Adrenaline","floor":16.0},{"not_picked":["ReplayTheSpireMod:The Works+1","Poisoned Stab"],"picked":"Prepared+1","floor":18.0},{"not_picked":["Dodge and Roll","Prepared","Backflip"],"picked":"SKIP","floor":22.0},{"not_picked":["Accuracy","Expertise","Backflip"],"picked":"SKIP","floor":24.0},{"not_picked":["Dagger Throw+1","Noxious Fumes","Flying Knee"],"picked":"SKIP","floor":25.0}],"player_experience":197463,"relics_obtained":[{"floor":9.0,"key":"Anchor"},{"floor":10.0,"key":"Replay:Accelerometer"},{"floor":12.0,"key":"Lantern"},{"floor":24.0,"key":"Gremlin Food"},{"floor":26.0,"key":"MawBank"}],"event_choices":[{"cards_removed":["Strike_G"],"damage_healed":0.0,"max_hp_gain":0.0,"max_hp_loss":0.0,"gold_gain":0.0,"event_name":"Wheel of Change","player_choice":"Card Removal","floor":2.0,"gold_loss":0.0,"damage_taken":0.0},{"damage_healed":0.0,"max_hp_gain":0.0,"max_hp_loss":0.0,"gold_gain":75.0,"event_name":"World of Goop","player_choice":"Gather Gold","floor":5.0,"gold_loss":0.0,"damage_taken":11.0},{"damage_healed":18.0,"max_hp_gain":0.0,"max_hp_loss":0.0,"gold_gain":0.0,"event_name":"The Cleric","player_choice":"Healed","floor":7.0,"gold_loss":35.0,"damage_taken":0.0},{"damage_healed":0.0,"max_hp_gain":0.0,"max_hp_loss":0.0,"gold_gain":0.0,"event_name":"Ghosts","player_choice":"Ignored","floor":19.0,"gold_loss":0.0,"damage_taken":0.0}],"is_beta":false,"boss_relics":[{"not_picked":["Abe\u0027s Treasure","Ring of Chaos"],"picked":"Philosopher\u0027s Stone"}],"items_purged_floors":[0],"is_endless":false,"potions_floor_spawned":[1,4,14,24,25],"killed_by":"Book of Stabbing","ascension_level":12}}