{"host":"i0avyit1s6jb1siw","time":1611131935,"event":{"mods":["BaseMod","DeckTracker","Dota2Spire","Highlight Path","Minty Spire (QoL Compilation)","Quick Restart","StSLib","SuperFastMode"],"gold_per_floor":[114,128,140,140,157,157,192,192,212,212,212],"floor_reached":10,"language":"ENG","playtime":212,"items_purged":[],"score":140,"play_id":"a9215ef4-163a-49cc-a052-ff1d6ed8f8c6","local_time":"20210120093855","is_ascension_mode":true,"campfire_choices":[{"data":"CrushJoints","floor":6.0,"key":"SMITH"},{"data":"Devotion","floor":8.0,"key":"SMITH"}],"circlet_count":0,"master_deck":["AscendersBane","Strike_P","Strike_P","Strike_P","Strike_P","Defend_P","Defend_P","Defend_P","Defend_P","Eruption+1","Vigilance","CrushJoints+1","Worship","EmptyBody","Pray","Devotion+1","Prostrate"],"relics":["PureWater","FaceOfCleric","Dota2Spire:Mjollnir"],"acts_visited":["Exordium"],"potions_floor_usage":[],"damage_taken":[{"damage":4.0,"enemies":"Jaw Worm","floor":1.0,"turns":4.0},{"damage":7.0,"enemies":"Cultist","floor":2.0,"turns":3.0},{"damage":3.0,"enemies":"Small Slimes","floor":3.0,"turns":5.0},{"damage":9.0,"enemies":"Looter","floor":5.0,"turns":4.0},{"damage":20.0,"enemies":"3 Sentries","floor":7.0,"turns":6.0},{"damage":2.0,"enemies":"Lots of Slimes","floor":9.0,"turns":2.0},{"damage":36,"enemies":"Gremlin Nob","floor":10,"turns":3}],"seed_played":"-293823313741480383","potions_obtained":[{"floor":1.0,"key":"Swift Potion"},{"floor":2.0,"key":"SteroidPotion"},{"floor":9.0,"key":"ColorlessPotion"}],"is_trial":false,"path_per_floor":["M","M","M","?","M","R","E","R","M","E"],"character_chosen":"WATCHER","items_purchased":[],"campfire_rested":0,"item_purchase_floors":[],"current_hp_per_floor":[57,50,47,47,39,39,20,20,19,0,0],"gold":212,"neow_bonus":"UPGRADE_CARD","is_daily":false,"chose_seed":false,"campfire_upgraded":2,"win_rate":0.0,"timestamp":1611131935,"path_taken":["M","M","M","?","M","R","E","R","M","E"],"items_purchased_type":[],"build_version":"2020-12-22","purchased_purges":0,"victory":false,"max_hp_per_floor":[68,68,68,68,69,69,70,70,71,71,71],"card_choices":[{"not_picked":["WheelKick","ReachHeaven"],"picked":"CrushJoints","floor":1.0},{"not_picked":["Consecrate","Vengeance"],"picked":"Worship","floor":2.0},{"not_picked":["Halt","Nirvana"],"picked":"EmptyBody","floor":3.0},{"not_picked":["Consecrate","JustLucky"],"picked":"Pray","floor":5.0},{"not_picked":["CrushJoints","Evaluate"],"picked":"Devotion","floor":7.0},{"not_picked":["PathToVictory","Consecrate"],"picked":"Prostrate","floor":9.0}],"player_experience":2302074,"relics_obtained":[{"floor":7.0,"key":"Dota2Spire:Mjollnir"}],"event_choices":[{"damage_healed":0.0,"max_hp_gain":0.0,"max_hp_loss":0.0,"gold_gain":0.0,"event_name":"FaceTrader","player_choice":"Trade","floor":4.0,"gold_loss":0.0,"damage_taken":0.0,"relics_obtained":["FaceOfCleric"]}],"is_beta":false,"boss_relics":[],"items_purged_floors":[],"is_endless":false,"potions_floor_spawned":[1,2,9],"killed_by":"Gremlin Nob","ascension_level":20}}