{"host":"l12hrjjiowxu1z6t","time":1611108240,"event":{"mods":["AchievementEnabler","Ascension Reborn","Aspiration","BaseMod","Beaked The Cultist","Card Forge","Colored Map","Conspire","Downfall","Grow up Mod","Hubris","Infinite Spire","Mad Scientist","Minty Spire (QoL Compilation)","Permanent Neow","Relic Sorter","Remove Card Discount Mod","Shop Mod","StSLib","The Animator","The Construct"],"gold_per_floor":[10098,10116,5331,5341,5818,5818,5818,5866,5887,5887,5906,5925,5945,5978,5994,6105,6105,6005,6027,6045,6045,6054,6054,6054,6054,5193,5193,5193,5234,5257,5325,5335,5448,5448,5448,5458,5471,5480,5589,5598,5621,5288,5326,1675,1592,1602,1602,1602,1616,1616],"floor_reached":51,"language":"ENG","playtime":3600,"items_purged":["hexamod:Defend+1","hexamod:Defend+1","hexamod:Strike+1"],"score":1057,"play_id":"94fa618e-8b0b-4ea9-b60c-8932fe41c303","local_time":"20210119190400","is_ascension_mode":true,"campfire_choices":[{"floor":1.0,"key":"RECALL"},{"floor":25.0,"key":"REST"},{"floor":35.0,"key":"REST"},{"data":"hexamod:Defend+1","floor":47,"key":"PURGE"}],"circlet_count":0,"master_deck":["hexamod:Strike+1","hexamod:Strike+1","hexamod:Strike+1","hexamod:Defend+1","hexamod:Float+1","hexamod:EtherealExpedition+1","hexamod:FastForward+1","infinitespire:FutureSight+1","infinitespire:Collect+1","hexamod:GhostLash+1","hexamod:AdvancingGuard+1","hexamod:TimeOfNeed+1","hexamod:TimeOfNeed+1","hexamod:NightmareStrike+1","hexamod:TimeOfNeed+1","hexamod:FastForward+1","hexamod:TimeOfNeed+1","hexamod:RadiantFlame+1","infinitespire:UltimateForm+1","hexamod:RainOfEmbers+1"],"relics":["beaked:MendingPlumage","hubris:Macrotransations","Anvil of the Gods","Seething Fire","Hammer of Thor","PreservedInsect","The Courier","MerchantsRug","CeramicFish","Mango","Mummified Hand","Medical Kit","Whetstone","hubris:BundleOfHerbs","Potion Belt","Boot","Shuriken","War Paint","Blood Vial","Darkstone Periapt","Toxic Egg 2","aspiration:ArtOfWarUpgrade","construct:FoamFinger","Guardian:GemstoneGun","conspire:DeflatedDodgeball","Ornamental Fan","aspiration:EmptySkull","infinitespire:BottledMercury","Molten Egg 2","Question Card","aspiration:TomeofQuesting","Bottled Lightning","Orichalcum","Akabeko","White Beast Statue","Anchor","infinitespire:Bottled Soul","infinitespire:Cubic Diamond","hubris:SlimyHat","conspire:SpecialSausage","downfall:HeartBlessingRed","Juzu Bracelet","hubris:Towel","aspiration:Lifesprig","beaked:ShinyBauble","aspiration:StickyExplosives_weak","aspiration:FrozenJewel","Ancient Tea Set","Mercury Hourglass","FossilizedHelix","Matryoshka","aspiration:RitualStick","conspire:GiftBox","Lantern","Kunai","construct:ClawGrip","Peace Pipe","hubris:KleinBottle","hubris:EvacipatedBox","infinitespire:WardingShard","Bag of Marbles","hubris:CuriousFeather","Bronze Scales","hexamod:MatchstickCase","Dream Catcher","Gremlin Horn","Orrery","Omamori","Vajra","Happy Flower","hubris:DisguiseKit","InkBottle","Lizard Tail","Strawberry","hubris:BottledRain","hubris:Spice","Du-Vu Doll","infinitespire:Lucky Rock","Singing Bowl","Letter Opener","Frozen Egg 2","Bag of Preparation","conspire:TopHat","aspiration:ChemicalBlood"],"acts_visited":["Exordium","TheCity","TheBeyond"],"potions_floor_usage":[50,50,50,50],"damage_taken":[{"damage":0.0,"enemies":"infinitespire:Voidling","floor":2.0,"turns":3.0},{"damage":0.0,"enemies":"downfall:FleeingMerchant","floor":3.0,"turns":4.0},{"damage":0.0,"enemies":"2 Louse","floor":4.0,"turns":1.0},{"damage":4.0,"enemies":"3 Sentries","floor":8.0,"turns":3.0},{"damage":0.0,"enemies":"conspire:RoseBush","floor":9.0,"turns":1.0},{"damage":0.0,"enemies":"Blue Slaver","floor":11.0,"turns":1.0},{"damage":0.0,"enemies":"3 Louse","floor":12.0,"turns":2.0},{"damage":0.0,"enemies":"2 Fungi Beasts","floor":13.0,"turns":2.0},{"damage":2.0,"enemies":"Lagavulin","floor":14.0,"turns":4.0},{"damage":0.0,"enemies":"Large Slime","floor":15.0,"turns":1.0},{"damage":12.0,"enemies":"SI_SHIV_ARCHETYPE","floor":16.0,"turns":4.0},{"damage":0.0,"enemies":"conspire:FuzzyDice","floor":19.0,"turns":2.0},{"damage":0.0,"enemies":"3 Byrds","floor":20.0,"turns":2.0},{"damage":0.0,"enemies":"downfall:FleeingMerchant","floor":26.0,"turns":1.0},{"damage":0.0,"enemies":"Book of Stabbing","floor":29.0,"turns":1.0},{"damage":0.0,"enemies":"Shelled Parasite and Fungi","floor":30.0,"turns":2.0},{"damage":0.0,"enemies":"conspire:HollyBat","floor":32.0,"turns":3.0},{"damage":0.0,"enemies":"DF_ARCHETYPE_CLAW","floor":33.0,"turns":3.0},{"damage":0.0,"enemies":"3 Shapes","floor":36.0,"turns":3.0},{"damage":0.0,"enemies":"Orb Walker","floor":37.0,"turns":1.0},{"damage":6.0,"enemies":"infinitespire:Three Voidlings","floor":39.0,"turns":3.0},{"damage":0.0,"enemies":"Nightmare_Alpha","floor":39.0,"turns":7.0},{"damage":0.0,"enemies":"Nightmare","floor":43.0,"turns":1.0},{"damage":0.0,"enemies":"Sphere and 2 Shapes","floor":45.0,"turns":1.0},{"damage":0,"enemies":"3 Darklings","floor":46,"turns":1},{"damage":0,"enemies":"Spire Growth","floor":49,"turns":1},{"damage":0,"enemies":"WA_ARCHETYPE_DIVINITY","floor":50,"turns":1}],"seed_played":"6413724755510758071","potions_obtained":[{"floor":4.0,"key":"SkillPotion"},{"floor":8.0,"key":"Block Potion"},{"floor":11.0,"key":"Guardian:BlockOnCardUsePotion"},{"floor":14.0,"key":"PowerPotion"},{"floor":16.0,"key":"LiquidBronze"},{"floor":19.0,"key":"Regen Potion"},{"floor":20.0,"key":"Ancient Potion"},{"floor":29.0,"key":"DuplicationPotion"},{"floor":33.0,"key":"hexamod:SoulburnPotion"},{"floor":37.0,"key":"DuplicationPotion"}],"is_trial":false,"path_per_floor":["R","M","$","M","?","?","T","E","M","?","M","M","M","E","M","B",null,"R","M","M","?","?","R","T","R","$","?","?","E","M","T","M","B",null,"R","M","M","?","?","$","T","?","NM","$","M","M","R","?","M","B",null],"character_chosen":"THE_SPIRIT","items_purchased":["MerchantsRug","Slimebound:ThreeZeroPotion","CeramicFish","Mango","Mummified Hand","Medical Kit","Whetstone","hubris:BundleOfHerbs","Potion Belt","Boot","Shuriken","War Paint","Blood Vial","Darkstone Periapt","Toxic Egg 2","Art of War","construct:FoamFinger","Guardian:GemstoneGun","conspire:DeflatedDodgeball","Ornamental Fan","aspiration:EmptySkull","infinitespire:BottledMercury","Molten Egg 2","Question Card","aspiration:TomeofQuesting","Bottled Lightning","Orichalcum","Akabeko","White Beast Statue","aspiration:StickyExplosives_weak","aspiration:FrozenJewel","Ancient Tea Set","Mercury Hourglass","FossilizedHelix","Matryoshka","hubris:Macrotransations","hubris:KleinBottle","hubris:EvacipatedBox","infinitespire:WardingShard","Bag of Marbles","hubris:CuriousFeather","Gremlin Horn","Orrery","Omamori","Vajra","Happy Flower","hubris:DisguiseKit","InkBottle","Lizard Tail","Strawberry","hubris:BottledRain","hubris:Spice","Du-Vu Doll","infinitespire:Lucky Rock","Singing Bowl","hubris:Spice","Letter Opener","hubris:Spice","Frozen Egg 2","Bag of Preparation","conspire:TopHat","aspiration:ChemicalBlood"],"campfire_rested":2,"item_purchase_floors":[3,3,3,3,3,3,3,3,3,3,3,3,3,3,3,3,3,3,3,3,3,3,3,3,3,3,3,3,3,26,26,26,26,26,26,40,40,40,40,40,40,44,44,44,44,44,44,44,44,44,44,44,44,44,44,44,44,44,44,44,44,44],"current_hp_per_floor":[90,100,124,134,162,172,182,188,200,210,222,232,242,250,262,264,282,292,302,312,322,338,348,358,368,378,388,320,344,371,381,419,448,458,468,478,488,498,508,415,425,604,614,639,651,663,673,683,695,705],"gold":1616,"neow_bonus":"RANDOM_COMMON_RELIC","is_daily":false,"chose_seed":false,"campfire_upgraded":0,"win_rate":0.0,"timestamp":1611108240,"path_taken":["R","M","$","?","?","?","T","E","M","?","M","M","M","E","M","BOSS","R","M","M","?","?","R","T","R","$","?","?","E","M","?","M","BOSS","R","M","M","?","?","?","T","?","NM","$","M","M","R","?","M","BOSS"],"items_purchased_type":["Relic","Potion","Relic","Relic","Relic","Relic","Relic","Relic","Relic","Relic","Relic","Relic","Relic","Relic","Relic","Relic","Relic","Relic","Relic","Relic","Relic","Relic","Relic","Relic","Relic","Relic","Relic","Relic","Relic","Relic","Relic","Relic","Relic","Relic","Relic","Relic","Relic","Relic","Relic","Relic","Relic","Relic","Relic","Relic","Relic","Relic","Relic","Relic","Relic","Relic","Relic","Relic","Relic","Relic","Relic","Relic","Relic","Relic","Relic","Relic","Relic","Relic"],"build_version":"2020-12-22","purchased_purges":3,"victory":true,"max_hp_per_floor":[90,100,124,134,162,172,182,192,202,212,222,232,242,252,262,272,282,292,302,312,322,338,348,358,368,378,388,398,408,418,428,438,448,458,468,478,488,498,508,518,528,604,614,639,651,663,673,683,695,705],"card_choices":[{"not_picked":["hexamod:ShieldOfDarkness","hexamod:NightmareStrike"],"picked":"hexamod:EtherealExpedition","floor":2.0},{"not_picked":["hexamod:NightmareGuise","hexamod:FlamesFromBeyond"],"picked":"hexamod:FastForward","floor":3.0},{"not_picked":["hexamod:PhantomFireball+1","hexamod:GhostShield+1","hexamod:HeatMetal+1","hexamod:RetreatToShadows+1"],"picked":"SKIP","floor":4.0},{"not_picked":["hexamod:Firestarter+1","hexamod:GhostflameBarrier+1","hexamod:SecondSeal","hexamod:ShieldOfDarkness+1"],"picked":"SKIP","floor":8.0},{"not_picked":["hexamod:Firestarter+1","hexamod:GhostflameBarrier+1","hexamod:SecondSeal","hexamod:ShieldOfDarkness+1"],"picked":"SKIP","floor":8.0},{"not_picked":["hexamod:Firestarter+1","hexamod:GhostflameBarrier+1","hexamod:SecondSeal","hexamod:ShieldOfDarkness+1"],"picked":"SKIP","floor":8.0},{"not_picked":["hexamod:EtherealExpedition+1","hexamod:NightmareGuise+1","hexamod:PhantomFireball+1"],"picked":"hexamod:GhostLash+1","floor":9.0},{"not_picked":["hexamod:CatchUp+1","hexamod:FifthSeal","hexamod:SuperheatedStrike+1"],"picked":"hexamod:AdvancingGuard+1","floor":11.0},{"not_picked":["hexamod:FlamesFromBeyond+1","hexamod:Firestarter+1","hexamod:AdvancingGuard+1","hexamod:ShieldOfDarkness+1"],"picked":"SKIP","floor":12.0},{"not_picked":["hexamod:GhostShield+1","hexamod:FlamesFromBeyond+1","hexamod:SkipABeat+1"],"picked":"hexamod:TimeOfNeed+1","floor":13.0},{"not_picked":["hexamod:GhostLash+1","hexamod:HeatMetal+1","hexamod:Hexaguard+1","hexamod:NightmareGuise+1"],"picked":"SKIP","floor":14.0},{"not_picked":["hexamod:GhostShield+1","hexamod:SpectralAdrenaline+1","hexamod:ChargedBarrage+1","hexamod:HauntingEcho+1"],"picked":"SKIP","floor":15.0},{"not_picked":["hexamod:FifthSeal","hexamod:VolcanoVisage","hexamod:TimeWarp+1"],"picked":"hexamod:TimeOfNeed+1","floor":16.0},{"not_picked":["hexamod:FlamesFromBeyond+1","hexamod:RetreatToShadows+1","hexamod:SpectersWail+1"],"picked":"hexamod:NightmareStrike+1","floor":19.0},{"not_picked":["hexamod:Incineration+1","hexamod:GhostShield+1","hexamod:HauntingEcho+1","hexamod:FourthSeal"],"picked":"SKIP","floor":20.0},{"not_picked":["hexamod:AdvancingGuard+1","hexamod:SpectralSpark+1","hexamod:FlamesFromBeyond+1","hexamod:SuperheatedStrike+1"],"picked":"SKIP","floor":26.0},{"not_picked":["hexamod:GhostflameInferno+1","hexamod:SixthSeal","hexamod:WildfireWeapon"],"picked":"hexamod:TimeOfNeed+1","floor":29.0},{"not_picked":["hexamod:SuperheatedStrike+1","hexamod:SpectersWail+1","hexamod:GhostLash+1","hexamod:Haunt+1"],"picked":"SKIP","floor":29.0},{"not_picked":["hexamod:InspiringFlames+1","hexamod:SwordOfDarkness+1","hexamod:GhostShield+1"],"picked":"hexamod:FastForward+1","floor":30.0},{"not_picked":["hexamod:InspiringFlames+1","hexamod:FastForward+1","hexamod:SuperheatedStrike+1","hexamod:BacktrackSmack+1"],"picked":"SKIP","floor":32.0},{"not_picked":["hexamod:ParanormalForm","hexamod:HexaLevel","hexamod:VolcanoVisage"],"picked":"hexamod:TimeOfNeed+1","floor":33.0},{"not_picked":["hexamod:PowerFromBeyond+1","hexamod:Rewind+1","hexamod:Firestarter+1","hexamod:StepThrough+1"],"picked":"SKIP","floor":36.0},{"not_picked":["hexamod:Toasty+1","hexamod:Hexaguard+1","hexamod:AdvancingGuard+1","hexamod:ShieldOfDarkness+1"],"picked":"SKIP","floor":37.0},{"not_picked":["infinitespire:Fortify","infinitespire:Menacing"],"picked":"infinitespire:UltimateForm","floor":39.0},{"not_picked":["infinitespire:Collect","infinitespire:Punishment"],"picked":"infinitespire:SealOfDarkness+","floor":40.0},{"not_picked":["hexamod:SkipABeat+1","hexamod:FifthSeal","hexamod:Hexaguard+1"],"picked":"hexamod:RainOfEmbers+1","floor":43.0},{"not_picked":["hexamod:Firestarter+1","hexamod:HauntingEcho+1","hexamod:HeatCrush+1","hexamod:ThermalTransfer+1","construct:Backfire"],"picked":"Singing Bowl","floor":45.0},{"not_picked":["hexamod:SpectersWail+1","hexamod:FifthSeal","hexamod:NightmareStrike+1","hexamod:HauntingEcho+1","construct:Disrupt"],"picked":"Singing Bowl","floor":46},{"not_picked":["hexamod:GhostOfSpireFuture+1","hexamod:Firestarter+1","hexamod:ApocalypseNow+1","hexamod:ThermalTransfer+1","construct:SaveState"],"picked":"Singing Bowl","floor":49}],"player_experience":101039,"relics_obtained":[{"floor":7.0,"key":"Anchor"},{"floor":14.0,"key":"hubris:SlimyHat"},{"floor":24.0,"key":"beaked:ShinyBauble"},{"floor":29.0,"key":"conspire:GiftBox"},{"floor":31.0,"key":"Lantern"},{"floor":31.0,"key":"Kunai"},{"floor":39.0,"key":"Peace Pipe"},{"floor":41.0,"key":"Bronze Scales"},{"floor":41.0,"key":"hexamod:MatchstickCase"},{"floor":43.0,"key":"Dream Catcher"}],"event_choices":[],"is_beta":false,"boss_relics":[{"not_picked":["Runic Dome","bronze:MakeshiftBattery"],"picked":"conspire:SpecialSausage"},{"not_picked":["Velvet Choker","infinitespire:Cupcake"],"picked":"construct:ClawGrip"}],"items_purged_floors":[3,3,3],"is_endless":false,"potions_floor_spawned":[4,8,9,11,12,13,14,15,16,19,20,26,29,30,32,33,36,37,39,39,43,45,46,49],"ascension_level":0}}