{"host":"q6ff4ns2kep02ti6","time":1611175180,"event":{"mods":["AchievementEnabler","BaseMod","Minty Spire (QoL Compilation)","Relic Stats","StSLib","Unceasing Turn Reminder"],"gold_per_floor":[116,59,75,89,106,106,132,132,132,163,2,14,14,72,72,151,151,170,170,184,196,196,196],"floor_reached":22,"language":"ENG","playtime":2127,"items_purged":["Strike_R"],"score":392,"play_id":"8192831c-73cf-4046-b7bf-d1428fa2608a","local_time":"20210120213940","is_ascension_mode":true,"campfire_choices":[{"data":"Bash","floor":6,"key":"SMITH"},{"data":"Anger","floor":8,"key":"SMITH"},{"data":"Flame Barrier","floor":13,"key":"SMITH"},{"data":"Disarm","floor":15,"key":"SMITH"}],"circlet_count":0,"master_deck":["AscendersBane","Strike_R+1","Defend_R+1","Defend_R+1","Defend_R+1","Defend_R+1","Bash+1","Anger+1","Wild Strike","Inflame","Flame Barrier+1","Disarm+1","Demon Form","Pummel+1","Headbutt+1","Double Tap+1","Pummel","Cleave","Ghostly Armor"],"relics":["Burning Blood","Oddly Smooth Stone","MealTicket","Nunchaku","Sundial","Astrolabe"],"acts_visited":["Exordium","TheCity"],"potions_floor_usage":[7,10,16],"damage_taken":[{"damage":4,"enemies":"2 Louse","floor":1,"turns":4},{"damage":0,"enemies":"Jaw Worm","floor":3,"turns":3},{"damage":0,"enemies":"Small Slimes","floor":4,"turns":3},{"damage":11,"enemies":"Looter","floor":5,"turns":3},{"damage":46,"enemies":"3 Sentries","floor":7,"turns":9},{"damage":28,"enemies":"Gremlin Nob","floor":10,"turns":4},{"damage":7,"enemies":"Large Slime","floor":12,"turns":6},{"damage":18,"enemies":"The Guardian","floor":16,"turns":14},{"damage":12,"enemies":"Chosen","floor":18,"turns":7},{"damage":28,"enemies":"2 Thieves","floor":20,"turns":5},{"damage":25,"enemies":"3 Cultists","floor":21,"turns":5},{"damage":27,"enemies":"Snecko","floor":22,"turns":4}],"seed_played":"3071844737180275250","potions_obtained":[{"floor":1,"key":"ElixirPotion"},{"floor":4,"key":"SkillPotion"}],"is_trial":false,"path_per_floor":["M","$","M","M","M","R","E","R","T","E","$","M","R","?","R","B",null,"M","?","M","M","M"],"character_chosen":"IRONCLAD","items_purchased":["FearPotion","DuplicationPotion"],"campfire_rested":0,"item_purchase_floors":[2,11],"current_hp_per_floor":[70,70,75,75,70,70,30,30,30,8,23,22,22,22,22,10,59,53,53,31,12,0,0],"gold":196,"neow_bonus":"RANDOM_COMMON_RELIC","is_daily":false,"chose_seed":false,"campfire_upgraded":4,"win_rate":0.0,"timestamp":1611175180,"path_taken":["M","$","M","M","M","R","E","R","T","E","$","M","R","?","R","BOSS","M","?","M","M","M"],"items_purchased_type":["Potion","Potion"],"build_version":"2020-12-22","purchased_purges":1,"victory":false,"max_hp_per_floor":[75,75,75,75,75,75,75,75,75,75,75,75,75,75,75,75,75,75,75,75,75,75,75],"relic_stats":{"Nunchaku":[7],"counters":[12,67],"Sundial":[6],"Astrolabe":["Pummel","Headbutt","Double Tap"],"MealTicket":15,"obtain_stats":[{"Nunchaku":9,"Sundial":10,"Astrolabe":17,"Oddly Smooth Stone":0,"MealTicket":7,"Burning Blood":0},{"Nunchaku":5,"Sundial":6,"Astrolabe":8,"Oddly Smooth Stone":0,"MealTicket":5,"Burning Blood":0},{"Nunchaku":22,"Sundial":26,"Astrolabe":46,"Oddly Smooth Stone":0,"MealTicket":22,"Burning Blood":0}],"Burning Blood":59},"card_choices":[{"not_picked":["Seeing Red","Body Slam"],"picked":"Anger","floor":1},{"not_picked":["Iron Wave","Reckless Charge","Headbutt"],"picked":"SKIP","floor":3},{"not_picked":["Thunderclap","Havoc"],"picked":"Wild Strike","floor":4},{"not_picked":["Pommel Strike","Pummel"],"picked":"Inflame","floor":5},{"not_picked":["Blood for Blood","Dropkick"],"picked":"Flame Barrier","floor":7},{"not_picked":["Warcry","True Grit"],"picked":"Disarm","floor":10},{"not_picked":["Body Slam","Warcry","Perfected Strike"],"picked":"SKIP","floor":12},{"not_picked":["Impervious","Brutality"],"picked":"Demon Form","floor":16},{"not_picked":["Evolve","Inflame"],"picked":"Pummel","floor":18},{"not_picked":["Clash","Perfected Strike"],"picked":"Cleave","floor":20},{"not_picked":["Spot Weakness","Clash"],"picked":"Ghostly Armor","floor":21}],"player_experience":986315,"relics_obtained":[{"floor":7,"key":"MealTicket"},{"floor":9,"key":"Nunchaku"},{"floor":10,"key":"Sundial"}],"event_choices":[{"damage_healed":0,"gold_gain":58,"player_choice":"Gained Gold","damage_taken":0,"max_hp_gain":0,"max_hp_loss":0,"event_name":"Golden Wing","floor":14,"gold_loss":0},{"damage_healed":0,"gold_gain":0,"player_choice":"Simplicity","damage_taken":0,"max_hp_gain":0,"max_hp_loss":0,"event_name":"Back to Basics","floor":19,"gold_loss":0,"cards_upgraded":["Strike_R","Defend_R","Defend_R","Defend_R","Defend_R"]}],"is_beta":false,"boss_relics":[{"not_picked":["Philosopher\u0027s Stone","Runic Dome"],"picked":"Astrolabe"}],"items_purged_floors":[11],"is_endless":false,"potions_floor_spawned":[1,4,5],"killed_by":"Snecko","ascension_level":20}}