{"host":"reugk9pd1uotrglt","time":1611180600,"event":{"mods":["AchievementEnabler","BaseMod","BetterRewards","Colored Map","Custom Start","DeckTracker","Minty Spire (QoL Compilation)","Permanent Neow","Quick Restart","SuperFastMode"],"gold_per_floor":[113,123,142,156,171,171,181,207,207,224,251,193,193,222,222,301,301,316,330,255,255,270,296,310,325,325,325,240,275,275,310,310,381,431,447,501,103,8,84,84,116,127,152,179,179,179,179,191,191,191,191,191,191,23,55,55],"floor_reached":57,"language":"ENG","playtime":2735,"items_purged":["Strike_R","Strike_R"],"score":3630,"play_id":"66e8bfd5-951a-44b0-a28a-6652e62bbff5","local_time":"20210120231000","is_ascension_mode":true,"campfire_choices":[{"data":"Apotheosis","floor":6.0,"key":"SMITH"},{"data":"Inflame","floor":13.0,"key":"SMITH"},{"data":"Madness","floor":15.0,"key":"SMITH"},{"data":"Mayhem","floor":27.0,"key":"SMITH"},{"data":"Shockwave","floor":30.0,"key":"SMITH"},{"data":"Limit Break","floor":32.0,"key":"SMITH"},{"data":"Metallicize","floor":40.0,"key":"SMITH"},{"data":"Inflame","floor":47.0,"key":"SMITH"},{"floor":49.0,"key":"RECALL"},{"floor":53,"key":"REST"}],"circlet_count":0,"master_deck":["AscendersBane","Strike_R+1","Strike_R+1","Defend_R+1","Defend_R","Defend_R","Defend_R","Bash+1","Mayhem+1","Inflame+1","Metallicize","Dramatic Entrance","Bandage Up","Madness+1","Apotheosis+1","Disarm","Shockwave+1","Berserk","Dropkick+1","Inflame+1","Barricade","Limit Break+1","Metallicize+1","Pommel Strike+1","Dropkick+1","Limit Break+1","Seeing Red+1","Sword Boomerang+1","Flame Barrier+1","Thunderclap+1","Heavy Blade+1","Mayhem","Impervious+1","Master of Strategy+1","Feed+1","Sword Boomerang+1","Shrug It Off+1"],"relics":["Black Blood","Bronze Scales","Gremlin Horn","Membership Card","Oddly Smooth Stone","CaptainsWheel","StrikeDummy","Happy Flower","Singing Bowl","Mango","Ginger","White Beast Statue","Omamori","Ice Cream","Molten Egg 2","Chemical X","War Paint","Potion Belt","Ancient Tea Set","Anchor","Toxic Egg 2","Pear","PreservedInsect","Whetstone","Mercury Hourglass","Tiny House","StoneCalendar","Orrery","Red Skull","Mummified Hand","Toy Ornithopter","Art of War","Boot","Bottled Lightning","Vajra"],"acts_visited":["Exordium","TheCity","TheBeyond","TheEnding"],"potions_floor_usage":[50,50,50,55,56,56],"damage_taken":[{"damage":0.0,"enemies":"Cultist","floor":1.0,"turns":3.0},{"damage":0.0,"enemies":"Small Slimes","floor":2.0,"turns":2.0},{"damage":0.0,"enemies":"2 Louse","floor":3.0,"turns":2.0},{"damage":0.0,"enemies":"Lots of Slimes","floor":4.0,"turns":1.0},{"damage":2.0,"enemies":"Looter","floor":5.0,"turns":3.0},{"damage":3.0,"enemies":"Exordium Thugs","floor":7.0,"turns":3.0},{"damage":9.0,"enemies":"Gremlin Nob","floor":8.0,"turns":3.0},{"damage":0.0,"enemies":"Exordium Wildlife","floor":10.0,"turns":1.0},{"damage":2.0,"enemies":"3 Sentries","floor":11.0,"turns":4.0},{"damage":0.0,"enemies":"Lagavulin","floor":14.0,"turns":4.0},{"damage":3.0,"enemies":"Hexaghost","floor":16.0,"turns":6.0},{"damage":22.0,"enemies":"2 Thieves","floor":18.0,"turns":4.0},{"damage":4.0,"enemies":"Chosen","floor":19.0,"turns":5.0},{"damage":0.0,"enemies":"Snecko","floor":22.0,"turns":5.0},{"damage":30.0,"enemies":"Slavers","floor":23.0,"turns":4.0},{"damage":6.0,"enemies":"Shelled Parasite and Fungi","floor":24.0,"turns":6.0},{"damage":5.0,"enemies":"3 Cultists","floor":25.0,"turns":5.0},{"damage":0.0,"enemies":"Book of Stabbing","floor":29.0,"turns":4.0},{"damage":0.0,"enemies":"Gremlin Leader","floor":31.0,"turns":4.0},{"damage":15.0,"enemies":"Automaton","floor":33.0,"turns":6.0},{"damage":7.0,"enemies":"Orb Walker","floor":35.0,"turns":4.0},{"damage":44.0,"enemies":"2 Orb Walkers","floor":36.0,"turns":4.0},{"damage":12.0,"enemies":"Giant Head","floor":41.0,"turns":6.0},{"damage":14.0,"enemies":"3 Darklings","floor":42.0,"turns":5.0},{"damage":21.0,"enemies":"Nemesis","floor":44.0,"turns":7.0},{"damage":0.0,"enemies":"Spire Growth","floor":48.0,"turns":3.0},{"damage":81,"enemies":"Awakened One","floor":50,"turns":6},{"damage":60,"enemies":"Donu and Deca","floor":51,"turns":8},{"damage":75,"enemies":"Shield and Spear","floor":55,"turns":5},{"damage":83,"enemies":"The Heart","floor":56,"turns":6}],"seed_played":"-8741767264151858029","potions_obtained":[{"floor":1.0,"key":"Energy Potion"},{"floor":2.0,"key":"Swift Potion"},{"floor":5.0,"key":"Fire Potion"},{"floor":7.0,"key":"SteroidPotion"},{"floor":8.0,"key":"AttackPotion"},{"floor":10.0,"key":"EssenceOfSteel"},{"floor":11.0,"key":"Ancient Potion"},{"floor":14.0,"key":"Strength Potion"},{"floor":18.0,"key":"BloodPotion"},{"floor":22.0,"key":"SkillPotion"},{"floor":23.0,"key":"CultistPotion"},{"floor":29.0,"key":"DistilledChaos"},{"floor":31.0,"key":"Fire Potion"},{"floor":34.0,"key":"DistilledChaos"},{"floor":35.0,"key":"LiquidMemories"},{"floor":36.0,"key":"PowerPotion"},{"floor":41.0,"key":"HeartOfIron"},{"floor":42.0,"key":"Regen Potion"},{"floor":44.0,"key":"AttackPotion"},{"floor":48.0,"key":"Strength Potion"},{"floor":55,"key":"Dexterity Potion"}],"is_trial":false,"path_per_floor":["M","M","M","M","M","R","M","E","T","M","E","$","R","E","R","B",null,"M","M","?","?","M","E","M","M","T","R","?","E","R","E","R","B",null,"M","?","$","$","T","R","E","M","T","E","?","?","R","M","R","B","B",null,"R","$","E","B",null],"character_chosen":"IRONCLAD","items_purchased":["Bronze Scales","Gremlin Horn","Mayhem","Membership Card","Oddly Smooth Stone","Finesse","CaptainsWheel","Inflame","StrikeDummy","Happy Flower","Metallicize","Rampage","Dramatic Entrance","Singing Bowl","Bandage Up","Mango","White Beast Statue","Omamori","Madness","Apotheosis","Molten Egg 2","Chemical X","Inflame","Orrery","Mayhem","Red Skull","Impervious+1","Master of Strategy+1","Bottled Lightning","Swift Potion"],"campfire_rested":1,"item_purchase_floors":[0,0,0,0,0,0,0,0,0,0,0,0,0,0,0,0,0,0,0,0,0,0,12,37,37,37,37,38,54,54],"current_hp_per_floor":[49,55,61,69,79,79,88,87,87,95,99,99,99,99,99,99,99,97,103,103,103,103,93,107,107,117,117,117,119,119,119,119,119,124,124,98,104,104,104,104,108,130,130,121,121,121,121,136,136,85,41,112,136,136,85,30],"gold":55,"neow_bonus":"","is_daily":false,"chose_seed":false,"campfire_upgraded":8,"win_rate":0.0,"timestamp":1611180600,"path_taken":["M","M","M","M","M","R","?","E","T","M","E","$","R","E","R","BOSS","M","M","?","?","?","E","M","M","T","R","?","E","R","E","R","BOSS","M","?","?","$","?","R","E","?","T","E","?","?","R","M","R","BOSS","BOSS","R","$","E","BOSS"],"items_purchased_type":["Relic","Relic","Card","Relic","Relic","Card","Relic","Card","Relic","Relic","Card","Card","Card","Relic","Card","Relic","Relic","Relic","Card","Card","Relic","Relic","Card","Relic","Card","Relic","Card","Card","Relic","Potion"],"build_version":"2020-12-22","purchased_purges":2,"victory":true,"max_hp_per_floor":[91,91,91,93,93,93,93,95,95,97,99,99,99,99,99,99,99,101,103,103,103,103,105,107,107,117,117,117,119,119,119,119,119,124,124,124,130,130,130,130,130,130,130,130,130,130,130,136,136,136,136,136,136,136,142,142],"card_choices":[{"not_picked":["Clothesline+1","Cleave+1","Sever Soul+1"],"picked":"Singing Bowl","floor":1.0},{"not_picked":["Iron Wave+1","Cleave+1"],"picked":"Disarm","floor":2.0},{"not_picked":["Iron Wave+1","Flex"],"picked":"Shockwave","floor":3.0},{"not_picked":["Rage","Bloodletting","Heavy Blade+1"],"picked":"Singing Bowl","floor":4.0},{"not_picked":["Heavy Blade+1","Shrug It Off"],"picked":"Berserk","floor":5.0},{"not_picked":["Heavy Blade+1","Armaments"],"picked":"Dropkick+1","floor":7.0},{"not_picked":["Dual Wield","Body Slam+1","Flex"],"picked":"Singing Bowl","floor":8.0},{"not_picked":["Reckless Charge+1","Clothesline+1","Body Slam+1"],"picked":"Singing Bowl","floor":10.0},{"not_picked":["Bloodletting","Iron Wave+1","Armaments"],"picked":"Singing Bowl","floor":11.0},{"not_picked":["Twin Strike+1","Juggernaut"],"picked":"Barricade","floor":14.0},{"not_picked":["Juggernaut","Berserk"],"picked":"Limit Break","floor":16.0},{"not_picked":["Havoc","Combust+1","True Grit"],"picked":"Singing Bowl","floor":18.0},{"not_picked":["Sword Boomerang+1","Shrug It Off","Dual Wield"],"picked":"Singing Bowl","floor":19.0},{"not_picked":["Wild Strike+1","Rage"],"picked":"Metallicize","floor":22.0},{"not_picked":["Infernal Blade+1","Body Slam+1","Combust"],"picked":"Singing Bowl","floor":23.0},{"not_picked":["Double Tap+1","True Grit+1","Flex+1"],"picked":"Singing Bowl","floor":24.0},{"not_picked":["Iron Wave+1","Flex+1"],"picked":"Pommel Strike+1","floor":25.0},{"not_picked":["Clash+1","Blood for Blood+1","Twin Strike+1"],"picked":"Singing Bowl","floor":29.0},{"not_picked":["Metallicize","Sever Soul+1"],"picked":"Dropkick+1","floor":31.0},{"not_picked":["Double Tap+1","Berserk"],"picked":"Limit Break+1","floor":33.0},{"not_picked":["Dark Embrace","Combust"],"picked":"Seeing Red+1","floor":34.0},{"not_picked":["Power Through+1","Wild Strike+1"],"picked":"Sword Boomerang+1","floor":35.0},{"not_picked":["Wild Strike+1","Sentinel+1"],"picked":"Flame Barrier+1","floor":36.0},{"not_picked":["Clothesline+1","Iron Wave+1","Uppercut+1"],"picked":"Singing Bowl","floor":37.0},{"not_picked":["Perfected Strike+1","Clothesline+1"],"picked":"Thunderclap+1","floor":37.0},{"not_picked":["Wild Strike+1","Perfected Strike+1"],"picked":"Heavy Blade+1","floor":37.0},{"not_picked":["Bludgeon+1","Clash+1","Bloodletting+1"],"picked":"Singing Bowl","floor":37.0},{"not_picked":["Clash+1","Flex+1","Rupture"],"picked":"Singing Bowl","floor":37.0},{"not_picked":["Warcry+1","Immolate+1"],"picked":"Feed+1","floor":41.0},{"not_picked":["Flex+1","Power Through+1"],"picked":"Sword Boomerang+1","floor":42.0},{"not_picked":["Clash+1","Pommel Strike+1"],"picked":"Shrug It Off+1","floor":44.0},{"not_picked":["Hemokinesis+1","Perfected Strike+1","Thunderclap+1"],"picked":"Singing Bowl","floor":48.0},{"not_picked":["True Grit+1","Feed+1","Thunderclap+1"],"picked":"Singing Bowl","floor":55}],"player_experience":1494567,"relics_obtained":[{"floor":8.0,"key":"War Paint"},{"floor":9.0,"key":"Potion Belt"},{"floor":11.0,"key":"Ancient Tea Set"},{"floor":14.0,"key":"Anchor"},{"floor":23.0,"key":"Toxic Egg 2"},{"floor":26.0,"key":"Pear"},{"floor":29.0,"key":"Whetstone"},{"floor":31.0,"key":"Mercury Hourglass"},{"floor":36.0,"key":"StoneCalendar"},{"floor":39.0,"key":"Mummified Hand"},{"floor":41.0,"key":"Toy Ornithopter"},{"floor":44.0,"key":"Art of War"},{"floor":55,"key":"Vajra"}],"event_choices":[{"cards_removed":["Rampage"],"damage_healed":0.0,"max_hp_gain":0.0,"max_hp_loss":0.0,"gold_gain":0.0,"event_name":"Beggar","player_choice":"Gave Gold","floor":20.0,"gold_loss":75.0,"damage_taken":0.0},{"cards_removed":["Strike_R"],"damage_healed":0.0,"max_hp_gain":0.0,"max_hp_loss":0.0,"gold_gain":0.0,"event_name":"Bonfire Elementals","player_choice":"Offered Basic","floor":21.0,"gold_loss":0.0,"damage_taken":0.0},{"damage_healed":0.0,"max_hp_gain":0.0,"max_hp_loss":0.0,"gold_gain":0.0,"event_name":"Addict","player_choice":"Obtained Relic","floor":28.0,"gold_loss":85.0,"damage_taken":0.0,"relics_obtained":["PreservedInsect"]},{"damage_healed":0.0,"max_hp_gain":0.0,"max_hp_loss":0.0,"gold_gain":0.0,"event_name":"Mysterious Sphere","player_choice":"Fight","floor":36.0,"gold_loss":0.0,"damage_taken":0.0},{"cards_removed":["Finesse"],"damage_healed":0.0,"max_hp_gain":0.0,"max_hp_loss":0.0,"gold_gain":0.0,"event_name":"Falling","player_choice":"Removed Skill","floor":45.0,"gold_loss":0.0,"damage_taken":0.0},{"damage_healed":0.0,"max_hp_gain":0.0,"max_hp_loss":0.0,"gold_gain":0.0,"event_name":"WeMeetAgain","player_choice":"Gave Potion","floor":46.0,"gold_loss":0.0,"damage_taken":0.0,"relics_obtained":["Boot"]}],"is_beta":false,"boss_relics":[{"not_picked":["Runic Dome","Ectoplasm"],"picked":"Black Blood"},{"not_picked":["Mark of Pain","Snecko Eye"],"picked":"Tiny House"}],"items_purged_floors":[12,37],"is_endless":false,"potions_floor_spawned":[1,2,3,4,5,7,8,10,11,14,16,18,19,22,23,24,25,29,31,33,35,36,41,42,44,48,55],"ascension_level":20}}