{"host":"f0gpob8hq9vgebej","time":1611159857,"event":{"mods":["AchievementEnabler","BaseMod","Minty Spire (QoL Compilation)","Quick Restart","SuperFastMode"],"gold_per_floor":[109,129,139,159,176,201,201,201,201],"floor_reached":8,"language":"KOR","playtime":190,"items_purged":[],"score":96,"play_id":"f93faf52-73f4-4047-be00-fbd7a25f419d","local_time":"20210121012417","is_ascension_mode":true,"campfire_choices":[{"data":"Barricade","floor":7,"key":"SMITH"}],"circlet_count":0,"master_deck":["AscendersBane","Strike_R","Strike_R","Strike_R","Strike_R","Strike_R","Defend_R","Defend_R","Defend_R","Defend_R","Bash","Whirlwind","Barricade+1","Shrug It Off"],"relics":["Burning Blood","Bird Faced Urn"],"acts_visited":["Exordium"],"potions_floor_usage":[8,8],"damage_taken":[{"damage":7,"enemies":"Small Slimes","floor":1,"turns":3},{"damage":3,"enemies":"Jaw Worm","floor":2,"turns":5},{"damage":0,"enemies":"2 Louse","floor":3,"turns":1},{"damage":12,"enemies":"Looter","floor":4,"turns":4},{"damage":0,"enemies":"3 Louse","floor":5,"turns":2},{"damage":62,"enemies":"Lagavulin","floor":6,"turns":9},{"damage":28,"enemies":"3 Sentries","floor":8,"turns":9}],"seed_played":"-5298108549966017291","potions_obtained":[{"floor":1,"key":"GamblersBrew"},{"floor":5,"key":"Dexterity Potion"}],"is_trial":false,"path_per_floor":["M","M","M","M","M","E","R","E"],"character_chosen":"IRONCLAD","items_purchased":[],"campfire_rested":0,"item_purchase_floors":[],"current_hp_per_floor":[79,82,88,82,88,32,32,6,6],"gold":201,"neow_bonus":"TEN_PERCENT_HP_BONUS","is_daily":false,"chose_seed":false,"campfire_upgraded":1,"win_rate":0.0,"timestamp":1611159857,"path_taken":["M","M","M","M","M","E","R","E"],"items_purchased_type":[],"build_version":"2020-12-22","purchased_purges":0,"victory":false,"max_hp_per_floor":[88,88,88,88,88,88,88,88,88],"card_choices":[{"not_picked":["Warcry","Perfected Strike"],"picked":"Whirlwind","floor":1},{"not_picked":["Warcry","Anger","Intimidate"],"picked":"SKIP","floor":2},{"not_picked":["Pommel Strike","Twin Strike"],"picked":"Barricade","floor":3},{"not_picked":["Sever Soul","Perfected Strike","Blood for Blood"],"picked":"SKIP","floor":4},{"not_picked":["Anger","Body Slam"],"picked":"Shrug It Off","floor":5},{"not_picked":["Dark Embrace","Wild Strike","Perfected Strike"],"picked":"SKIP","floor":6}],"player_experience":185710,"relics_obtained":[{"floor":6,"key":"Bird Faced Urn"}],"event_choices":[],"is_beta":false,"boss_relics":[],"items_purged_floors":[],"is_endless":false,"potions_floor_spawned":[1,5],"killed_by":"3 Sentries","ascension_level":12}}