{"host":"u9h06qdlnp3wgzsw","time":1611130625,"event":{"mods":["Act Like it!","BaseMod","Curses Come First","Downfall","Hallownest","Hermit","Minty Spire (QoL Compilation)","Quick Restart","Rare Cards Sparkle","Shop Mod","StSLib","The Disciple","The Hierophant","The Servant 0.9.4"],"gold_per_floor":[109,109,109,34,44,69,81,123,204,216,270,282,316,328,340,352,352],"floor_reached":16,"language":"ENG","playtime":1216,"items_purged":["Writhe"],"score":133,"play_id":"8f8c4d49-bfd6-4c18-8494-19d5e51b27a7","local_time":"20210120031705","is_ascension_mode":false,"campfire_choices":[{"floor":7,"key":"REST"},{"floor":10,"key":"REST"},{"data":"LockedBell","floor":15,"key":"SMITH"}],"circlet_count":0,"master_deck":["Strike_Br","Strike_Br","Strike_Br","Strike_Br","SecondHand","PatternShift","HandsUpC","LockedMawBank","LockedUrn","LockedBell+1","LockedTornado","LockedBlood","Hallownest:skillLeafShield","Hallownest:skillLeafShield","Hallownest:skillLeafShield","Hallownest:skillLeafShield","Hallownest:skillLeafShield"],"relics":["Chronometer","Hallownest:DreamNailRelic","MawBank","Mummified Hand","Matryoshka"],"acts_visited":["Exordium"],"potions_floor_usage":[6,8,13],"damage_taken":[{"damage":5,"enemies":"Hallownest:2_Baldur","floor":1,"turns":5},{"damage":3,"enemies":"Hallownest:2_MossCreeps","floor":5,"turns":6},{"damage":39,"enemies":"Hallownest:eliteMossKnight","floor":6,"turns":15},{"damage":17,"enemies":"Hallownest:eliteVengeflyKing","floor":8,"turns":11},{"damage":8,"enemies":"2_ Uuma","floor":11,"turns":9},{"damage":23,"enemies":"Hallownest:MossCreep_and_Mosskin","floor":13,"turns":5},{"damage":86,"enemies":"Hallownest:BossHornet","floor":16,"turns":11}],"seed_played":"4805430286057622953","potions_obtained":[{"floor":1,"key":"SpeedPotion"},{"floor":6,"key":"Regen Potion"},{"floor":8,"key":"FairyPotion"},{"floor":11,"key":"SteroidPotion"}],"is_trial":false,"path_per_floor":["M","?","?","$","M","E","R","E","T","R","M","$","M","?","R","B"],"character_chosen":"CHRONO_CLASS","items_purchased":[],"campfire_rested":2,"item_purchase_floors":[],"current_hp_per_floor":[66,66,74,74,71,32,55,55,55,78,72,72,53,53,53,0,0],"gold":352,"neow_bonus":"TEN_PERCENT_HP_BONUS","is_daily":false,"chose_seed":false,"campfire_upgraded":1,"win_rate":0.0,"timestamp":1611130625,"path_taken":["M","?","?","?","M","E","R","E","T","R","M","$","M","?","R","BOSS"],"items_purchased_type":[],"build_version":"2020-12-22","purchased_purges":1,"victory":false,"max_hp_per_floor":[71,71,79,79,79,79,79,79,79,79,79,79,79,79,79,79,79],"card_choices":[{"not_picked":["BeatsPerMinute","Tempo"],"picked":"HandsUpC","floor":1},{"not_picked":["ExoVibe","LockedMedicine"],"picked":"LockedMawBank","floor":5},{"not_picked":["BlueShift","CrunchTime"],"picked":"LockedUrn","floor":6},{"not_picked":["LockedAstrolabe","WakeUpCall"],"picked":"LockedBell","floor":8},{"not_picked":["Parity","ReapSow"],"picked":"LockedTornado","floor":11},{"not_picked":["Keepsakes","TickedOff"],"picked":"LockedBlood","floor":13}],"player_experience":825725,"relics_obtained":[{"floor":6,"key":"MawBank"},{"floor":8,"key":"Mummified Hand"},{"floor":9,"key":"Matryoshka"}],"event_choices":[],"is_beta":false,"boss_relics":[],"items_purged_floors":[4],"is_endless":false,"potions_floor_spawned":[1,6,8,11],"killed_by":"Hallownest:BossHornet","ascension_level":0}}