{"host":"hfxahm4y1ssattqc","time":1611176675,"event":{"mods":["2.2 Compatiblity","Act Like it!","BaseMod","Beaked The Cultist","BetterRewards","Colored Map","Colored Powertips","Custom Start","Googly Eyes","Halation","Hallownest","Highlight Path","Hubris","Mimic Mod","Minty Spire (QoL Compilation)","Shop Mod","Spikes Relics","StSLib","The Bug Knight","The IronCluck","The Jungle","Unknown Chances","slay the spire mod where everything is the same but ironclad has a cowboy hat"],"gold_per_floor":[118,193,193,193,203,229,244,275,275,294,304,304,18,28,28,124,124,111,111,111,111,126,126,126,126,126,126,126,126,126,141,141,236,286,300,316,333,404,46,66,66,80,114,114,131,151,151,167,167,167,167],"floor_reached":50,"language":"ENG","playtime":2018,"items_purged":[],"score":604,"play_id":"6ac790e8-b9e8-490c-bb31-e0bf5f7af06d","local_time":"20210120130435","is_ascension_mode":false,"campfire_choices":[{"data":"Cloak And Dagger","floor":12.0,"key":"SMITH"},{"floor":15.0,"key":"REST"},{"data":"After Image","floor":23.0,"key":"SMITH"},{"floor":27.0,"key":"REST"},{"data":"Blur","floor":29.0,"key":"SMITH"},{"floor":32.0,"key":"REST"},{"floor":44.0,"key":"REST"},{"floor":47.0,"key":"REST"},{"floor":49.0,"key":"RECALL"}],"circlet_count":0,"master_deck":["Strike_G+1","Strike_G","Strike_G","Strike_G","Strike_G","Defend_G","Defend_G","Defend_G","Defend_G","Defend_G","Survivor","Noxious Fumes+1","Cloak And Dagger+1","Accuracy","After Image+1","Blur+1","A Thousand Cuts","Accuracy+1","Writhe","Footwork","hubris:DuctTapeCard"],"relics":["Ring of the Snake","hubris:TenFootPole","hubris:EmptyBottle","Tiny Chest","HollowMod:PaleOreRelic","hubris:DuctTape","RoseTintedShades","PreservedInsect","halation:Prosthetics","halation:LettersToHer","Centennial Puzzle","Tiny House","The Courier","Mango","halation:EternalFortune","Dead Branch"],"acts_visited":["Exordium","TheCity","TheBeyond"],"potions_floor_usage":[50,50,50],"damage_taken":[{"damage":0.0,"enemies":"2 Louse","floor":1.0,"turns":4.0},{"damage":0.0,"enemies":"Jaw Worm","floor":5.0,"turns":7.0},{"damage":8.0,"enemies":"Lagavulin","floor":6.0,"turns":8.0},{"damage":0.0,"enemies":"Cultist","floor":7.0,"turns":4.0},{"damage":10.0,"enemies":"HollowMod:MossKnight","floor":8.0,"turns":9.0},{"damage":0.0,"enemies":"Looter","floor":10.0,"turns":4.0},{"damage":0.0,"enemies":"Blue Slaver","floor":11.0,"turns":6.0},{"damage":0.0,"enemies":"3 Louse","floor":14.0,"turns":5.0},{"damage":25.0,"enemies":"Hexaghost","floor":16.0,"turns":15.0},{"damage":5.0,"enemies":"2 Thieves","floor":18.0,"turns":4.0},{"damage":9.0,"enemies":"Shell Parasite","floor":22.0,"turns":9.0},{"damage":11.0,"enemies":"Snake Plant","floor":31.0,"turns":7.0},{"damage":24.0,"enemies":"Automaton","floor":33.0,"turns":14.0},{"damage":14.0,"enemies":"3 Darklings","floor":35.0,"turns":10.0},{"damage":0.0,"enemies":"3 Shapes","floor":36.0,"turns":6.0},{"damage":24.0,"enemies":"Maw","floor":37.0,"turns":11.0},{"damage":2.0,"enemies":"Writhing Mass","floor":40.0,"turns":7.0},{"damage":13.0,"enemies":"3 Darklings","floor":42.0,"turns":10.0},{"damage":5.0,"enemies":"Spire Growth","floor":43.0,"turns":10.0},{"damage":0.0,"enemies":"Spire Growth","floor":45.0,"turns":6.0},{"damage":5.0,"enemies":"Jaw Worm Horde","floor":46.0,"turns":4.0},{"damage":7.0,"enemies":"3 Darklings","floor":48.0,"turns":4.0},{"damage":51,"enemies":"Awakened One","floor":50,"turns":5}],"seed_played":"2639999944055026936","potions_obtained":[{"floor":7.0,"key":"SkillPotion"},{"floor":10.0,"key":"SpeedPotion"},{"floor":16.0,"key":"SpeedPotion"},{"floor":31.0,"key":"LiquidBronze"},{"floor":34.0,"key":"BlessingOfTheForge"},{"floor":35.0,"key":"Fruit Juice"}],"is_trial":false,"path_per_floor":["M","?","?","?","M","E","M","E","T","M","M","R","$","M","R","B",null,"M","$","?","T","M","R","$","?","T","R","?","R","$","M","R","B",null,"M","M","M","T","$","M","?","M","MIM","R","M","M","R","M","R","B"],"character_chosen":"THE_SILENT","items_purchased":["hubris:TenFootPole","Accuracy","hubris:EmptyBottle","Blur","LiquidMemories","PowerPotion","After Image","PreservedInsect","Blur","Mango","DuplicationPotion","EssenceOfSteel"],"campfire_rested":5,"item_purchase_floors":[0,0,0,0,0,0,13,13,13,39,39,39],"current_hp_per_floor":[70,65,62,57,57,49,49,39,39,39,39,39,39,39,60,35,35,30,30,31,31,22,22,22,22,22,34,34,34,34,23,35,11,45,41,41,17,17,31,29,32,22,17,39,39,34,56,49,49,0,0],"gold":167,"neow_bonus":"","is_daily":false,"chose_seed":false,"campfire_upgraded":3,"win_rate":0.0,"timestamp":1611176675,"path_taken":["M","?","?","?","M","E","M","E","T","M","M","R","$","?","R","BOSS","M","?","?","?","M","R","$","?","T","R","?","R","?","M","R","BOSS","M","M","M","?","$","?","?","M","MIM","R","?","M","R","M","R","BOSS"],"items_purchased_type":["Relic","Card","Relic","Card","Potion","Potion","Card","Relic","Card","Relic","Potion","Potion"],"build_version":"2020-12-22","purchased_purges":0,"victory":false,"max_hp_per_floor":[70,70,70,70,70,70,70,70,70,70,70,70,70,70,70,70,35,35,35,40,40,40,40,40,40,40,40,40,40,40,40,40,40,45,55,55,55,55,69,69,72,75,75,75,75,75,75,75,75,75,75],"card_choices":[{"not_picked":["Bane","Backflip"],"picked":"Noxious Fumes","floor":1.0},{"not_picked":["Terror","Dagger Throw","Deflect"],"picked":"SKIP","floor":5.0},{"not_picked":["ShadowRift","hubris:SlightOfHand","Acrobatics"],"picked":"SKIP","floor":6.0},{"not_picked":["Terror","InfectiousVector","Tactician"],"picked":"SKIP","floor":7.0},{"not_picked":["Deadly Poison","Tools of the Trade","Slice"],"picked":"SKIP","floor":8.0},{"not_picked":["Masterful Stab","Slice"],"picked":"Cloak And Dagger","floor":10.0},{"not_picked":["Bane","hubris:SlightOfHand"],"picked":"Accuracy","floor":11.0},{"not_picked":["Deflect","Acrobatics","hubris:Sniper"],"picked":"SKIP","floor":14.0},{"not_picked":["Die Die Die","Night Terror"],"picked":"A Thousand Cuts","floor":16.0},{"not_picked":["ShadowRift+1","Underhanded Strike+1","Heel Hook"],"picked":"SKIP","floor":18.0},{"not_picked":["Deflect+1","Blade Dance"],"picked":"Accuracy+1","floor":22.0},{"not_picked":["Acrobatics+1","Skewer","Setup"],"picked":"SKIP","floor":31.0},{"not_picked":["Acrobatics","Backflip+1","Quick Slash"],"picked":"SKIP","floor":35.0},{"not_picked":["Dash+1","Backflip","Sucker Punch+1"],"picked":"SKIP","floor":36.0},{"not_picked":["Deadly Poison","Flying Knee+1"],"picked":"Footwork","floor":37.0},{"not_picked":["Quick Slash+1","Glass Knife","Endless Agony+1"],"picked":"SKIP","floor":40.0},{"not_picked":["Deadly Poison+1","Flying Knee+1","Backflip"],"picked":"SKIP","floor":42.0},{"not_picked":["Tactician","hubris:SlightOfHand","Infinite Blades"],"picked":"SKIP","floor":45.0},{"not_picked":["Poisoned Stab+1","Setup+1","hubris:Sniper"],"picked":"SKIP","floor":46.0},{"not_picked":["Deadly Poison","Dagger Spray","Concentrate"],"picked":"SKIP","floor":48.0}],"player_experience":883771,"relics_obtained":[{"floor":6.0,"key":"HollowMod:PaleOreRelic"},{"floor":8.0,"key":"hubris:DuctTape"},{"floor":9.0,"key":"RoseTintedShades"},{"floor":26.0,"key":"halation:LettersToHer"},{"floor":38.0,"key":"halation:LettersToHer"},{"floor":38.0,"key":"The Courier"},{"floor":42.0,"key":"halation:EternalFortune"},{"floor":43.0,"key":"Dead Branch"},{"floor":43.0,"key":"halation:LettersToHer"}],"event_choices":[{"damage_healed":0.0,"max_hp_gain":0.0,"max_hp_loss":0.0,"gold_gain":75.0,"event_name":"World of Goop","player_choice":"Gather Gold","floor":2.0,"gold_loss":0.0,"damage_taken":11.0},{"cards_removed":["Accuracy"],"damage_healed":0.0,"max_hp_gain":0.0,"max_hp_loss":0.0,"gold_gain":0.0,"event_name":"Golden Wing","player_choice":"Card Removal","floor":3.0,"gold_loss":0.0,"damage_taken":7.0},{"damage_healed":0.0,"max_hp_gain":0.0,"max_hp_loss":0.0,"gold_gain":0.0,"event_name":"Scrap Ooze","player_choice":"Success","floor":4.0,"gold_loss":0.0,"damage_taken":12.0,"relics_obtained":["Tiny Chest"]},{"damage_healed":0.0,"max_hp_gain":5.0,"max_hp_loss":0.0,"gold_gain":0.0,"event_name":"Forgotten Altar","player_choice":"Shed Blood","floor":20.0,"gold_loss":0.0,"damage_taken":9.0},{"damage_healed":0.0,"max_hp_gain":0.0,"max_hp_loss":0.0,"gold_gain":0.0,"event_name":"The Mausoleum","player_choice":"Opened","floor":28.0,"gold_loss":0.0,"damage_taken":0.0,"relics_obtained":["Centennial Puzzle"],"cards_obtained":["Writhe"]}],"is_beta":false,"boss_relics":[{"not_picked":["halation:LoveArrow","hubris:GrandSneckoEye"],"picked":"halation:Prosthetics"},{"not_picked":["halation:PinkAlligatorPlush","Fusion Hammer"],"picked":"Tiny House"}],"items_purged_floors":[],"is_endless":false,"potions_floor_spawned":[7,10,16,31,35,42,45,46],"killed_by":"Awakened One","ascension_level":0}}