{"host":"atu1skz5iq69e5lr","time":1611177653,"event":{"mods":["AchievementEnabler","Aspiration","BaseMod","Better Third Choice","Colored Map","Evolution","Friendly Minions","Highlight Path","Hubris","Infinite Spire","Keyboard Shortcuts","Lobotomy","Minty Spire (QoL Compilation)","Replay The Spire","Shop Mod","StSLib"],"gold_per_floor":[111,37,54,54,54,54,4,29,29,29,47,64,98,98,98,198,198,218,235,255,269,287,287,304,320,345,362,362,388,388,81,81,180,180,197,197,197,447,466,466,466,498,498,510,510,538,538,564,564,564,564],"floor_reached":52,"language":"ENG","playtime":5035,"items_purged":["hubris:Lust","Regret","Porccubus","Scarecrow","Strike_G"],"score":970,"play_id":"d10be1a6-3f9c-40a7-9ccd-641f586b56a6","local_time":"20210120222053","is_ascension_mode":false,"campfire_choices":[{"data":"Sucker Punch","floor":6,"key":"SMITH"},{"floor":10,"key":"REST"},{"data":"Calculated Gamble","floor":15,"key":"SMITH"},{"floor":28,"key":"REST"},{"data":"ReplayTheSpireMod:Scrap Shanks","floor":30,"key":"SMITH"},{"floor":32,"key":"REST"},{"data":"Tactician","floor":40,"key":"SMITH"},{"data":"hubris:SlightOfHand","floor":47,"key":"SMITH"},{"data":"Well Laid Plans","floor":49,"key":"SMITH"}],"circlet_count":0,"master_deck":["Dagger Spray+1","Sucker Punch+1","Quick Slash","Defend_G","Defend_G","Defend_G","Survivor","Neutralize","Murderer","Reflex+1","Calculated Gamble+1","Eviscerate+1","Prepared","Prepared","Prepared","Phantasmal Killer","CurseOfTheBell","hubris:SlightOfHand+1","Well Laid Plans+1","Tactician+1","Endless Agony+1","Replay:Fractal Strike+1","Prepared","ReplayTheSpireMod:Scrap Shanks+1","Adrenaline+1","Acrobatics+1","Malaise","Infinite Blades","Escape Plan+1","Terror"],"relics":["Ring of the Snake","EVO:Axolotl","CogitoBucket","ReplayTheSpireMod:CursedCoin","Smiling Mask","Blood Vial","aspiration:Lifesprig","Mercury Hourglass","Whetstone","Calling Bell","Bag of Marbles","Molten Egg 2","Bird Faced Urn","TreeSap","Bottled Lightning","infinitespire:Cupcake","ReplayFunnel","Letter Opener","Onion Ring","AtMidnight","LuminousBracelet","hubris:NiceRug","Orichalcum","hubris:ToyBattleship","TheAbacus","infinitespire:FocusingShard","Replay:Kaleidoscope","Dream Catcher","infinitespire:PuzzleCube"],"acts_visited":["Exordium","TheCity","TheBeyond"],"potions_floor_usage":[16,24,25,33,35,35,50,50,50],"damage_taken":[{"damage":0,"enemies":"Cultist","floor":1,"turns":4},{"damage":0,"enemies":"2 Louse","floor":3,"turns":2},{"damage":36,"enemies":"3 Sentries","floor":8,"turns":13},{"damage":0,"enemies":"Jaw Worm","floor":11,"turns":2},{"damage":0,"enemies":"Exordium Wildlife","floor":12,"turns":2},{"damage":2,"enemies":"Gremlin Nob","floor":13,"turns":3},{"damage":33,"enemies":"The Guardian","floor":16,"turns":8},{"damage":32,"enemies":"2 Thieves","floor":18,"turns":3},{"damage":1,"enemies":"Chosen","floor":19,"turns":3},{"damage":26,"enemies":"Centurion and Healer","floor":20,"turns":7},{"damage":11,"enemies":"Snake Plant","floor":21,"turns":3},{"damage":11,"enemies":"Cultist and Chosen","floor":22,"turns":6},{"damage":2,"enemies":"3 Cultists","floor":24,"turns":5},{"damage":13,"enemies":"Snake Plant","floor":25,"turns":4},{"damage":0,"enemies":"Centurion and Healer","floor":27,"turns":3},{"damage":7,"enemies":"Replay:Snechameleon","floor":29,"turns":4},{"damage":9,"enemies":"hubris:MusketHawk","floor":33,"turns":3},{"damage":19,"enemies":"3 Shapes","floor":35,"turns":13},{"damage":38,"enemies":"hubris:Merchant","floor":38,"turns":5},{"damage":0,"enemies":"Orb Walker","floor":39,"turns":1},{"damage":0,"enemies":"Reptomancer","floor":42,"turns":2},{"damage":0,"enemies":"3 Darklings","floor":44,"turns":1},{"damage":0,"enemies":"Giant Head","floor":46,"turns":1},{"damage":0,"enemies":"R_Hoarder","floor":48,"turns":5},{"damage":33,"enemies":"hubris:GrandSnecko","floor":50,"turns":5}],"seed_played":"-2205226637800940973","potions_obtained":[{"floor":3,"key":"CultistPotion"},{"floor":8,"key":"DuplicationPotion"},{"floor":13,"key":"AttackPotion"},{"floor":20,"key":"Regen Potion"},{"floor":24,"key":"Poison Potion"},{"floor":25,"key":"BlessingOfTheForge"},{"floor":29,"key":"Cursed Concoction"},{"floor":33,"key":"Flashbang"},{"floor":38,"key":"Dexterity Potion"},{"floor":38,"key":"CultistPotion"},{"floor":38,"key":"Poison Potion"},{"floor":42,"key":"Venom Potion"}],"is_trial":false,"path_per_floor":["M","$","M","?","?","R","$","E","T","R","M","M","E","?","R","B",null,"M","M","M","M","M","AVR","M","M","T","M","R","E","R","$","R","B",null,"M","?","?","$","M","R","?","E","T","M","?","E","R","E","R_BF","B",null,null],"character_chosen":"THE_SILENT","items_purchased":["ReplayTheSpireMod:CursedCoin","Reflex","Calculated Gamble","Onion Ring"],"campfire_rested":3,"item_purchase_floors":[2,2,2,31],"current_hp_per_floor":[70,70,70,70,70,70,70,34,34,55,57,59,59,59,59,28,70,38,39,21,12,3,3,19,29,29,31,52,47,47,47,68,63,70,66,66,66,63,67,67,67,71,71,73,73,77,77,85,85,48,48],"gold":564,"neow_bonus":"","is_daily":false,"chose_seed":false,"campfire_upgraded":6,"win_rate":0.0,"timestamp":1611177653,"path_taken":["M","$","M","?","?","R","?","E","T","R","M","M","E","?","R","BOSS","M","M","M","M","M","AVR","M","M","T","M","R","E","R","$","R","BOSS","M","?","?","$","?","R","?","E","T","?","?","E","R","E","R_BF","BOSS"],"items_purchased_type":["Relic","Card","Card","Relic"],"build_version":"2020-12-22","purchased_purges":5,"victory":true,"max_hp_per_floor":[70,70,70,70,70,70,70,70,70,70,70,70,70,70,70,70,70,70,70,70,70,70,70,70,70,70,70,70,70,70,70,70,70,70,85,85,85,85,85,85,85,85,85,85,85,85,85,85,85,75,75],"card_choices":[{"not_picked":["PunishingBird","GreedKing"],"picked":"Murderer","floor":1},{"not_picked":["Backflip","Bane","Flying Knee"],"picked":"SKIP","floor":1},{"not_picked":["Poisoned Stab","Blur"],"picked":"Eviscerate","floor":3},{"not_picked":["RedShoes","OSAHOGD"],"picked":"Scarecrow","floor":3},{"not_picked":["Caltrops","Catalyst"],"picked":"Prepared","floor":8},{"not_picked":["Bouncing Flask","aspiration:Lunge","Infinite Blades"],"picked":"SKIP","floor":11},{"not_picked":["Underhanded Strike","Sucker Punch"],"picked":"Prepared","floor":12},{"not_picked":["Dagger Spray","Blur"],"picked":"Prepared","floor":13},{"not_picked":["Malaise","Corpse Explosion"],"picked":"Phantasmal Killer","floor":16},{"not_picked":["Choke+1","Die Die Die+1"],"picked":"hubris:SlightOfHand","floor":18},{"not_picked":["Dagger Throw+1","hubris:Counter+1"],"picked":"Well Laid Plans","floor":19},{"not_picked":["Hidden Blade","Venomology"],"picked":"Tactician","floor":20},{"not_picked":["FairyFestival","Bloodbath"],"picked":"Porccubus","floor":20},{"not_picked":["hubris:SlightOfHand","Deflect","Deadly Poison"],"picked":"SKIP","floor":21},{"not_picked":["hubris:SlightOfHand","Deflect","Deadly Poison"],"picked":"SKIP","floor":21},{"not_picked":["Footwork","Hidden Blade"],"picked":"Endless Agony+1","floor":22},{"not_picked":["Replay:Bag of Tricks","Slice+1","Dagger Throw+1"],"picked":"SKIP","floor":24},{"not_picked":["Quick Slash+1","hubris:SlightOfHand"],"picked":"Prepared","floor":25},{"not_picked":["Noxious Fumes","hubris:TrickCloak","Flying Knee+1"],"picked":"SKIP","floor":27},{"not_picked":["Dash+1","infinitespire:Neurotoxin"],"picked":"ReplayTheSpireMod:Scrap Shanks","floor":29},{"not_picked":["Doppelganger","ReplayTheSpireMod:From All Sides+1"],"picked":"Adrenaline","floor":33},{"not_picked":["Underhanded Strike+1","Predator+1"],"picked":"Acrobatics+1","floor":35},{"not_picked":[],"picked":"Infinite Blades","floor":38},{"not_picked":["Slice+1"],"picked":"SKIP","floor":38},{"not_picked":["Quick Slash+1"],"picked":"SKIP","floor":38},{"not_picked":["Hidden Blade"],"picked":"SKIP","floor":38},{"not_picked":["ReplayTheSpireMod:Tripwire"],"picked":"SKIP","floor":38},{"not_picked":["Swift Strike+1"],"picked":"SKIP","floor":38},{"not_picked":["The Bomb"],"picked":"SKIP","floor":38},{"not_picked":["Skewer+1","Bane+1","ReplayTheSpireMod:Tripwire+1"],"picked":"SKIP","floor":39},{"not_picked":["All Out Attack+1","Deadly Poison"],"picked":"Escape Plan+1","floor":42},{"not_picked":["All Out Attack+1","Poisoned Stab+1","Deadly Poison"],"picked":"SKIP","floor":44},{"not_picked":["Caltrops","PiercingWail+1","Sucker Punch+1"],"picked":"SKIP","floor":46},{"not_picked":["Eviscerate+1","Sneak Up+1"],"picked":"Terror","floor":48}],"player_experience":12177,"relics_obtained":[{"floor":5,"key":"Blood Vial"},{"floor":8,"key":"aspiration:Lifesprig"},{"floor":9,"key":"Mercury Hourglass"},{"floor":13,"key":"Whetstone"},{"floor":17,"key":"Bag of Marbles"},{"floor":17,"key":"Molten Egg 2"},{"floor":17,"key":"Bird Faced Urn"},{"floor":26,"key":"ReplayFunnel"},{"floor":29,"key":"Letter Opener"},{"floor":35,"key":"AtMidnight"},{"floor":38,"key":"Orichalcum"},{"floor":38,"key":"hubris:ToyBattleship"},{"floor":38,"key":"TheAbacus"},{"floor":42,"key":"infinitespire:FocusingShard"},{"floor":43,"key":"Replay:Kaleidoscope"},{"floor":46,"key":"Dream Catcher"},{"floor":48,"key":"infinitespire:PuzzleCube"}],"event_choices":[{"damage_healed":0,"gold_gain":0,"player_choice":"Box","damage_taken":0,"relics_obtained":["Smiling Mask"],"max_hp_gain":0,"max_hp_loss":0,"event_name":"Big Fish","floor":4,"gold_loss":0,"cards_obtained":["Regret"]},{"damage_healed":0,"gold_gain":0,"cards_transformed":["Strike_G"],"player_choice":"Transformed","damage_taken":0,"max_hp_gain":0,"max_hp_loss":0,"event_name":"Transmorgrifier","floor":37,"gold_loss":0,"cards_obtained":["Malaise"]},{"damage_healed":0,"gold_gain":0,"player_choice":"Forge","damage_taken":0,"max_hp_gain":0,"max_hp_loss":0,"event_name":"Accursed Blacksmith","floor":41,"gold_loss":0,"cards_upgraded":["Adrenaline"]}],"is_beta":false,"boss_relics":[{"not_picked":["Cursed Key","Painkiller Herb"],"picked":"Calling Bell"},{"not_picked":["Snecko Scales","hubris:BlackHole","Honey Jar"]}],"items_purged_floors":[2,7,23,31,38],"is_endless":false,"potions_floor_spawned":[3,8,13,20,24,25,29,33,39,42,46,48],"ascension_level":0}}