{"host":"gbjphby09ecsfbbs","time":1611133996,"event":{"mods":["AchievementEnabler","BaseMod","Downfall","GifTheSpireLib","Minty Spire (QoL Compilation)","StSLib","The Animator","The Bug Knight","The Cursed","The Saiyan","The Servant 0.9.4","Yuri Mod"],"gold_per_floor":[99,116,116,127,145,145,145,178,178,198,198,198,210,310,326,422,422,422,441,509,572,583,583,583,583],"floor_reached":23,"language":"ENG","playtime":2884,"items_purged":[],"score":195,"play_id":"5d7d387b-8ded-4753-a0c9-4b03752d2837","local_time":"20210120011316","is_ascension_mode":false,"campfire_choices":[{"data":"hexamod:Float","floor":1.0,"key":"SMITH"},{"data":"hexamod:ExtraCrispy","floor":6.0,"key":"SMITH"},{"data":"hexamod:RainOfEmbers","floor":9,"key":"SMITH"},{"floor":12,"key":"REST"},{"data":"hexamod:ForkedFlame","floor":18,"key":"SMITH"}],"circlet_count":0,"master_deck":["hexamod:Strike","hexamod:Strike","hexamod:Strike","hexamod:Strike","hexamod:Defend","hexamod:Defend","hexamod:Defend","hexamod:Defend","hexamod:Sear","hexamod:Float+1","hexamod:RainOfEmbers+1","hexamod:GhostShield","hexamod:ExtraCrispy+1","hexamod:PhantomFireball","hexamod:NightmareGuise","Regret","hexamod:PhantomCloak","hexamod:DynamicBlow","hexamod:SoulSteal","hexamod:ForkedFlame+1","hexamod:InspiringFlames+1","hexamod:BurningTouch","hexamod:ThirdSeal","hexamod:HexaLevel","hexamod:StepThrough"],"relics":["hexamod:UnbrokenSoul","Toy Ornithopter","Happy Flower","Kunai","downfall:CloakOfManyFaces","CultistMask","FaceOfCleric","NlothsMask","GremlinMask","SsserpentHead"],"acts_visited":["Exordium","TheCity"],"potions_floor_usage":[16,16,16,23],"damage_taken":[{"damage":7.0,"enemies":"Small Slimes","floor":2.0,"turns":4.0},{"damage":0.0,"enemies":"Cultist","floor":4.0,"turns":3.0},{"damage":3.0,"enemies":"2 Louse","floor":5.0,"turns":3.0},{"damage":35,"enemies":"3 Sentries","floor":8,"turns":13},{"damage":4,"enemies":"Blue Slaver","floor":10,"turns":3},{"damage":9,"enemies":"2 Fungi Beasts","floor":13,"turns":3},{"damage":9,"enemies":"downfall:FaceTrader","floor":14,"turns":7},{"damage":20,"enemies":"3 Louse","floor":15,"turns":4},{"damage":26,"enemies":"DF_ARCHETYPE_STREAMLINE","floor":16,"turns":11},{"damage":15,"enemies":"Spheric Guardian","floor":19,"turns":5},{"damage":5,"enemies":"Chosen","floor":20,"turns":5},{"damage":19,"enemies":"Snecko","floor":21,"turns":5},{"damage":21,"enemies":"Centurion and Healer","floor":22,"turns":5},{"damage":34,"enemies":"Book of Stabbing","floor":23,"turns":4}],"seed_played":"4863838254065916632","potions_obtained":[{"floor":8,"key":"hexamod:DoubleChargePotion"},{"floor":14,"key":"Fire Potion"},{"floor":15,"key":"EssenceOfSteel"},{"floor":19,"key":"GamblersBrew"},{"floor":22,"key":"LiquidBronze"}],"is_trial":false,"path_per_floor":["R","M","?","M","M","R","T","E","R","M","?","R","M","?","M","B",null,"R","M","M","M","M","E"],"character_chosen":"THE_SPIRIT","items_purchased":[],"campfire_rested":1,"item_purchase_floors":[],"current_hp_per_floor":[77,70,70,70,67,67,67,32,32,28,28,51,42,33,14,4,79,79,65,61,43,23,0,0,0],"gold":583,"neow_bonus":"TEN_PERCENT_HP_BONUS","is_daily":false,"chose_seed":false,"campfire_upgraded":4,"win_rate":0.0,"timestamp":1611133996,"path_taken":["R","M","?","M","M","R","T","E","R","M","?","R","M","?","M","BOSS","R","M","?","?","M","E"],"items_purchased_type":[],"build_version":"2020-12-22","purchased_purges":0,"victory":false,"max_hp_per_floor":[77,77,77,77,77,77,77,77,77,77,77,77,77,77,78,79,79,79,80,81,82,83,83,83,83],"card_choices":[{"not_picked":["hexamod:HeatMetal","hexamod:Hexaguard"],"picked":"hexamod:RainOfEmbers","floor":2.0},{"not_picked":["hexamod:NightmareStrike","hexamod:GhostLash"],"picked":"hexamod:GhostShield","floor":4.0},{"not_picked":["hexamod:HeatCrush","hexamod:PhantomCloak"],"picked":"hexamod:ExtraCrispy","floor":5.0},{"not_picked":["hexamod:UnleashSpirits","hexamod:NecessarySacrifice"],"picked":"hexamod:PhantomFireball","floor":8},{"not_picked":["hexamod:Firestarter","hexamod:HeatShield"],"picked":"hexamod:NightmareGuise","floor":10},{"not_picked":["hexamod:SkipABeat","hexamod:Firestarter"],"picked":"hexamod:PhantomCloak","floor":13},{"not_picked":["hexamod:GhostLash","hexamod:NightmareStrike"],"picked":"hexamod:DynamicBlow","floor":14},{"not_picked":["hexamod:ThermalTransfer","hexamod:NecessarySacrifice"],"picked":"hexamod:SoulSteal","floor":15},{"not_picked":["hexamod:WildfireWeapon","hexamod:SearingWound"],"picked":"hexamod:ForkedFlame","floor":16},{"not_picked":["hexamod:ThermalTransfer","hexamod:HauntingEcho"],"picked":"hexamod:InspiringFlames+1","floor":19},{"not_picked":["hexamod:EtherealExpedition","hexamod:BacktrackSmack"],"picked":"hexamod:BurningTouch","floor":20},{"not_picked":["hexamod:NightmareGuise","hexamod:ShieldOfDarkness"],"picked":"hexamod:ThirdSeal","floor":21},{"not_picked":["hexamod:ShieldOfDarkness","hexamod:SpectersWail"],"picked":"hexamod:HexaLevel","floor":22},{"not_picked":["hexamod:BurningTouch","hexamod:ThermalTransfer"],"picked":"hexamod:StepThrough","floor":22}],"player_experience":96392,"relics_obtained":[{"floor":7.0,"key":"Toy Ornithopter"},{"floor":8,"key":"Happy Flower"},{"floor":14,"key":"downfall:CloakOfManyFaces"}],"event_choices":[{"damage_healed":0,"gold_gain":0,"player_choice":"Box","damage_taken":0,"relics_obtained":["Kunai"],"max_hp_gain":0,"max_hp_loss":0,"event_name":"Big Fish","floor":11,"gold_loss":0,"cards_obtained":["Regret"]}],"is_beta":false,"boss_relics":[{"not_picked":["Tiny House","bronze:MakeshiftBattery"],"picked":"hexamod:UnbrokenSoul"}],"items_purged_floors":[],"is_endless":false,"potions_floor_spawned":[8,14,15,19,22],"killed_by":"Book of Stabbing","ascension_level":0}}