{"host":"jyuuog6ydc2s7nd8","time":1611146161,"event":{"mods":["BaseMod","Better Vampires","Minty Spire (QoL Compilation)","Shop Mod","StSLib","The Hierophant","The Servant 0.9.4","TheBandit","[IsaacMod]ÒÔÈö¼âËþ"],"gold_per_floor":[112,74,86,156,72,72,100,100,100,133,133,144,169,262,262,336,336,350,330,330,330,347,347,361,361,361,361,361,392,402,402,402,476,476,486,486,486,486,519,519,548,558,582,582,582,615,644,672,672,672,672,672,672,672,703,703,703],"floor_reached":56,"language":"ZHS","playtime":1615,"items_purged":["Strike_R","Strike_R","Strike_R","Defend_R+1","Strike_R","Strike_R","Immolate","Defend_R+1","Bloodletting+1"],"score":2996,"play_id":"94914095-de94-420b-9191-10b14f2de271","local_time":"20210120203601","is_ascension_mode":true,"campfire_choices":[{"data":"Bash","floor":6.0,"key":"SMITH"},{"data":"True Grit","floor":15.0,"key":"SMITH"},{"data":"Body Slam","floor":23.0,"key":"SMITH"},{"data":"Pommel Strike","floor":28.0,"key":"SMITH"},{"data":"Battle Trance","floor":32.0,"key":"SMITH"},{"data":"Bloodletting","floor":40.0,"key":"SMITH"},{"data":"Feel No Pain","floor":45.0,"key":"SMITH"},{"floor":49.0,"key":"RECALL"},{"data":"1","floor":53.0,"key":"LIFT"}],"circlet_count":0,"master_deck":["AscendersBane","Bash+1","True Grit+1","Ghostly Armor","Pommel Strike+1","Feel No Pain+1","Body Slam+1","Battle Trance+1","Anger"],"relics":["Burning Blood","HushsDoor","SteamSale","Membership Card","FossilizedHelix","War Paint","YumHeart","DoctorsRemote","BelialBook","White Beast Statue","Busted Crown","JudasShadow","Lee\u0027s Waffle","TheBean","Red Skull","SatanicBible","Chemical X","Leech","Potion Belt","Sundial","Chaos","Ancient Tea Set","StrikeDummy","GuppysHairball","Busted Crown","ChampionBelt","Du-Vu Doll","Thread and Needle","Sozu","Dream Catcher","Oddly Smooth Stone","InkBottle","Black Blood","HornCleat","Girya","BookofShadows","Torii","Toolbox","HoveringKite","PokeGo"],"acts_visited":["TheCity","TheBeyond","TheEnding"],"potions_floor_usage":[],"damage_taken":[{"damage":8.0,"enemies":"2 Louse","floor":1.0,"turns":3.0},{"damage":7.0,"enemies":"Cultist","floor":3.0,"turns":4.0},{"damage":0.0,"enemies":"3 Sentries","floor":7.0,"turns":2.0},{"damage":0.0,"enemies":"Gremlin Nob","floor":10.0,"turns":3.0},{"damage":0.0,"enemies":"Jaw Worm","floor":12.0,"turns":5.0},{"damage":65.0,"enemies":"3 Sentries","floor":13.0,"turns":16.0},{"damage":0.0,"enemies":"Hexaghost","floor":16.0,"turns":8.0},{"damage":10.0,"enemies":"Spheric Guardian","floor":18.0,"turns":7.0},{"damage":0.0,"enemies":"2 Thieves","floor":22.0,"turns":2.0},{"damage":14.0,"enemies":"Cultist and Chosen","floor":24.0,"turns":6.0},{"damage":0.0,"enemies":"Book of Stabbing","floor":29.0,"turns":4.0},{"damage":0.0,"enemies":"Snecko","floor":30.0,"turns":3.0},{"damage":0.0,"enemies":"Collector","floor":33.0,"turns":3.0},{"damage":0.0,"enemies":"3 Darklings","floor":35.0,"turns":2.0},{"damage":0.0,"enemies":"Giant Head","floor":39.0,"turns":5.0},{"damage":0.0,"enemies":"Nemesis","floor":41.0,"turns":3.0},{"damage":0.0,"enemies":"Orb Walker","floor":42.0,"turns":1.0},{"damage":0.0,"enemies":"Reptomancer","floor":46.0,"turns":2.0},{"damage":0.0,"enemies":"Giant Head","floor":47.0,"turns":3.0},{"damage":0.0,"enemies":"Nemesis","floor":48.0,"turns":3.0},{"damage":0.0,"enemies":"Time Eater","floor":50.0,"turns":4.0},{"damage":0.0,"enemies":"Donu and Deca","floor":51.0,"turns":3.0},{"damage":0.0,"enemies":"Shield and Spear","floor":55.0,"turns":3.0},{"damage":0,"enemies":"Delirium","floor":56,"turns":1}],"seed_played":"1537915564893861369","potions_obtained":[{"floor":1.0,"key":"Block Potion"},{"floor":12.0,"key":"BlessingOfTheForge"},{"floor":16.0,"key":"SkillPotion"},{"floor":18.0,"key":"SpeedPotion"},{"floor":19.0,"key":"Block Potion"},{"floor":29.0,"key":"PowerPotion"},{"floor":30.0,"key":"Ancient Potion"},{"floor":33.0,"key":"Weak Potion"}],"is_trial":false,"path_per_floor":["M","$","M","?","$","R","E","?","T","E","?","M","E","?","R","B",null,"M","?","?","$","M","R","M","?","T","$","R","E","M","$","R","B",null,"M","?","?","$","M","R","E","M","T","$","R","M","E","M","R","B","B",null,"R","$","E","B"],"character_chosen":"IRONCLAD","items_purchased":["Membership Card","FossilizedHelix","Shrug It Off","War Paint","JudasShadow","Lee\u0027s Waffle","TheBean","Red Skull","Feel No Pain","Chemical X","Leech","Potion Belt","Chaos","Ancient Tea Set","StrikeDummy","Battle Trance","Bloodletting","GuppysHairball","ChampionBelt","Du-Vu Doll","Thread and Needle","Oddly Smooth Stone","InkBottle","Black Blood","Torii","Toolbox","HoveringKite","Anger"],"campfire_rested":0,"item_purchase_floors":[5,5,5,5,17,21,21,21,21,27,27,27,31,31,31,31,34,34,38,38,38,44,44,44,54,54,54,54],"current_hp_per_floor":[66,66,65,50,50,50,56,49,49,75,75,75,16,1,1,7,45,41,41,41,64,64,64,56,56,56,56,56,64,64,64,64,64,44,44,44,44,44,44,44,44,44,44,44,44,44,44,44,44,44,44,44,44,44,44,44,44],"gold":703,"neow_bonus":"RANDOM_COLORLESS","is_daily":false,"chose_seed":false,"campfire_upgraded":7,"win_rate":0.0,"timestamp":1611146161,"path_taken":["M","$","M","?","$","R","E","?","T","E","?","?","E","?","R","BOSS","M","?","?","?","?","R","M","?","T","$","R","E","M","$","R","BOSS","M","?","?","$","M","R","E","M","T","$","R","M","E","M","R","BOSS","BOSS","R","$","E","BOSS"],"items_purchased_type":["Relic","Relic","Card","Relic","Relic","Relic","Relic","Relic","Card","Relic","Relic","Relic","Card","Relic","Relic","Card","Card","Relic","Relic","Relic","Relic","Relic","Relic","Relic","Relic","Relic","Relic","Card"],"build_version":"2020-12-22","purchased_purges":9,"victory":false,"max_hp_per_floor":[75,75,75,75,75,75,75,75,75,75,75,75,75,75,75,75,57,57,57,57,64,64,64,64,64,64,64,64,64,64,64,64,64,44,44,44,44,44,44,44,44,44,44,44,44,44,44,44,44,44,44,44,44,44,44,44,44],"card_choices":[{"not_picked":["Impatience","Jack Of All Trades"],"picked":"Bomb","floor":0.0},{"not_picked":["Clothesline","Wild Strike","Rage"],"picked":"SKIP","floor":1.0},{"not_picked":["Infernal Blade","Whirlwind","Thunderclap"],"picked":"SKIP","floor":3.0},{"not_picked":["Dark Embrace","Searing Blow","Uppercut"],"picked":"SKIP","floor":7.0},{"not_picked":["Sentinel","Perfected Strike"],"picked":"True Grit","floor":10.0},{"not_picked":["Wild Strike","Reckless Charge","Havoc"],"picked":"SKIP","floor":12.0},{"not_picked":["Perfected Strike","Inflame","Shrug It Off"],"picked":"SKIP","floor":13.0},{"not_picked":["Brutality","Impervious"],"picked":"Immolate","floor":16.0},{"not_picked":[],"picked":"Ghostly Armor","floor":18.0},{"not_picked":[],"picked":"Body Slam","floor":22.0},{"not_picked":["Shrug It Off"],"picked":"SKIP","floor":24.0},{"not_picked":["Anger"],"picked":"SKIP","floor":29.0},{"not_picked":["Shrug It Off"],"picked":"SKIP","floor":30.0}],"player_experience":1865576,"relics_obtained":[{"floor":7.0,"key":"YumHeart"},{"floor":9.0,"key":"DoctorsRemote"},{"floor":10.0,"key":"BelialBook"},{"floor":13.0,"key":"White Beast Statue"},{"floor":26.0,"key":"SatanicBible"},{"floor":29.0,"key":"Sundial"},{"floor":39.0,"key":"Sozu"},{"floor":41.0,"key":"Dream Catcher"},{"floor":46.0,"key":"HornCleat"},{"floor":47.0,"key":"Girya"},{"floor":48.0,"key":"BookofShadows"},{"floor":55.0,"key":"PokeGo"}],"event_choices":[{"cards_removed":["Defend_R"],"damage_healed":0.0,"max_hp_gain":0.0,"max_hp_loss":0.0,"gold_gain":0.0,"event_name":"Golden Wing","player_choice":"Card Removal","floor":8.0,"gold_loss":0.0,"damage_taken":7.0},{"cards_removed":["Defend_R"],"damage_healed":0.0,"max_hp_gain":0.0,"max_hp_loss":0.0,"gold_gain":0.0,"event_name":"Living Wall","player_choice":"Forget","floor":11.0,"gold_loss":0.0,"damage_taken":0.0},{"damage_healed":0.0,"max_hp_gain":0.0,"max_hp_loss":0.0,"gold_gain":0.0,"event_name":"The Woman in Blue","player_choice":"Bought 1 Potion","floor":19.0,"gold_loss":0.0,"damage_taken":0.0},{"damage_healed":0.0,"max_hp_gain":0.0,"max_hp_loss":0.0,"gold_gain":0.0,"event_name":"The Library","player_choice":"Read","floor":20.0,"gold_loss":0.0,"damage_taken":0.0,"cards_obtained":["Pommel Strike"]},{"damage_healed":0.0,"max_hp_gain":0.0,"max_hp_loss":0.0,"gold_gain":0.0,"event_name":"Ghosts","player_choice":"Ignored","floor":25.0,"gold_loss":0.0,"damage_taken":0.0},{"cards_removed":["Shrug It Off"],"damage_healed":0.0,"max_hp_gain":0.0,"max_hp_loss":0.0,"gold_gain":0.0,"event_name":"Falling","player_choice":"Removed Skill","floor":36.0,"gold_loss":0.0,"damage_taken":0.0},{"damage_healed":0.0,"max_hp_gain":0.0,"max_hp_loss":0.0,"gold_gain":0.0,"event_name":"SecretPortal","player_choice":"Ignored","floor":37.0,"gold_loss":0.0,"damage_taken":0.0}],"is_beta":false,"boss_relics":[{"not_picked":["Runic Dome","Tiny House"],"picked":"Busted Crown"},{"not_picked":[]},{"not_picked":["Strange Spoon","Gremlin Horn"],"picked":"Diplopia"},{"not_picked":[]}],"items_purged_floors":[2,5,17,21,27,31,34,38,54],"is_endless":false,"potions_floor_spawned":[1,12,16,18,22,24,29,30,33,35,39,41,42,46,47,48,55],"killed_by":"Delirium","ascension_level":20}}