{"host":"bq4pt811tk9yrmjl","time":1611107908,"event":{"mods":["AchievementEnabler","BaseMod","Colored Map","Colored Powertips","Defuse TimeMaze Blight","Hermit","Minty Spire (QoL Compilation)","StSLib","SuperFastMode"],"gold_per_floor":[112,112,112,187,238,238,251,281,305,316,316,330,342,352,352,448,448,461,461,480,480,480,480,579,579,579,23,23,23,49,61,61,158,158,178,178,197,122,122,149,149,161,161,175,190,190,190,204,204,204,204,204,12,37,37,37],"floor_reached":55,"language":"ENG","playtime":1094,"items_purged":["Writhe"],"score":777,"play_id":"7014f064-71de-4982-98ae-7c7a6239c739","local_time":"20210119235828","is_ascension_mode":true,"campfire_choices":[{"floor":6.0,"key":"RECALL"},{"data":"Infinite Blades","floor":11.0,"key":"SMITH"},{"floor":15.0,"key":"REST"},{"data":"Accuracy","floor":23.0,"key":"SMITH"},{"data":"Neutralize","floor":25.0,"key":"SMITH"},{"data":"Blade Dance","floor":32.0,"key":"SMITH"},{"floor":49,"key":"REST"},{"data":"Blade Dance","floor":52,"key":"SMITH"}],"circlet_count":0,"master_deck":["Strike_G","Strike_G","Strike_G","Strike_G","Strike_G","Defend_G","Defend_G","Defend_G+1","Defend_G","Defend_G+1","Survivor","Neutralize+1","Terror+1","Accuracy+1","Infinite Blades+1","Blade Dance+1","Blade Dance+1","PiercingWail","Slice+1","Adrenaline","Noxious Fumes+1","Backflip+1","Cloak And Dagger+1","Dagger Spray+1"],"relics":["Ring of the Snake","NeowsBlessing","Kunai","Vajra","Juzu Bracelet","Black Star","MutagenicStrength","Question Card","CaptainsWheel","Frozen Eye","Boot","War Paint","Blood Vial","WristBlade","StrikeDummy","Potion Belt","Molten Egg 2","Gremlin Horn","TwistedFunnel","Letter Opener","Bronze Scales"],"acts_visited":["Exordium","TheCity","TheBeyond","TheEnding"],"potions_floor_usage":[42,44,55],"damage_taken":[{"damage":0.0,"enemies":"Cultist","floor":1.0,"turns":1.0},{"damage":0.0,"enemies":"Jaw Worm","floor":7.0,"turns":1.0},{"damage":0.0,"enemies":"Lagavulin","floor":8.0,"turns":1.0},{"damage":0.0,"enemies":"Small Slimes","floor":10.0,"turns":5.0},{"damage":4.0,"enemies":"Looter","floor":12.0,"turns":3.0},{"damage":0.0,"enemies":"3 Louse","floor":13.0,"turns":4.0},{"damage":0.0,"enemies":"Blue Slaver","floor":14.0,"turns":4.0},{"damage":7.0,"enemies":"The Guardian","floor":16.0,"turns":8.0},{"damage":1.0,"enemies":"Chosen","floor":18.0,"turns":4.0},{"damage":4.0,"enemies":"3 Byrds","floor":20.0,"turns":6.0},{"damage":0.0,"enemies":"Book of Stabbing","floor":30.0,"turns":4.0},{"damage":2.0,"enemies":"Snake Plant","floor":31.0,"turns":3.0},{"damage":36.0,"enemies":"Collector","floor":33.0,"turns":12.0},{"damage":10.0,"enemies":"Orb Walker","floor":35.0,"turns":3.0},{"damage":7.0,"enemies":"3 Darklings","floor":37.0,"turns":4.0},{"damage":0.0,"enemies":"Nemesis","floor":40.0,"turns":4.0},{"damage":15,"enemies":"Maw","floor":42,"turns":5},{"damage":0,"enemies":"4 Shapes","floor":44,"turns":2},{"damage":0,"enemies":"Jaw Worm Horde","floor":45,"turns":4},{"damage":11,"enemies":"Writhing Mass","floor":48,"turns":4},{"damage":27,"enemies":"Donu and Deca","floor":50,"turns":8},{"damage":30,"enemies":"Shield and Spear","floor":54,"turns":5},{"damage":65,"enemies":"The Heart","floor":55,"turns":3}],"seed_played":"-1974535308157154961","potions_obtained":[{"floor":8.0,"key":"PowerPotion"},{"floor":12.0,"key":"SkillPotion"},{"floor":16.0,"key":"DuplicationPotion"},{"floor":18.0,"key":"GhostInAJar"},{"floor":31.0,"key":"GamblersBrew"},{"floor":33.0,"key":"BlessingOfTheForge"},{"floor":35.0,"key":"PowerPotion"},{"floor":42,"key":"DistilledChaos"},{"floor":54,"key":"BlessingOfTheForge"}],"is_trial":false,"path_per_floor":["M","?","?","?","T","R","M","E","T","M","R","M","M","M","R","B",null,"M","?","M","$","?","R","?","R","T","$","?","?","E","M","R","B",null,"M","?","M","$","?","E","?","M","T","M","M","?","$","M","R","B",null,"R","$","E","B"],"character_chosen":"THE_SILENT","items_purchased":["CaptainsWheel","Block Potion","SkillPotion","Frozen Eye","TwistedFunnel","Dagger Spray+1"],"campfire_rested":2,"item_purchase_floors":[27,27,27,27,53,53],"current_hp_per_floor":[70,58,58,47,47,47,47,47,47,47,47,43,43,43,64,57,70,69,69,65,65,65,65,65,65,65,65,65,65,65,65,65,31,70,60,60,55,55,55,57,57,44,44,46,48,48,48,39,60,35,70,70,70,40,0,0],"gold":37,"neow_bonus":"THREE_ENEMY_KILL","is_daily":false,"chose_seed":false,"campfire_upgraded":5,"win_rate":0.0,"timestamp":1611107908,"path_taken":["M","?","?","?","?","R","M","E","T","M","R","M","M","M","R","BOSS","M","?","M","$","?","R","?","R","T","$","?","?","E","M","R","BOSS","M","?","M","$","?","E","?","M","T","M","M","?","?","M","R","BOSS","R","$","E","BOSS"],"items_purchased_type":["Relic","Potion","Potion","Relic","Relic","Card"],"build_version":"2020-12-22","purchased_purges":1,"victory":false,"max_hp_per_floor":[70,70,70,70,70,70,70,70,70,70,70,70,70,70,70,70,70,70,70,70,70,70,70,70,70,70,70,70,70,70,70,70,70,70,70,70,70,70,70,70,70,70,70,70,70,70,70,70,70,70,70,70,70,70,70,70],"card_choices":[{"not_picked":["Acrobatics","Prepared"],"picked":"Terror","floor":1.0},{"not_picked":["Terror","Bane"],"picked":"Accuracy","floor":7.0},{"not_picked":["Footwork","All Out Attack","Distraction"],"picked":"SKIP","floor":8.0},{"not_picked":["Bane","Prepared"],"picked":"Infinite Blades","floor":10.0},{"not_picked":["Venomology","Sucker Punch","Footwork"],"picked":"SKIP","floor":12.0},{"not_picked":["Terror","Bane","Quick Slash"],"picked":"SKIP","floor":13.0},{"not_picked":["Slice","Acrobatics"],"picked":"Blade Dance","floor":14.0},{"not_picked":["Backflip","Blur","Outmaneuver+1"],"picked":"SKIP","floor":18.0},{"not_picked":["Dodge and Roll","Bane"],"picked":"Blade Dance","floor":20.0},{"not_picked":["Flying Knee","Expertise","Dagger Throw","Escape Plan"],"picked":"SKIP","floor":30.0},{"not_picked":["Escape Plan","Sucker Punch","Backflip"],"picked":"PiercingWail","floor":31.0},{"not_picked":["Quick Slash+1","Bane+1","Dagger Throw"],"picked":"Slice+1","floor":35.0},{"not_picked":["Dagger Throw","Dodge and Roll+1","Poisoned Stab+1","Backflip+1"],"picked":"SKIP","floor":37.0},{"not_picked":["Quick Slash+1","Dagger Throw","PiercingWail","Infinite Blades+1"],"picked":"SKIP","floor":40.0},{"not_picked":["Underhanded Strike+1","Expertise+1","Backflip"],"picked":"Noxious Fumes+1","floor":42},{"not_picked":["Sucker Punch+1","Cloak And Dagger","Acrobatics+1"],"picked":"Backflip+1","floor":44},{"not_picked":["PiercingWail+1","Caltrops","Bane+1"],"picked":"Cloak And Dagger+1","floor":45},{"not_picked":["Deadly Poison+1","Crippling Poison","Storm of Steel","Noxious Fumes+1"],"picked":"SKIP","floor":48},{"not_picked":["Underhanded Strike+1","Slice+1","Poisoned Stab+1","Predator+1"],"picked":"SKIP","floor":54}],"player_experience":190086,"relics_obtained":[{"floor":5.0,"key":"Vajra"},{"floor":8.0,"key":"Juzu Bracelet"},{"floor":26.0,"key":"Question Card"},{"floor":30.0,"key":"War Paint"},{"floor":30.0,"key":"Blood Vial"},{"floor":40.0,"key":"StrikeDummy"},{"floor":40.0,"key":"Potion Belt"},{"floor":43,"key":"Gremlin Horn"},{"floor":54,"key":"Letter Opener"},{"floor":54,"key":"Bronze Scales"}],"event_choices":[{"damage_healed":0.0,"max_hp_gain":0.0,"max_hp_loss":0.0,"gold_gain":0.0,"event_name":"Scrap Ooze","player_choice":"Success","floor":2.0,"gold_loss":0.0,"damage_taken":12.0,"relics_obtained":["Kunai"]},{"damage_healed":0.0,"max_hp_gain":0.0,"max_hp_loss":0.0,"gold_gain":0.0,"event_name":"Golden Wing","player_choice":"Ignored","floor":3.0,"gold_loss":0.0,"damage_taken":0.0},{"damage_healed":0.0,"max_hp_gain":0.0,"max_hp_loss":0.0,"gold_gain":75.0,"event_name":"World of Goop","player_choice":"Gather Gold","floor":4.0,"gold_loss":0.0,"damage_taken":11.0},{"damage_healed":0.0,"max_hp_gain":0.0,"max_hp_loss":0.0,"gold_gain":0.0,"event_name":"Drug Dealer","player_choice":"Inject Mutagens","floor":19.0,"gold_loss":0.0,"damage_taken":0.0,"relics_obtained":["MutagenicStrength"]},{"damage_healed":0.0,"max_hp_gain":0.0,"max_hp_loss":0.0,"gold_gain":0.0,"event_name":"Vampires","player_choice":"Ignored","floor":22.0,"gold_loss":0.0,"damage_taken":0.0},{"damage_healed":0.0,"max_hp_gain":0.0,"max_hp_loss":0.0,"gold_gain":99.0,"event_name":"Nest","player_choice":"Stole From Cult","floor":24.0,"gold_loss":0.0,"damage_taken":0.0},{"damage_healed":0.0,"max_hp_gain":0.0,"max_hp_loss":0.0,"gold_gain":0.0,"event_name":"The Mausoleum","player_choice":"Opened","floor":28.0,"gold_loss":0.0,"damage_taken":0.0,"relics_obtained":["Boot"],"cards_obtained":["Writhe"]},{"damage_healed":0.0,"max_hp_gain":0.0,"max_hp_loss":0.0,"gold_gain":0.0,"event_name":"Accursed Blacksmith","player_choice":"Forge","floor":29.0,"gold_loss":0.0,"damage_taken":0.0,"cards_upgraded":["Terror"]},{"damage_healed":0.0,"max_hp_gain":0.0,"max_hp_loss":0.0,"gold_gain":0.0,"event_name":"Match and Keep!","player_choice":"1 cards matched","floor":36.0,"gold_loss":0.0,"damage_taken":0.0,"cards_obtained":["Adrenaline"]},{"damage_healed":0.0,"max_hp_gain":0.0,"max_hp_loss":0.0,"gold_gain":0.0,"event_name":"Mysterious Sphere","player_choice":"Ignored","floor":39.0,"gold_loss":0.0,"damage_taken":0.0},{"damage_healed":0,"gold_gain":0,"player_choice":"Gave Potion","damage_taken":0,"relics_obtained":["Molten Egg 2"],"max_hp_gain":0,"max_hp_loss":0,"event_name":"WeMeetAgain","floor":41,"gold_loss":0},{"damage_healed":0,"gold_gain":0,"player_choice":"0 cards matched","damage_taken":0,"max_hp_gain":0,"max_hp_loss":0,"event_name":"Match and Keep!","floor":46,"gold_loss":0,"cards_obtained":[]}],"is_beta":false,"boss_relics":[{"not_picked":["HoveringKite","Runic Dome"],"picked":"Black Star"},{"not_picked":["SlaversCollar","Sozu"],"picked":"WristBlade"}],"items_purged_floors":[38],"is_endless":false,"potions_floor_spawned":[8,12,16,18,31,33,35,42,54],"killed_by":"The Heart","ascension_level":1}}