{"host":"c3lc60y5x60jlt1y","time":1611178533,"event":{"mods":["AchievementEnabler","BaseMod","Bestiary","Colored Map","Minty Spire (QoL Compilation)","Quick Restart","StSLib","ojb\u0027s Info Mod"],"gold_per_floor":[119,119,119,119,38,74,94,94,121,121,141,183,209,248,248,330,330,354,363,363,385,96,96,130,130,130,158,29,68,68,68],"floor_reached":30,"language":"ENG","playtime":1300,"items_purged":["Strike_B+1"],"score":477,"play_id":"39574a92-3e83-4884-a581-58576dbf2121","local_time":"20210120233533","is_ascension_mode":true,"campfire_choices":[{"data":"Defragment","floor":8,"key":"SMITH"},{"data":"Sunder","floor":10,"key":"SMITH"},{"data":"Static Discharge","floor":15,"key":"SMITH"},{"data":"Capacitor","floor":23,"key":"SMITH"},{"data":"Electrodynamics","floor":25,"key":"SMITH"}],"circlet_count":0,"master_deck":["AscendersBane","Strike_B+1","Strike_B+1","Defend_B+1","Defend_B+1","Defend_B+1","Defend_B+1","Zap","Dualcast","Sunder+1","Static Discharge+1","Defragment+1","Compile Driver","Tempest","Beam Cell+1","Seek","Conserve Battery","Turbo","Electrodynamics+1","Coolheaded","Coolheaded","Genetic Algorithm","Capacitor+1","All For One","Fusion","Consume","Capacitor","Flash of Steel","Leap"],"relics":["FrozenCore","NeowsBlessing","Matryoshka","CeramicFish","Dream Catcher","Tiny Chest","Whetstone","Art of War","Sling","The Courier","Nunchaku","Cables","Red Mask"],"acts_visited":["Exordium","TheCity"],"potions_floor_usage":[14,24,27],"damage_taken":[{"damage":0,"enemies":"Jaw Worm","floor":1,"turns":1},{"damage":0,"enemies":"Lagavulin","floor":6,"turns":1},{"damage":0,"enemies":"2 Louse","floor":7,"turns":1},{"damage":21,"enemies":"Small Slimes","floor":11,"turns":2},{"damage":16,"enemies":"Gremlin Nob","floor":12,"turns":3},{"damage":7,"enemies":"2 Fungi Beasts","floor":13,"turns":2},{"damage":3,"enemies":"3 Sentries","floor":14,"turns":3},{"damage":14,"enemies":"The Guardian","floor":16,"turns":9},{"damage":9,"enemies":"Chosen","floor":18,"turns":4},{"damage":20,"enemies":"2 Thieves","floor":21,"turns":4},{"damage":18,"enemies":"Book of Stabbing","floor":24,"turns":4},{"damage":4,"enemies":"Centurion and Healer","floor":27,"turns":4},{"damage":4,"enemies":"Masked Bandits","floor":29,"turns":2},{"damage":14,"enemies":"Slavers","floor":30,"turns":2}],"seed_played":"-6250833984173104575","potions_obtained":[{"floor":6,"key":"PowerPotion"},{"floor":11,"key":"SmokeBomb"},{"floor":12,"key":"Ancient Potion"},{"floor":18,"key":"LiquidBronze"},{"floor":24,"key":"SkillPotion"},{"floor":29,"key":"Fruit Juice"}],"is_trial":false,"path_per_floor":["M","?","?","?","$","E","M","R","T","R","M","E","M","E","R","B",null,"M","?","?","M","$","R","E","R","T","M","$","?","E"],"character_chosen":"DEFECT","items_purchased":["Defragment","Sling","Capacitor","Consume","Capacitor","Flash of Steel"],"campfire_rested":0,"item_purchase_floors":[5,22,22,28,28,28],"current_hp_per_floor":[68,65,70,70,70,70,70,70,70,70,49,33,26,23,23,9,62,53,53,53,33,33,33,15,15,15,11,11,7,0,0],"gold":68,"neow_bonus":"THREE_ENEMY_KILL","is_daily":false,"chose_seed":false,"campfire_upgraded":5,"win_rate":0.0,"timestamp":1611178533,"path_taken":["M","?","?","?","$","E","M","R","T","R","M","E","M","E","R","BOSS","M","?","?","M","$","R","E","R","T","M","$","?","E"],"items_purchased_type":["Card","Relic","Card","Card","Card","Card"],"build_version":"2020-12-22","purchased_purges":1,"victory":false,"max_hp_per_floor":[75,75,80,80,80,80,80,80,80,80,80,80,80,80,80,80,80,80,80,80,80,80,80,80,80,80,80,80,80,80,80],"card_choices":[{"not_picked":["Gash","Capacitor"],"picked":"Sunder","floor":1},{"not_picked":["Reprogram","Scrape"],"picked":"Compile Driver","floor":6},{"not_picked":["Redo","Compile Driver"],"picked":"Tempest","floor":7},{"not_picked":["Hologram","Cold Snap"],"picked":"Beam Cell","floor":11},{"not_picked":["Coolheaded","Hologram"],"picked":"Seek","floor":12},{"not_picked":["Compile Driver","Gash"],"picked":"Conserve Battery","floor":13},{"not_picked":["Tempest","Redo"],"picked":"Turbo","floor":14},{"not_picked":["Meteor Strike","Multi-Cast"],"picked":"Electrodynamics","floor":16},{"not_picked":["Steam","Go for the Eyes"],"picked":"Coolheaded","floor":18},{"not_picked":["Gash","Aggregate"],"picked":"Genetic Algorithm","floor":21},{"not_picked":["Turbo","Gash"],"picked":"All For One","floor":24},{"not_picked":["Aggregate","Steam Power"],"picked":"Fusion","floor":27},{"not_picked":["Heatsinks+1","Beam Cell"],"picked":"Leap","floor":29}],"player_experience":8208667,"relics_obtained":[{"floor":6,"key":"CeramicFish"},{"floor":9,"key":"Dream Catcher"},{"floor":9,"key":"Tiny Chest"},{"floor":12,"key":"Whetstone"},{"floor":14,"key":"Art of War"},{"floor":24,"key":"The Courier"},{"floor":26,"key":"Nunchaku"},{"floor":26,"key":"Cables"},{"floor":29,"key":"Red Mask"}],"event_choices":[{"damage_healed":0,"gold_gain":0,"player_choice":"Success","damage_taken":3,"relics_obtained":["Matryoshka"],"max_hp_gain":0,"max_hp_loss":0,"event_name":"Scrap Ooze","floor":2,"gold_loss":0},{"damage_healed":0,"gold_gain":0,"player_choice":"Donut","damage_taken":0,"max_hp_gain":5,"max_hp_loss":0,"event_name":"Big Fish","floor":3,"gold_loss":0},{"damage_healed":0,"gold_gain":0,"cards_transformed":["Strike_B"],"player_choice":"Change","damage_taken":0,"max_hp_gain":0,"max_hp_loss":0,"event_name":"Living Wall","floor":4,"gold_loss":0,"cards_obtained":["Static Discharge"]},{"damage_healed":0,"gold_gain":0,"player_choice":"Read","damage_taken":0,"max_hp_gain":0,"max_hp_loss":0,"event_name":"The Library","floor":19,"gold_loss":0,"cards_obtained":["Coolheaded"]},{"damage_healed":0,"gold_gain":0,"player_choice":"Simplicity","damage_taken":0,"max_hp_gain":0,"max_hp_loss":0,"event_name":"Back to Basics","floor":20,"gold_loss":0,"cards_upgraded":["Strike_B","Strike_B","Defend_B","Defend_B","Defend_B","Defend_B"]},{"damage_healed":0,"gold_gain":0,"player_choice":"Fought Bandits","damage_taken":0,"max_hp_gain":0,"max_hp_loss":0,"event_name":"Masked Bandits","floor":29,"gold_loss":0}],"is_beta":false,"boss_relics":[{"not_picked":["Busted Crown","Sozu"],"picked":"FrozenCore"}],"items_purged_floors":[22],"is_endless":false,"potions_floor_spawned":[6,11,12,18,24,29],"killed_by":"Slavers","ascension_level":13}}