{"host":"f0gpob8hq9vgebej","time":1611148143,"event":{"mods":["AchievementEnabler","BaseMod","Minty Spire (QoL Compilation)","Quick Restart","SuperFastMode"],"gold_per_floor":[119,137,17,34,47,78,78,112,194,208,235,235,263,275,275,377,377,391,391,409,71,86,86,119,119,145,145,145,165,197,5,5,119,119,130,139,161,172,184,184,225,239,265,265,52,52,68,100,100,100],"floor_reached":51,"language":"KOR","playtime":1582,"items_purged":["Normality","Strike_R","Writhe","Strike_R"],"score":1382,"play_id":"99c2bf48-5598-4656-9761-65fdf9ccea6b","local_time":"20210120220903","is_ascension_mode":true,"campfire_choices":[{"data":"Demon Form","floor":7.0,"key":"SMITH"},{"data":"Body Slam","floor":12.0,"key":"SMITH"},{"data":"Armaments","floor":15.0,"key":"SMITH"},{"data":"Barricade","floor":23.0,"key":"SMITH"},{"data":"Shrug It Off","floor":25,"key":"SMITH"},{"data":"Fire Breathing","floor":28,"key":"SMITH"},{"floor":32,"key":"REST"},{"data":"Power Through","floor":40,"key":"SMITH"},{"data":"Impervious","floor":44,"key":"SMITH"},{"floor":49,"key":"REST"}],"circlet_count":0,"master_deck":["AscendersBane","Strike_R","Strike_R","Strike_R","Defend_R","Defend_R","Defend_R+1","Defend_R","Bash","Armaments+1","Spot Weakness","Shrug It Off+1","Fire Breathing+1","Rampage","Demon Form+1","Body Slam+1","Impervious","Shrug It Off","Impervious+1","Flex+1","Barricade+1","Power Through+1","Ghostly Armor+1","Bloodletting+1","Evolve","Offering+1","Shrug It Off+1","Pummel+1","Shrug It Off+1","Burning Pact"],"relics":["Burning Blood","Thread and Needle","Bottled Flame","Lizard Tail","StrikeDummy","Akabeko","Bag of Preparation","Black Star","Torii","Regal Pillow","MealTicket","Art of War","CeramicFish","Tiny Chest","Mark of Pain","War Paint","PreservedInsect","Red Skull","Singing Bowl","Du-Vu Doll","Toy Ornithopter"],"acts_visited":["Exordium","TheCity","TheBeyond"],"potions_floor_usage":[24,30,35,35,42,50,50],"damage_taken":[{"damage":1.0,"enemies":"Small Slimes","floor":1.0,"turns":4.0},{"damage":3.0,"enemies":"Jaw Worm","floor":2.0,"turns":4.0},{"damage":4.0,"enemies":"Cultist","floor":4.0,"turns":5.0},{"damage":0.0,"enemies":"Red Slaver","floor":5.0,"turns":6.0},{"damage":18.0,"enemies":"Lagavulin","floor":6.0,"turns":8.0},{"damage":3.0,"enemies":"3 Sentries","floor":8.0,"turns":6.0},{"damage":0.0,"enemies":"Large Slime","floor":10.0,"turns":6.0},{"damage":6.0,"enemies":"Lagavulin","floor":11.0,"turns":7.0},{"damage":12.0,"enemies":"Gremlin Nob","floor":13.0,"turns":3.0},{"damage":13.0,"enemies":"Exordium Thugs","floor":14.0,"turns":5.0},{"damage":0.0,"enemies":"Hexaghost","floor":16.0,"turns":8.0},{"damage":8.0,"enemies":"Chosen","floor":18.0,"turns":6.0},{"damage":4.0,"enemies":"3 Byrds","floor":20.0,"turns":7.0},{"damage":39.0,"enemies":"Sentry and Sphere","floor":22.0,"turns":7.0},{"damage":31,"enemies":"Slavers","floor":24,"turns":7},{"damage":10,"enemies":"Snake Plant","floor":29,"turns":9},{"damage":82,"enemies":"Gremlin Leader","floor":30,"turns":10},{"damage":5,"enemies":"Collector","floor":33,"turns":13},{"damage":20,"enemies":"3 Darklings","floor":35,"turns":7},{"damage":0,"enemies":"3 Shapes","floor":37,"turns":5},{"damage":31,"enemies":"Writhing Mass","floor":38,"turns":11},{"damage":6,"enemies":"Maw","floor":39,"turns":6},{"damage":9,"enemies":"Reptomancer","floor":41,"turns":10},{"damage":15,"enemies":"3 Darklings","floor":42,"turns":8},{"damage":16,"enemies":"4 Shapes","floor":47,"turns":6},{"damage":6,"enemies":"Nemesis","floor":48,"turns":7},{"damage":42,"enemies":"Awakened One","floor":50,"turns":12}],"seed_played":"8084649198402727509","potions_obtained":[{"floor":4.0,"key":"Weak Potion"},{"floor":10.0,"key":"FearPotion"},{"floor":11.0,"key":"EssenceOfSteel"},{"floor":13.0,"key":"SpeedPotion"},{"floor":18.0,"key":"PowerPotion"},{"floor":30,"key":"LiquidMemories"},{"floor":33,"key":"Block Potion"},{"floor":35,"key":"PowerPotion"},{"floor":39,"key":"Swift Potion"},{"floor":42,"key":"LiquidBronze"},{"floor":48,"key":"DuplicationPotion"}],"is_trial":false,"path_per_floor":["M","M","$","M","M","E","R","E","T","M","E","R","E","M","R","B",null,"M","?","M","$","M","R","E","R","T","?","R","M","E","$","R","B",null,"M","?","M","M","M","R","E","M","T","R","$","T","M","E","R","B",null],"character_chosen":"IRONCLAD","items_purchased":["Shrug It Off","Barricade","Power Through","Evolve","Burning Pact"],"campfire_rested":2,"item_purchase_floors":[3,21,21,31,45],"current_hp_per_floor":[77,80,80,80,80,68,68,71,71,77,77,77,71,64,64,70,78,76,76,78,78,48,48,23,23,23,93,93,89,13,28,70,71,88,74,74,80,55,55,55,52,43,43,43,58,58,50,52,96,66],"gold":100,"neow_bonus":"ONE_RARE_RELIC","is_daily":false,"chose_seed":false,"campfire_upgraded":8,"win_rate":0.0,"timestamp":1611148143,"path_taken":["M","M","$","M","M","E","R","E","T","M","E","R","E","M","R","BOSS","M","?","M","$","M","R","E","R","T","?","R","?","E","?","R","BOSS","M","?","M","M","M","R","E","M","T","R","?","?","M","E","R","BOSS"],"items_purchased_type":["Card","Card","Card","Card","Card"],"build_version":"2020-12-22","purchased_purges":4,"victory":true,"max_hp_per_floor":[80,80,80,80,80,80,80,80,80,80,80,80,80,80,80,80,80,80,80,80,80,83,83,83,83,83,93,93,93,93,93,93,93,93,93,93,93,93,93,93,93,93,93,93,93,93,95,97,97,97],"card_choices":[{"not_picked":["True Grit","Headbutt"],"picked":"Armaments","floor":1.0},{"not_picked":["Thunderclap","Clothesline"],"picked":"Spot Weakness","floor":2.0},{"not_picked":["Armaments","Searing Blow"],"picked":"Fire Breathing","floor":4.0},{"not_picked":["Armaments","Anger"],"picked":"Rampage","floor":5.0},{"not_picked":["Iron Wave","Flex"],"picked":"Demon Form","floor":6.0},{"not_picked":["Twin Strike","Blood for Blood"],"picked":"Body Slam","floor":8.0},{"not_picked":["Cleave","Anger","Rampage"],"picked":"SKIP","floor":10.0},{"not_picked":["Blood for Blood","Heavy Blade"],"picked":"Feed","floor":11.0},{"not_picked":["Evolve","Perfected Strike"],"picked":"Impervious","floor":13.0},{"not_picked":["Thunderclap","Disarm"],"picked":"Shrug It Off","floor":14.0},{"not_picked":["Bludgeon","Brutality"],"picked":"Impervious","floor":16.0},{"not_picked":["Perfected Strike","Flex+1","Dark Embrace"],"picked":"SKIP","floor":18.0},{"not_picked":["Perfected Strike","Dark Embrace"],"picked":"Flex+1","floor":18.0},{"not_picked":["Cleave","Armaments","Dark Embrace"],"picked":"SKIP","floor":20.0},{"not_picked":["Rupture+1","Rampage","True Grit"],"picked":"SKIP","floor":22.0},{"not_picked":["Pommel Strike","Infernal Blade"],"picked":"Ghostly Armor+1","floor":24},{"not_picked":["Barricade","Intimidate"],"picked":"Bloodletting+1","floor":29},{"not_picked":["Heavy Blade","Rampage","Headbutt+1"],"picked":"SKIP","floor":30},{"not_picked":["Fiend Fire","Immolate"],"picked":"Offering","floor":33},{"not_picked":["Clothesline","Pommel Strike","Headbutt"],"picked":"SKIP","floor":35},{"not_picked":["Searing Blow+1","Heavy Blade+1"],"picked":"Pummel+1","floor":37},{"not_picked":["Flame Barrier","Havoc","Iron Wave+1"],"picked":"SKIP","floor":38},{"not_picked":["Clash+1","Dark Embrace+1","Thunderclap"],"picked":"SKIP","floor":39},{"not_picked":["Feel No Pain","Uppercut"],"picked":"Shrug It Off+1","floor":41},{"not_picked":["Ghostly Armor+1","Second Wind","Heavy Blade+1"],"picked":"SKIP","floor":42},{"not_picked":["Anger+1","Dropkick+1","Reckless Charge"],"picked":"Singing Bowl","floor":47},{"not_picked":["Rampage+1","Heavy Blade+1","Clash+1"],"picked":"Singing Bowl","floor":48}],"player_experience":182630,"relics_obtained":[{"floor":6.0,"key":"Bottled Flame"},{"floor":8.0,"key":"Lizard Tail"},{"floor":9.0,"key":"StrikeDummy"},{"floor":11.0,"key":"Akabeko"},{"floor":13.0,"key":"Bag of Preparation"},{"floor":24,"key":"Regal Pillow"},{"floor":24,"key":"MealTicket"},{"floor":26,"key":"Art of War"},{"floor":30,"key":"CeramicFish"},{"floor":30,"key":"Tiny Chest"},{"floor":41,"key":"War Paint"},{"floor":41,"key":"PreservedInsect"},{"floor":43,"key":"Red Skull"},{"floor":46,"key":"Singing Bowl"},{"floor":48,"key":"Du-Vu Doll"},{"floor":48,"key":"Toy Ornithopter"}],"event_choices":[{"damage_healed":0.0,"max_hp_gain":0.0,"max_hp_loss":0.0,"gold_gain":0.0,"event_name":"The Mausoleum","player_choice":"Opened","floor":19.0,"gold_loss":0.0,"damage_taken":0.0,"relics_obtained":["Torii"],"cards_obtained":["Writhe"]},{"cards_removed":["Feed"],"damage_healed":60,"gold_gain":0,"player_choice":"Offered Rare","damage_taken":0,"max_hp_gain":10,"max_hp_loss":0,"event_name":"Bonfire Elementals","floor":27,"gold_loss":0},{"damage_healed":0,"gold_gain":0,"player_choice":"Copied","damage_taken":0,"max_hp_gain":0,"max_hp_loss":0,"event_name":"Duplicator","floor":36,"gold_loss":0,"cards_obtained":["Shrug It Off"]}],"is_beta":false,"boss_relics":[{"not_picked":["SacredBark","Cursed Key"],"picked":"Black Star"},{"not_picked":["Runic Cube","Busted Crown"],"picked":"Mark of Pain"}],"items_purged_floors":[3,21,31,45],"is_endless":false,"potions_floor_spawned":[4,6,10,11,13,18,22,30,33,35,39,42,48],"ascension_level":11}}