{"host":"eejrqhjknvwl59ep","time":1611156473,"event":{"mods":["AchievementEnabler","BaseMod","Defuse TimeMaze Blight","Hubris","Infinite Spire","Minty Spire (QoL Compilation)","StSLib"],"gold_per_floor":[110,110,110,39,51,51,1,1,27,27,27,27,62,94,94,191,191,203,203,128,15,15,15,32,32,56,89,89,116,116,76,76,76,76],"floor_reached":33,"language":"ENG","playtime":1274,"items_purged":[],"score":433,"play_id":"c8f79b19-f099-4ffd-93d7-54d201e68ea5","local_time":"20210120162753","daily_mods":["SealedDeck","Heirloom","Flight"],"is_ascension_mode":false,"campfire_choices":[{"data":"Cloak And Dagger","floor":6,"key":"SMITH"},{"data":"Noxious Fumes","floor":10,"key":"SMITH"},{"data":"Backflip","floor":15,"key":"SMITH"},{"data":"Accuracy","floor":23,"key":"SMITH"},{"data":"hubris:Sniper","floor":25,"key":"SMITH"},{"data":"Deadly Poison","floor":28,"key":"SMITH"},{"data":"Envenom","floor":32,"key":"SMITH"}],"circlet_count":0,"master_deck":["Leg Sweep","PiercingWail","Deadly Poison+1","Acrobatics","Backflip+1","Cloak And Dagger+1","Well Laid Plans+1","Deadly Poison","Noxious Fumes+1","Escape Plan+1","Accuracy+1","Dodge and Roll","infinitespire:Fortify","After Image","PiercingWail","Accuracy+1","hubris:Sniper+1","Backflip","Envenom+1"],"relics":["Ring of the Serpent","Tingsha","FossilizedHelix","WarpedTongs","hubris:Towel","Vajra","The Specimen","hubris:GlazedTorus","hubris:BottledHeart","Smiling Mask","hubris:PeanutButter","infinitespire:Golems Mask","hubris:ScarierMask","Peace Pipe"],"acts_visited":["Exordium","TheCity"],"potions_floor_usage":[],"damage_taken":[{"damage":0,"enemies":"Jaw Worm","floor":1,"turns":3},{"damage":8,"enemies":"Cultist","floor":5,"turns":3},{"damage":0,"enemies":"Gremlin Nob","floor":13,"turns":5},{"damage":0,"enemies":"Lagavulin","floor":14,"turns":4},{"damage":0,"enemies":"Hexaghost","floor":16,"turns":8},{"damage":0,"enemies":"3 Byrds","floor":18,"turns":5},{"damage":0,"enemies":"Chosen","floor":24,"turns":3},{"damage":0,"enemies":"Slavers","floor":27,"turns":5},{"damage":0,"enemies":"Nightmare","floor":29,"turns":7},{"damage":5,"enemies":"hubris:MusketHawk","floor":33,"turns":7}],"seed_played":"-4356880088715922401","potions_obtained":[{"floor":13,"key":"Block Potion"},{"floor":29,"key":"CultistPotion"}],"is_trial":true,"path_per_floor":["M","?","?","$","M","R","?","?","T","R","?","$","E","E","R","B",null,"M","?","?","$","?","R","M","R","T","E","R","NM","AVR","?","R","B"],"character_chosen":"THE_SILENT","items_purchased":["Accuracy","Accuracy","hubris:Sniper"],"campfire_rested":0,"item_purchase_floors":[4,21,21],"current_hp_per_floor":[70,58,58,58,50,50,50,50,50,50,33,33,33,33,33,33,70,70,1,1,1,1,1,1,1,1,1,1,1,1,1,1,0,0],"gold":76,"neow_bonus":"","is_daily":false,"chose_seed":false,"campfire_upgraded":7,"win_rate":0.0,"timestamp":1611156473,"path_taken":["M","?","?","$","?","R","?","?","T","R","?","?","E","E","R","BOSS","M","?","?","$","?","R","?","R","T","E","R","NM","AVR","?","R","BOSS"],"items_purchased_type":["Card","Card","Card"],"build_version":"2020-12-22","purchased_purges":0,"victory":false,"max_hp_per_floor":[70,70,70,70,70,70,70,70,70,70,70,70,70,70,70,70,70,70,1,1,1,1,1,1,1,1,1,1,1,1,1,1,1,1],"card_choices":[{"not_picked":["Blade Dance","Underhanded Strike"],"picked":"Escape Plan","floor":1},{"not_picked":["Crippling Poison","PiercingWail"],"picked":"Dodge and Roll","floor":5},{"not_picked":["infinitespire:Execution","infinitespire:FutureSight"],"picked":"infinitespire:Fortify","floor":11},{"not_picked":["All Out Attack","Sucker Punch","Crippling Poison"],"picked":"SKIP","floor":13},{"not_picked":["Reflex","Skewer","Crippling Poison"],"picked":"SKIP","floor":14},{"not_picked":["Adrenaline","Phantasmal Killer"],"picked":"After Image","floor":16},{"not_picked":["Slice+1","Poisoned Stab"],"picked":"PiercingWail","floor":18},{"not_picked":["Well Laid Plans","Masterful Stab"],"picked":"Backflip","floor":24},{"not_picked":["Crippling Poison","Flechettes","Slice+1"],"picked":"SKIP","floor":27},{"not_picked":["Cloak And Dagger","Underhanded Strike"],"picked":"Envenom","floor":29}],"player_experience":247746,"relics_obtained":[{"floor":9,"key":"Vajra"},{"floor":13,"key":"The Specimen"},{"floor":14,"key":"hubris:GlazedTorus"},{"floor":26,"key":"Smiling Mask"},{"floor":27,"key":"hubris:PeanutButter"},{"floor":29,"key":"infinitespire:Golems Mask"}],"event_choices":[{"damage_healed":0,"gold_gain":0,"player_choice":"Success","damage_taken":12,"relics_obtained":["FossilizedHelix"],"max_hp_gain":0,"max_hp_loss":0,"event_name":"Scrap Ooze","floor":2,"gold_loss":0},{"damage_healed":0,"gold_gain":0,"player_choice":"Rummage","damage_taken":0,"relics_obtained":["WarpedTongs"],"max_hp_gain":0,"max_hp_loss":0,"event_name":"Accursed Blacksmith","floor":3,"gold_loss":0,"cards_obtained":["Pain"]},{"cards_removed":["Pain"],"damage_healed":0,"gold_gain":0,"player_choice":"Card Removal","damage_taken":0,"max_hp_gain":0,"max_hp_loss":0,"event_name":"The Cleric","floor":7,"gold_loss":50},{"cards_removed":["Bane"],"damage_healed":0,"gold_gain":0,"player_choice":"Gave Gold","damage_taken":0,"max_hp_gain":0,"max_hp_loss":0,"event_name":"Beggar","floor":20,"gold_loss":75},{"damage_healed":0,"gold_gain":0,"player_choice":"Upgraded Two","damage_taken":0,"max_hp_gain":0,"max_hp_loss":0,"event_name":"Designer","floor":31,"gold_loss":40,"cards_upgraded":["Well Laid Plans","Escape Plan"]}],"is_beta":false,"boss_relics":[{"not_picked":["hubris:TerracottaHorce","hubris:HollowSoul"],"picked":"Ring of the Serpent"}],"items_purged_floors":[],"is_endless":false,"potions_floor_spawned":[13,29],"killed_by":"hubris:MusketHawk","ascension_level":0}}