{"host":"fmb9x04chdot191d","time":1611131284,"event":{"mods":["2.2 Compatiblity","AchievementEnabler","BaseMod","Downfall","Marisa（霧雨　魔理沙）","Minty Spire (QoL Compilation)","Quick Restart","Rare Cards Sparkle","StSLib","[IsaacMod]以撒尖塔"],"gold_per_floor":[115,165,184,34,48,48,75,40,63,83,83,116,128,151,163,278,290,302,302],"floor_reached":18,"language":"ENG","playtime":1072,"items_purged":[],"score":170,"play_id":"2daf1ecb-0be4-43b9-9447-58cb2a4fee82","local_time":"20210120212804","is_ascension_mode":false,"campfire_choices":[{"data":"Fiend Fire","floor":6.0,"key":"SMITH"},{"floor":13,"key":"REST"},{"data":"Double Tap","floor":15,"key":"SMITH"}],"circlet_count":0,"master_deck":["Strike_R","Strike_R","Strike_R","Strike_R","Strike_R","Defend_R","Defend_R","Defend_R","Defend_R","Bash","Reaper","Fiend Fire+1","Rage","Double Tap+1","Warcry","Flex","Corruption"],"relics":["Burning Blood","HushsDoor","NeowsBlessing","MoneyPower","Shuriken","Lantern","Membership Card","Letter Opener","Strawberry","MawBank","bronze:MakeshiftBattery"],"acts_visited":["Exordium","TheCity"],"potions_floor_usage":[10],"damage_taken":[{"damage":0.0,"enemies":"Jaw Worm","floor":1.0,"turns":1.0},{"damage":0.0,"enemies":"Hiden Room Battle","floor":2.0,"turns":1.0},{"damage":0.0,"enemies":"Cultist","floor":3.0,"turns":1.0},{"damage":7.0,"enemies":"2 Louse","floor":5.0,"turns":2.0},{"damage":26.0,"enemies":"3 Sentries","floor":7.0,"turns":7.0},{"damage":6,"enemies":"Large Slime","floor":10,"turns":3},{"damage":32,"enemies":"Gremlin Nob","floor":12,"turns":4},{"damage":13,"enemies":"Red Slaver","floor":14,"turns":2},{"damage":54,"enemies":"Hexaghost","floor":16,"turns":8},{"damage":27,"enemies":"3 Byrds","floor":18,"turns":4}],"seed_played":"-8249130874599464221","potions_obtained":[{"floor":2.0,"key":"Block Potion"},{"floor":3.0,"key":"FearPotion"},{"floor":7.0,"key":"ElixirPotion"},{"floor":12,"key":"ElixirPotion"}],"is_trial":false,"path_per_floor":["M","?","M","$","M","R","E","?","T","M","?","E","R","M","R","B",null,"M"],"character_chosen":"IRONCLAD","items_purchased":["Membership Card"],"campfire_rested":1,"item_purchase_floors":[4],"current_hp_per_floor":[80,75,80,80,79,79,59,79,86,86,71,51,77,74,74,26,87,60,60],"gold":302,"neow_bonus":"THREE_ENEMY_KILL","is_daily":false,"chose_seed":false,"campfire_upgraded":2,"win_rate":0.0,"timestamp":1611131284,"path_taken":["M","?","M","$","M","R","E","?","T","M","?","E","R","M","R","BOSS","M"],"items_purchased_type":["Relic"],"build_version":"2020-12-22","purchased_purges":0,"victory":false,"max_hp_per_floor":[80,80,80,80,80,80,80,80,87,87,87,87,87,87,87,87,87,87,87],"card_choices":[{"not_picked":["Thunderclap","Bomb"],"picked":"Reaper","floor":1.0},{"not_picked":["Cleave","Clothesline"],"picked":"Fiend Fire","floor":2.0},{"not_picked":["Dropkick","Pummel","Sword Boomerang"],"picked":"SKIP","floor":3.0},{"not_picked":["Anger","Iron Wave"],"picked":"Rage","floor":5.0},{"not_picked":["Clothesline","Twin Strike","Intimidate"],"picked":"SKIP","floor":7.0},{"not_picked":["Pommel Strike","Shrug It Off"],"picked":"Double Tap","floor":10},{"not_picked":["Pommel Strike","Cleave"],"picked":"Warcry","floor":12},{"not_picked":["Armaments","Clothesline"],"picked":"Flex","floor":14},{"not_picked":["Fiend Fire","Berserk"],"picked":"Corruption","floor":16}],"player_experience":4009,"relics_obtained":[{"floor":2.0,"key":"Shuriken"},{"floor":2.0,"key":"Lantern"},{"floor":7.0,"key":"Letter Opener"},{"floor":9,"key":"Strawberry"},{"floor":12,"key":"MawBank"}],"event_choices":[{"damage_healed":0.0,"max_hp_gain":0.0,"max_hp_loss":0.0,"gold_gain":0.0,"event_name":"HidenRoomEvent","player_choice":"Fight","floor":2.0,"gold_loss":0.0,"damage_taken":0.0},{"damage_healed":20.0,"max_hp_gain":0.0,"max_hp_loss":0.0,"gold_gain":0.0,"event_name":"The Cleric","player_choice":"Healed","floor":8.0,"gold_loss":35.0,"damage_taken":0.0}],"is_beta":false,"boss_relics":[{"not_picked":["Snecko Eye","Fusion Hammer"],"picked":"bronze:MakeshiftBattery"},{"not_picked":[]}],"items_purged_floors":[],"is_endless":false,"potions_floor_spawned":[2,3,7,12],"killed_by":"3 Byrds","ascension_level":0}}