{"host":"vyjryxuuuxkt43k4","time":1611172324,"event":{"mods":["AchievementEnabler","BaseMod","Colored Map","DeckTracker","Keyboard Shortcuts","Minty Spire (QoL Compilation)","Permanent Neow","Quick Restart","StSLib","SuperFastMode","everything is the same but u backflip on backflip"],"gold_per_floor":[15,34,45,57,77,102,27,27,27,40,51,65,65,11,11,11,11],"floor_reached":16,"language":"KOR","playtime":531,"items_purged":[],"score":191,"play_id":"8c8db2cc-648b-4f90-a42f-630f40c0db27","local_time":"20210121045204","is_ascension_mode":true,"campfire_choices":[{"floor":8,"key":"REST"},{"data":"Immolate","floor":15,"key":"SMITH"}],"circlet_count":0,"master_deck":["AscendersBane","Strike_R","Strike_R","Defend_R","Defend_R","Defend_R","Defend_R","Bash","Inflame","Headbutt","Impervious","Cleave","Armaments","Immolate+1","Metallicize","Flame Barrier"],"relics":["Burning Blood","Art of War","Vajra"],"acts_visited":["Exordium"],"potions_floor_usage":[6,6,12,16,16],"damage_taken":[{"damage":4,"enemies":"Small Slimes","floor":1,"turns":4},{"damage":20,"enemies":"Jaw Worm","floor":2,"turns":7},{"damage":1,"enemies":"Cultist","floor":3,"turns":4},{"damage":15,"enemies":"Large Slime","floor":4,"turns":8},{"damage":21,"enemies":"Looter","floor":5,"turns":4},{"damage":32,"enemies":"Lagavulin","floor":6,"turns":9},{"damage":6,"enemies":"Blue Slaver","floor":10,"turns":3},{"damage":8,"enemies":"Red Slaver","floor":11,"turns":4},{"damage":21,"enemies":"Large Slime","floor":12,"turns":5},{"damage":32,"enemies":"Hexaghost","floor":16,"turns":7}],"seed_played":"8551103916593878871","potions_obtained":[{"floor":3,"key":"Weak Potion"},{"floor":4,"key":"Dexterity Potion"},{"floor":11,"key":"Dexterity Potion"},{"floor":12,"key":"BloodPotion"}],"is_trial":false,"path_per_floor":["M","M","M","M","M","E","?","R","T","M","M","M","?","$","R","B"],"character_chosen":"IRONCLAD","items_purchased":["ColorlessPotion"],"campfire_rested":1,"item_purchase_floors":[14],"current_hp_per_floor":[70,56,61,52,37,11,11,33,33,33,31,31,31,31,31,0,0],"gold":11,"neow_bonus":"REMOVE_TWO","is_daily":false,"chose_seed":false,"campfire_upgraded":1,"win_rate":0.0,"timestamp":1611172324,"path_taken":["M","M","M","M","M","E","?","R","T","M","M","M","?","?","R","BOSS"],"items_purchased_type":["Potion"],"build_version":"2020-12-22","purchased_purges":0,"victory":false,"max_hp_per_floor":[75,75,75,75,75,75,75,75,75,75,75,75,75,75,75,75,75],"card_choices":[{"not_picked":["Headbutt","Perfected Strike"],"picked":"Inflame","floor":1},{"not_picked":["Burning Pact","Thunderclap"],"picked":"Headbutt","floor":2},{"not_picked":["Warcry","Second Wind"],"picked":"Impervious","floor":3},{"not_picked":["Flex","Armaments"],"picked":"Cleave","floor":4},{"not_picked":["Twin Strike","Anger"],"picked":"Armaments","floor":5},{"not_picked":["Perfected Strike","Evolve"],"picked":"Immolate","floor":6},{"not_picked":["Entrench","Combust","Anger"],"picked":"SKIP","floor":10},{"not_picked":["Rage","Iron Wave"],"picked":"Metallicize","floor":11},{"not_picked":["Shrug It Off","Perfected Strike"],"picked":"Flame Barrier","floor":12}],"player_experience":184110,"relics_obtained":[{"floor":6,"key":"Art of War"},{"floor":9,"key":"Vajra"}],"event_choices":[{"cards_removed":["Strike_R"],"damage_healed":0,"gold_gain":0,"player_choice":"Card Removal","damage_taken":0,"max_hp_gain":0,"max_hp_loss":0,"event_name":"The Cleric","floor":7,"gold_loss":75},{"damage_healed":0,"gold_gain":0,"player_choice":"Ignored","damage_taken":0,"max_hp_gain":0,"max_hp_loss":0,"event_name":"Liars Game","floor":13,"gold_loss":0}],"is_beta":false,"boss_relics":[],"items_purged_floors":[],"is_endless":false,"potions_floor_spawned":[3,4,11,12],"killed_by":"Hexaghost","ascension_level":16}}