{"host":"1z4hbl9vfqrhg136","time":1611180475,"event":{"mods":["BaseMod","Minty Spire (QoL Compilation)"],"gold_per_floor":[117,136,15,26,26,52,52,66,66,104,116,141,172,195,207,219,219],"floor_reached":16,"language":"ENG","playtime":1046,"items_purged":[],"score":228,"play_id":"f4db886b-de92-4a1f-b3e2-da0f0ccea9f1","local_time":"20210120220755","is_ascension_mode":true,"campfire_choices":[{"data":"Wild Strike","floor":7,"key":"SMITH"},{"data":"Berserk","floor":11,"key":"SMITH"},{"floor":15,"key":"REST"}],"circlet_count":0,"master_deck":["AscendersBane","Strike_R","Strike_R","Strike_R","Strike_R","Strike_R","Defend_R","Defend_R+1","Defend_R+1","Defend_R","Bash","Wild Strike+1","Iron Wave","Fire Breathing","Disarm","Berserk+1","Clothesline","Shrug It Off","Reckless Charge","Seeing Red","Feel No Pain"],"relics":["Burning Blood","War Paint","Pen Nib","MawBank","White Beast Statue"],"acts_visited":["Exordium"],"potions_floor_usage":[10,14,16],"damage_taken":[{"damage":12,"enemies":"Cultist","floor":1,"turns":4},{"damage":12,"enemies":"Small Slimes","floor":2,"turns":4},{"damage":2,"enemies":"2 Louse","floor":4,"turns":3},{"damage":19,"enemies":"Lagavulin","floor":6,"turns":8},{"damage":20,"enemies":"Exordium Thugs","floor":8,"turns":5},{"damage":15,"enemies":"Gremlin Nob","floor":10,"turns":4},{"damage":10,"enemies":"Lots of Slimes","floor":12,"turns":2},{"damage":4,"enemies":"Looter","floor":13,"turns":4},{"damage":7,"enemies":"Large Slime","floor":14,"turns":5},{"damage":47,"enemies":"Slime Boss","floor":16,"turns":8}],"seed_played":"6636378530626079678","potions_obtained":[{"floor":4,"key":"LiquidBronze"},{"floor":6,"key":"Strength Potion"},{"floor":12,"key":"Weak Potion"},{"floor":13,"key":"Swift Potion"},{"floor":14,"key":"BlessingOfTheForge"}],"is_trial":false,"path_per_floor":["M","M","$","M","?","E","R","M","T","E","R","M","M","M","R","B"],"character_chosen":"IRONCLAD","items_purchased":["Fire Breathing","Disarm"],"campfire_rested":1,"item_purchase_floors":[3,3],"current_hp_per_floor":[62,56,56,60,60,47,47,33,33,24,24,20,22,21,43,0,0],"gold":219,"neow_bonus":"RANDOM_COMMON_RELIC","is_daily":false,"chose_seed":false,"campfire_upgraded":2,"win_rate":0.0,"timestamp":1611180475,"path_taken":["M","M","$","?","?","E","R","M","T","E","R","M","M","M","R","BOSS"],"items_purchased_type":["Card","Card"],"build_version":"2020-12-22","purchased_purges":0,"victory":false,"max_hp_per_floor":[75,75,75,75,75,75,75,75,75,75,75,75,75,75,75,75,75],"card_choices":[{"not_picked":["Clash","Anger"],"picked":"Wild Strike","floor":1},{"not_picked":["Havoc","Pommel Strike"],"picked":"Iron Wave","floor":2},{"not_picked":["Flex","Dual Wield"],"picked":"Berserk","floor":4},{"not_picked":["Headbutt","Clash"],"picked":"Clothesline","floor":6},{"not_picked":["Clothesline","Armaments","Flex"],"picked":"SKIP","floor":8},{"not_picked":["Body Slam","Feel No Pain"],"picked":"Shrug It Off","floor":10},{"not_picked":["Battle Trance","Sever Soul"],"picked":"Reckless Charge","floor":12},{"not_picked":["Pommel Strike","Intimidate"],"picked":"Seeing Red","floor":13},{"not_picked":["Heavy Blade","Wild Strike"],"picked":"Feel No Pain","floor":14}],"player_experience":1904085,"relics_obtained":[{"floor":6,"key":"Pen Nib"},{"floor":9,"key":"MawBank"},{"floor":10,"key":"White Beast Statue"}],"event_choices":[{"damage_healed":0,"gold_gain":0,"player_choice":"Ignored","damage_taken":0,"max_hp_gain":0,"max_hp_loss":0,"event_name":"Liars Game","floor":5,"gold_loss":0}],"is_beta":false,"boss_relics":[],"items_purged_floors":[],"is_endless":false,"potions_floor_spawned":[4,6,8,12,13,14],"killed_by":"Slime Boss","ascension_level":20}}