{"host":"dp53qwza86gz1sj5","time":1611176072,"event":{"mods":["AchievementEnabler","AlwaysNeverKeys","BaseMod","Best Route Mod","Better Skull","BetterRewards","Block Reminder","Colored Map","Colored Powertips","Hermit","Highlight Path","Minty Spire (QoL Compilation)","Practice Mode","Quick Restart","Relic Stats","Shop Mod","StSLib","SuperFastMode","Waifu the Spire"],"gold_per_floor":[119,294,294,313,313,313,32,61,61,75,88,106,119,153,153,251,251,262,277,292,292,90,90,108,108,108],"floor_reached":25,"language":"ENG","playtime":2418,"items_purged":["Strike_R","Strike_R"],"score":215,"play_id":"fa142a53-6d16-4043-acdc-aaae3b3686b4","local_time":"20210120215432","is_ascension_mode":false,"campfire_choices":[{"data":"Cleave","floor":6.0,"key":"SMITH"},{"data":"Flame Barrier","floor":15,"key":"SMITH"},{"data":"Berserk","floor":23,"key":"SMITH"}],"circlet_count":0,"master_deck":["Strike_R","Strike_R","Defend_R","Defend_R","Defend_R","Defend_R","Bash","Cleave+1","Flex","Berserk+1","Cleave","Twin Strike","Flame Barrier+1","Juggernaut","Inflame","Shrug It Off"],"relics":["Burning Blood","Lantern","Omamori","Runic Pyramid"],"acts_visited":["TheCity"],"potions_floor_usage":[16],"damage_taken":[{"damage":5.0,"enemies":"Cultist","floor":1.0,"turns":4.0},{"damage":0.0,"enemies":"2 Louse","floor":4.0,"turns":2.0},{"damage":41.0,"enemies":"3 Sentries","floor":8.0,"turns":8.0},{"damage":2,"enemies":"Small Slimes","floor":10,"turns":3},{"damage":4,"enemies":"2 Fungi Beasts","floor":11,"turns":3},{"damage":0,"enemies":"Lots of Slimes","floor":12,"turns":2},{"damage":6,"enemies":"Exordium Wildlife","floor":13,"turns":3},{"damage":21,"enemies":"Lagavulin","floor":14,"turns":5},{"damage":28,"enemies":"Slime Boss","floor":16,"turns":12},{"damage":40,"enemies":"2 Thieves","floor":18,"turns":4},{"damage":24,"enemies":"3 Byrds","floor":19,"turns":4},{"damage":38,"enemies":"3 Cultists","floor":20,"turns":5},{"damage":4,"enemies":"Cultist and Chosen","floor":24,"turns":5},{"damage":36,"enemies":"Slavers","floor":25,"turns":3}],"seed_played":"7193425488876976181","potions_obtained":[{"floor":8.0,"key":"SkillPotion"},{"floor":10,"key":"GamblersBrew"},{"floor":11,"key":"BlessingOfTheForge"},{"floor":14,"key":"FairyPotion"},{"floor":19,"key":"GamblersBrew"}],"is_trial":false,"path_per_floor":["M","?","?","M","?","R","$","E","T","M","M","M","M","E","R","B",null,"M","M","M","?","$","R","M","E"],"character_chosen":"IRONCLAD","items_purchased":["Flex","Berserk","Dexterity Potion","Shrug It Off"],"campfire_rested":0,"item_purchase_floors":[7,7,22,22],"current_hp_per_floor":[88,88,81,87,88,88,88,53,53,57,59,65,65,50,50,28,88,54,36,32,32,32,32,34,0,0],"gold":108,"neow_bonus":"TEN_PERCENT_HP_BONUS","is_daily":false,"chose_seed":false,"campfire_upgraded":3,"win_rate":0.0,"timestamp":1611176072,"path_taken":["M","?","?","M","?","R","$","E","T","M","M","M","M","E","R","BOSS","M","?","M","?","$","R","M","E"],"items_purchased_type":["Card","Card","Potion","Card"],"build_version":"2020-12-22","purchased_purges":2,"victory":false,"max_hp_per_floor":[88,88,88,88,88,88,88,88,88,88,88,88,88,88,88,88,88,88,88,88,88,88,88,88,88,88],"relic_stats":{"counters":[11,49],"obtain_stats":[{"Lantern":0,"Omamori":14,"Burning Blood":0,"Runic Pyramid":17},{"Lantern":0,"Omamori":5,"Burning Blood":0,"Runic Pyramid":6},{"Lantern":0,"Omamori":16,"Burning Blood":0,"Runic Pyramid":28}],"Burning Blood":60},"card_choices":[{"not_picked":["Heavy Blade","Flame Barrier"],"picked":"Cleave","floor":1.0},{"not_picked":["Uppercut","Armaments"],"picked":"Shrug It Off","floor":4.0},{"not_picked":["Dark Embrace","Twin Strike","Rage"],"picked":"SKIP","floor":8.0},{"not_picked":["Anger","Flex","Sword Boomerang"],"picked":"SKIP","floor":10},{"not_picked":["Flex","Thunderclap"],"picked":"Cleave","floor":11},{"not_picked":["Armaments","Infernal Blade"],"picked":"Twin Strike","floor":12},{"not_picked":["Berserk","Clothesline","Clash"],"picked":"SKIP","floor":13},{"not_picked":["Disarm","Perfected Strike"],"picked":"Flame Barrier","floor":14},{"not_picked":["Barricade","Bludgeon"],"picked":"Juggernaut","floor":16},{"not_picked":["Twin Strike","Sword Boomerang","Perfected Strike"],"picked":"SKIP","floor":18},{"not_picked":["Headbutt","Battle Trance+1"],"picked":"Inflame","floor":19},{"not_picked":["Feel No Pain+1","Rupture","Twin Strike+1"],"picked":"SKIP","floor":20},{"not_picked":["Sword Boomerang","Clash+1","Flame Barrier"],"picked":"SKIP","floor":24}],"player_experience":102927,"relics_obtained":[{"floor":8.0,"key":"Lantern"},{"floor":14,"key":"Omamori"}],"event_choices":[{"damage_healed":0.0,"max_hp_gain":0.0,"max_hp_loss":0.0,"gold_gain":175.0,"event_name":"Liars Game","player_choice":"AGREE","floor":2.0,"gold_loss":0.0,"damage_taken":0.0,"cards_obtained":["Doubt"]},{"cards_removed":["Doubt"],"damage_healed":0.0,"max_hp_gain":0.0,"max_hp_loss":0.0,"gold_gain":0.0,"event_name":"Golden Wing","player_choice":"Card Removal","floor":3.0,"gold_loss":0.0,"damage_taken":7.0},{"cards_removed":["Shrug It Off"],"damage_healed":5.0,"max_hp_gain":0.0,"max_hp_loss":0.0,"gold_gain":0.0,"event_name":"Bonfire Elementals","player_choice":"Offered Common","floor":5.0,"gold_loss":0.0,"damage_taken":0.0},{"cards_removed":["Shrug It Off"],"damage_healed":5.0,"max_hp_gain":0.0,"max_hp_loss":0.0,"gold_gain":0.0,"event_name":"Bonfire Elementals","player_choice":"Offered Special","floor":5.0,"gold_loss":0.0,"damage_taken":0.0},{"cards_removed":["Strike_R"],"damage_healed":0,"gold_gain":0,"player_choice":"Card Removal","damage_taken":0,"max_hp_gain":0,"max_hp_loss":0,"event_name":"Wheel of Change","floor":21,"gold_loss":0}],"is_beta":false,"boss_relics":[{"not_picked":["Astrolabe","SacredBark"],"picked":"Runic Pyramid"}],"items_purged_floors":[7,22],"is_endless":false,"potions_floor_spawned":[8,10,11,12,14,19,24],"killed_by":"Slavers","ascension_level":0}}