{"host":"9jj9tzo2iym4bpat","time":1611169166,"event":{"mods":["Act Like it!","BaseMod","CapriCore","Colored Map","Dark Map","Luminous","Minty Spire (QoL Compilation)","Permanent Neow","StSLib","Td1madao Mod","The Animator","The Immortal","The Marked","The Servant 0.9.4","Yakumo Yukari mod"],"gold_per_floor":[116,191,191,191,204,204,219,219,219,237,237,277,277,298,298,298,298],"floor_reached":16,"language":"ENG","playtime":451,"items_purged":[],"score":122,"play_id":"54b0bbf4-a321-413a-8bec-a4799758ba55","local_time":"20210120125926","is_ascension_mode":true,"campfire_choices":[{"floor":6,"key":"REST"},{"data":"Perfected Strike","floor":8,"key":"SMITH"},{"floor":13,"key":"REST"},{"floor":15,"key":"REST"}],"circlet_count":0,"master_deck":["Strike_R","Strike_R","Strike_R","Strike_R","Strike_R","Defend_R","Defend_R","Defend_R","Defend_R","Bash","Thunderclap","Perfected Strike","Perfected Strike+1","Shrug It Off","Rage"],"relics":["Burning Blood","Omamori","Golden Idol","Letter Opener","Molten Egg 2"],"acts_visited":["Exordium"],"potions_floor_usage":[10,11],"damage_taken":[{"damage":3,"enemies":"Jaw Worm","floor":1,"turns":5},{"damage":2,"enemies":"Small Slimes","floor":5,"turns":4},{"damage":0,"enemies":"2 Louse","floor":7,"turns":2},{"damage":8,"enemies":"Large Slime","floor":10,"turns":5},{"damage":0,"enemies":"Exordium Wildlife","floor":11,"turns":1},{"damage":35,"enemies":"3 Sentries","floor":12,"turns":8},{"damage":40,"enemies":"Gremlin Gang","floor":14,"turns":5},{"damage":91,"enemies":"Hexaghost","floor":16,"turns":11}],"seed_played":"-1861903669102209839","potions_obtained":[{"floor":1,"key":"SmokeBomb"},{"floor":5,"key":"Energy Potion"},{"floor":14,"key":"FairyPotion"}],"is_trial":false,"path_per_floor":["M","?","?","?","M","R","M","R","T","M","M","E","R","M","R","B"],"character_chosen":"IRONCLAD","items_purchased":[],"campfire_rested":3,"item_purchase_floors":[],"current_hp_per_floor":[88,77,35,35,39,65,71,71,71,69,75,46,72,38,64,0,0],"gold":298,"neow_bonus":"TEN_PERCENT_HP_BONUS","is_daily":false,"chose_seed":false,"campfire_upgraded":1,"win_rate":0.0,"timestamp":1611169166,"path_taken":["M","?","?","?","M","R","M","R","T","M","?","E","R","M","R","BOSS"],"items_purchased_type":[],"build_version":"2020-12-22","purchased_purges":0,"victory":false,"max_hp_per_floor":[88,88,88,88,88,88,88,88,88,88,88,88,88,88,88,88,88],"card_choices":[{"not_picked":["Burning Pact","Iron Wave"],"picked":"Thunderclap","floor":1},{"not_picked":["Thunderclap","True Grit"],"picked":"Perfected Strike","floor":5},{"not_picked":["Cleave","Clothesline"],"picked":"Perfected Strike","floor":7},{"not_picked":["Havoc","Offering","Combust"],"picked":"SKIP","floor":10},{"not_picked":["Havoc","Spot Weakness"],"picked":"Shrug It Off","floor":12},{"not_picked":["Burning Pact","Rampage+1"],"picked":"Rage","floor":14}],"player_experience":293611,"relics_obtained":[{"floor":9,"key":"Letter Opener"},{"floor":12,"key":"Molten Egg 2"}],"event_choices":[{"damage_healed":0,"gold_gain":75,"player_choice":"Gather Gold","damage_taken":11,"max_hp_gain":0,"max_hp_loss":0,"event_name":"World of Goop","floor":2,"gold_loss":0},{"damage_healed":0,"gold_gain":0,"player_choice":"Success","damage_taken":42,"relics_obtained":["Omamori"],"max_hp_gain":0,"max_hp_loss":0,"event_name":"Scrap Ooze","floor":3,"gold_loss":0},{"damage_healed":0,"gold_gain":0,"player_choice":"Take Wound","damage_taken":0,"relics_obtained":["Golden Idol"],"max_hp_gain":0,"max_hp_loss":0,"event_name":"Golden Idol","floor":4,"gold_loss":0,"cards_obtained":["Injury"]}],"is_beta":false,"boss_relics":[],"items_purged_floors":[],"is_endless":false,"potions_floor_spawned":[1,5,14],"killed_by":"Hexaghost","ascension_level":4}}