{"host":"ijb9aeqqnjsatmwl","time":1611162131,"event":{"mods":["BaseMod","Card Forge","Colored Powertips","Hermit","Minty Spire (QoL Compilation)","Permanent Neow","Quick Restart","StSLib","The Cursed","The Hierophant","The Sage","The Servant 0.9.4","TheSwordswoman"],"gold_per_floor":[114,125,125,125,138,157,186,203,230,230,9,26,26,42,42,137,137,151,165,165,7,22,53,72,72,98,131,131,131,160,176,176,279,279,292,304,10,25,75,101,149,149,149,159,159,159,175,190,190,190],"floor_reached":51,"language":"ENG","playtime":4319,"items_purged":[],"score":841,"play_id":"7ec59caa-3ec1-4007-a7d1-b89d0f72b093","local_time":"20210120190211","is_ascension_mode":false,"campfire_choices":[{"floor":13,"key":"REST"},{"floor":15,"key":"REST"},{"floor":25,"key":"REST"},{"floor":29,"key":"REST"},{"floor":32,"key":"REST"},{"floor":42,"key":"REST"},{"floor":46,"key":"REST"},{"floor":49,"key":"REST"}],"circlet_count":0,"master_deck":["Juggernaut+1","Barricade+1","Flame Barrier+1","Power Through+1","Reaper+1","Flame Barrier+1","Metallicize+1","Power Through+1","Immolate+1","Impervious+1","Juggernaut+1","Metallicize+1","Power Through+1","Shockwave+1","Flame Barrier+1","Impervious+1","Metallicize+1","Power Through+1","Entrench+1","Body Slam+1","Body Slam+1","Feed+1","Entrench+1","Metallicize+1","Reaper+1","Shockwave+1","Feed+1"],"relics":["Burning Blood","Hammer of Thor","Seething Fire","Anvil of the Gods","Centennial Puzzle","Bag of Marbles","Mark of Pain","War Paint","Bag of Preparation","Regal Pillow","MutagenicStrength","Pantograph","Philosopher\u0027s Stone","Anchor","ClockworkSouvenir","Unceasing Top","Strawberry","Ginger","Molten Egg 2"],"acts_visited":["Exordium","TheCity","TheBeyond"],"potions_floor_usage":[],"damage_taken":[{"damage":0,"enemies":"Small Slimes","floor":1,"turns":4},{"damage":1,"enemies":"Cultist","floor":2,"turns":4},{"damage":0,"enemies":"2 Louse","floor":5,"turns":2},{"damage":19,"enemies":"Exordium Wildlife","floor":6,"turns":5},{"damage":12,"enemies":"3 Sentries","floor":7,"turns":6},{"damage":0,"enemies":"2 Fungi Beasts","floor":8,"turns":4},{"damage":0,"enemies":"Large Slime","floor":12,"turns":6},{"damage":12,"enemies":"Blue Slaver","floor":14,"turns":2},{"damage":0,"enemies":"Hexaghost","floor":16,"turns":8},{"damage":12,"enemies":"Spheric Guardian","floor":18,"turns":4},{"damage":0,"enemies":"3 Byrds","floor":19,"turns":4},{"damage":0,"enemies":"Snecko","floor":22,"turns":4},{"damage":4,"enemies":"Slavers","floor":23,"turns":5},{"damage":0,"enemies":"Snake Plant","floor":24,"turns":3},{"damage":12,"enemies":"Gremlin Leader","floor":27,"turns":6},{"damage":0,"enemies":"Book of Stabbing","floor":30,"turns":5},{"damage":4,"enemies":"3 Cultists","floor":31,"turns":4},{"damage":13,"enemies":"Collector","floor":33,"turns":7},{"damage":0,"enemies":"Orb Walker","floor":35,"turns":4},{"damage":5,"enemies":"3 Shapes","floor":36,"turns":4},{"damage":0,"enemies":"Sphere and 2 Shapes","floor":38,"turns":4},{"damage":0,"enemies":"Mind Bloom Boss Battle","floor":39,"turns":5},{"damage":13,"enemies":"Nemesis","floor":40,"turns":5},{"damage":5,"enemies":"2 Orb Walkers","floor":41,"turns":4},{"damage":0,"enemies":"Transient","floor":44,"turns":5},{"damage":0,"enemies":"Jaw Worm Horde","floor":47,"turns":4},{"damage":14,"enemies":"4 Shapes","floor":48,"turns":6},{"damage":4,"enemies":"Donu and Deca","floor":50,"turns":9}],"seed_played":"7168002531618835693","potions_obtained":[{"floor":1,"key":"SteroidPotion"},{"floor":2,"key":"Strength Potion"},{"floor":12,"key":"Strength Potion"},{"floor":19,"key":"HeartOfIron"}],"is_trial":false,"path_per_floor":["M","M","?","$","M","M","E","M","T","?","$","M","R","M","R","B",null,"M","M","?","$","M","E","M","R","T","E","?","R","E","M","R","B",null,"M","M","$","M","?","E","?","R","T","M","?","R","M","M","R","B",null],"character_chosen":"IRONCLAD","items_purchased":["The Bomb","Flex","Reaper","Anchor","ClockworkSouvenir"],"campfire_rested":8,"item_purchase_floors":[11,11,21,37,37],"current_hp_per_floor":[72,72,72,72,72,59,72,72,72,69,69,69,69,63,69,69,69,63,69,69,69,69,69,69,69,69,68,68,69,69,69,69,62,69,69,69,69,69,69,69,70,76,76,76,76,76,80,87,88,88],"gold":190,"neow_bonus":"THREE_RARE_CARDS","is_daily":false,"chose_seed":false,"campfire_upgraded":0,"win_rate":0.0,"timestamp":1611162131,"path_taken":["M","M","?","$","M","?","E","M","T","?","$","M","R","M","R","BOSS","M","M","?","$","M","E","M","R","T","E","?","R","E","?","R","BOSS","M","M","$","M","?","E","?","R","T","M","?","R","M","M","R","BOSS"],"items_purchased_type":["Card","Card","Card","Relic","Relic"],"build_version":"2020-12-22","purchased_purges":0,"victory":true,"max_hp_per_floor":[72,72,72,72,72,72,72,72,72,69,69,69,69,69,69,69,69,69,69,69,69,69,69,69,69,69,69,69,69,69,69,69,69,69,69,69,69,69,69,76,76,76,76,76,76,76,80,88,88,88],"card_choices":[{"not_picked":["Corruption","Double Tap"],"picked":"Juggernaut","floor":0},{"not_picked":["Anger","Pommel Strike"],"picked":"Carnage","floor":1},{"not_picked":["Thunderclap","Body Slam"],"picked":"Entrench","floor":2},{"not_picked":["Warcry","Infernal Blade"],"picked":"Body Slam","floor":5},{"not_picked":["Sword Boomerang","Infernal Blade"],"picked":"Body Slam","floor":6},{"not_picked":["Thunderclap","Carnage"],"picked":"Feed","floor":7},{"not_picked":["Disarm","Perfected Strike","Whirlwind"],"picked":"SKIP","floor":8},{"not_picked":["Dual Wield","Rage","Anger"],"picked":"SKIP","floor":12},{"not_picked":["Thunderclap","Second Wind","Combust"],"picked":"SKIP","floor":14},{"not_picked":["Clash","Iron Wave","Clothesline"],"picked":"SKIP","floor":18},{"not_picked":["Flame Barrier","Clothesline","Thunderclap+1"],"picked":"SKIP","floor":19},{"not_picked":["Disarm","Dark Embrace+1"],"picked":"Searing Blow","floor":22},{"not_picked":["Perfected Strike","Iron Wave","Clash"],"picked":"SKIP","floor":23},{"not_picked":["Sword Boomerang","Anger"],"picked":"Shockwave","floor":24},{"not_picked":["Bloodletting","Berserk","Sword Boomerang+1"],"picked":"SKIP","floor":27},{"not_picked":["Iron Wave+1","Blood for Blood","Bludgeon"],"picked":"SKIP","floor":30},{"not_picked":["Dark Embrace","True Grit","Anger"],"picked":"SKIP","floor":31},{"not_picked":["Clash+1","Armaments+1","Twin Strike+1"],"picked":"SKIP","floor":35},{"not_picked":["Flex","Cleave","Armaments"],"picked":"SKIP","floor":36},{"not_picked":["Bloodletting+1","Anger+1","Searing Blow+1"],"picked":"SKIP","floor":38},{"not_picked":["Rage+1","Rupture"],"picked":"Feed","floor":40},{"not_picked":["Disarm","Flex+1","Ghostly Armor"],"picked":"SKIP","floor":44},{"not_picked":["Infernal Blade","Armaments","Warcry+1"],"picked":"SKIP","floor":47},{"not_picked":["Bloodletting+1","Inflame+1","Clothesline+1"],"picked":"SKIP","floor":48}],"player_experience":7628,"relics_obtained":[{"floor":7,"key":"Centennial Puzzle"},{"floor":9,"key":"Bag of Marbles"},{"floor":23,"key":"War Paint"},{"floor":26,"key":"Bag of Preparation"},{"floor":27,"key":"Regal Pillow"},{"floor":30,"key":"Pantograph"},{"floor":39,"key":"Unceasing Top"},{"floor":40,"key":"Strawberry"},{"floor":41,"key":"Ginger"},{"floor":43,"key":"Molten Egg 2"}],"event_choices":[{"cards_removed":["Bash"],"damage_healed":0,"gold_gain":0,"player_choice":"Offered Basic","damage_taken":0,"max_hp_gain":0,"max_hp_loss":0,"event_name":"Bonfire Elementals","floor":3,"gold_loss":0},{"damage_healed":18,"gold_gain":0,"player_choice":"Healed and dodged fight","damage_taken":0,"max_hp_gain":0,"max_hp_loss":0,"event_name":"Mushrooms","floor":10,"gold_loss":0,"cards_obtained":["Parasite"]},{"damage_healed":0,"gold_gain":0,"player_choice":"Inject Mutagens","damage_taken":0,"relics_obtained":["MutagenicStrength"],"max_hp_gain":0,"max_hp_loss":0,"event_name":"Drug Dealer","floor":28,"gold_loss":0},{"damage_healed":0,"gold_gain":0,"player_choice":"Fight","damage_taken":0,"max_hp_gain":0,"max_hp_loss":0,"event_name":"MindBloom","floor":39,"gold_loss":0},{"damage_healed":0,"gold_gain":0,"player_choice":"Fight","damage_taken":0,"max_hp_gain":0,"max_hp_loss":0,"event_name":"Mysterious Sphere","floor":41,"gold_loss":0},{"damage_healed":19,"gold_gain":0,"player_choice":"Writhe","damage_taken":0,"max_hp_gain":0,"max_hp_loss":0,"event_name":"Winding Halls","floor":45,"gold_loss":0,"cards_obtained":["Writhe"]}],"is_beta":false,"boss_relics":[{"not_picked":["Calling Bell","Black Star"],"picked":"Mark of Pain"},{"not_picked":["Runic Cube","Snecko Eye"],"picked":"Philosopher\u0027s Stone"}],"items_purged_floors":[],"is_endless":false,"potions_floor_spawned":[1,2,12,19,22,24,30,33,35,41,44,48],"ascension_level":0}}