{"host":"ya062ahhhuj9au1o","time":1611104714,"event":{"mods":["BaseMod","Better Third Choice","Downfall","Filter the Spire","Hermit","Minty Spire (QoL Compilation)","Random Character Button","Robot Space Explorer","Somnambulant","StSLib","The Bug Knight","The Cursed","The Marked","The Servant 0.9.4"],"gold_per_floor":[109,109,125,144,144,144,154,168,245,263,263,263,275,292,292,387,387,398,408,408,426,426,426,460,460,483,483,483],"floor_reached":27,"language":"ENG","playtime":2700,"items_purged":[],"score":416,"play_id":"ba77a606-97ea-44d2-a196-9ca08161b9b8","local_time":"20210119200514","is_ascension_mode":true,"campfire_choices":[{"floor":6.0,"key":"REST"},{"floor":11.0,"key":"REST"},{"floor":15.0,"key":"REST"},{"floor":23.0,"key":"REST"},{"floor":25,"key":"REST"}],"circlet_count":0,"master_deck":["AscendersBane","somnambulantmod: Defend_Somnambulant","somnambulantmod: Defend_Somnambulant+1","somnambulantmod: Defend_Somnambulant","somnambulantmod: Defend_Somnambulant","somnambulantmod: Defend_Somnambulant+1","somnambulantmod: PrimingPunch+1","somnambulantmod: Damping","somnambulantmod: Unknow","somnambulantmod: RecurringDream","somnambulantmod: Repression","Adrenaline+1","somnambulantmod: Damping","somnambulantmod: Blink","somnambulantmod: Blink","somnambulantmod: LeechFears","somnambulantmod: HappyThoughts+1","somnambulantmod: GalaxyBrain","somnambulantmod: SickeningSwathe+1","Bite","Bite","Bite","Bite","Bite","somnambulantmod: Harden+1","TheCursedMod:Dregs","somnambulantmod: ImpenetrableMind"],"relics":["somnambulantmod: DreamJournal","Du-Vu Doll","Mummified Hand","SlaversCollar","Blue Candle","Pen Nib","Nunchaku"],"acts_visited":["Exordium","TheCity"],"potions_floor_usage":[],"damage_taken":[{"damage":2.0,"enemies":"2 Louse","floor":1.0,"turns":4.0},{"damage":3.0,"enemies":"Jaw Worm","floor":3.0,"turns":6.0},{"damage":16.0,"enemies":"Cultist","floor":4.0,"turns":6.0},{"damage":8.0,"enemies":"Gremlin Gang","floor":7.0,"turns":6.0},{"damage":2.0,"enemies":"Blue Slaver","floor":8.0,"turns":4.0},{"damage":3.0,"enemies":"Large Slime","floor":10.0,"turns":9.0},{"damage":4.0,"enemies":"Looter","floor":13.0,"turns":4.0},{"damage":2.0,"enemies":"Exordium Wildlife","floor":14.0,"turns":4.0},{"damage":32.0,"enemies":"Hexaghost","floor":16.0,"turns":11.0},{"damage":0.0,"enemies":"3 Byrds","floor":18.0,"turns":5.0},{"damage":7.0,"enemies":"Chosen","floor":19.0,"turns":6.0},{"damage":34.0,"enemies":"Centurion and Healer","floor":21.0,"turns":7.0},{"damage":43.0,"enemies":"Slavers","floor":24.0,"turns":6.0},{"damage":6,"enemies":"Cultist and Chosen","floor":27,"turns":4}],"seed_played":"7512926031533218597","potions_obtained":[{"floor":7.0,"key":"BlessingOfTheForge"},{"floor":8.0,"key":"hexamod:SoulburnPotion"},{"floor":13.0,"key":"EssenceOfSteel"},{"floor":14.0,"key":"FearPotion"},{"floor":16.0,"key":"DistilledChaos"},{"floor":21.0,"key":"PowerPotion"}],"is_trial":false,"path_per_floor":["M","?","M","M","?","R","M","M","T","M","R","?","M","M","R","B",null,"M","M","?","M","?","R","E","R","T","M"],"character_chosen":"THE_SOMNAMBULANT","items_purchased":[],"campfire_rested":5,"item_purchase_floors":[],"current_hp_per_floor":[43,43,40,24,15,38,30,28,28,25,48,48,44,42,66,34,66,66,59,53,27,27,44,7,25,25,25,25],"gold":483,"neow_bonus":"THREE_RARE_CARDS","is_daily":false,"chose_seed":false,"campfire_upgraded":0,"win_rate":0.0,"timestamp":1611104714,"path_taken":["M","?","M","M","?","R","M","M","T","M","R","?","?","M","R","BOSS","M","?","?","M","?","R","E","R","T","M"],"items_purchased_type":[],"build_version":"2020-12-22","purchased_purges":0,"victory":false,"max_hp_per_floor":[70,70,70,70,70,72,72,72,72,72,74,74,74,74,76,76,76,76,76,53,53,53,55,55,57,57,57,57],"card_choices":[{"not_picked":["somnambulantmod: Mindlessness","somnambulantmod: Narcolepsy"],"picked":"somnambulantmod: Damping","floor":0.0},{"not_picked":["somnambulantmod: HorrificThought","somnambulantmod: UnthoughtKnown"],"picked":"somnambulantmod: Unknow","floor":1.0},{"not_picked":["somnambulantmod: TimeCompression","somnambulantmod: BadIdea"],"picked":"somnambulantmod: RecurringDream","floor":3.0},{"not_picked":["somnambulantmod: LayeredDefense","somnambulantmod: SnuggleUp"],"picked":"somnambulantmod: Repression","floor":4.0},{"not_picked":["somnambulantmod: Pinch","somnambulantmod: LeechFears"],"picked":"somnambulantmod: Damping","floor":7.0},{"not_picked":["somnambulantmod: Repression","somnambulantmod: Harden"],"picked":"somnambulantmod: Blink","floor":8.0},{"not_picked":["somnambulantmod: PourItOut","somnambulantmod: Extract"],"picked":"somnambulantmod: Blink","floor":10.0},{"not_picked":["somnambulantmod: PillowFort","somnambulantmod: Wake"],"picked":"somnambulantmod: LeechFears","floor":13.0},{"not_picked":["somnambulantmod: HeadSmack","somnambulantmod: SleepingBody"],"picked":"somnambulantmod: HappyThoughts","floor":14.0},{"not_picked":["somnambulantmod: Ignorance","somnambulantmod: Amnausea"],"picked":"somnambulantmod: GalaxyBrain","floor":16.0},{"not_picked":["somnambulantmod: BrainFeeder","somnambulantmod: Bloom+1","somnambulantmod: TimeCompression"],"picked":"SKIP","floor":18.0},{"not_picked":["somnambulantmod: Unknow","somnambulantmod: BadIdea"],"picked":"somnambulantmod: SickeningSwathe","floor":19.0},{"not_picked":["somnambulantmod: MindWave","somnambulantmod: HeavyLids"],"picked":"somnambulantmod: Harden+1","floor":21.0},{"not_picked":["somnambulantmod: DarkeningMind","somnambulantmod: InLimbo"],"picked":"somnambulantmod: ImpenetrableMind","floor":24.0}],"player_experience":1812122,"relics_obtained":[{"floor":9.0,"key":"Mummified Hand"},{"floor":24.0,"key":"Pen Nib"},{"floor":26,"key":"Nunchaku"}],"event_choices":[{"damage_healed":0.0,"max_hp_gain":0.0,"max_hp_loss":0.0,"gold_gain":0.0,"event_name":"betterThird:BetterSerpent","player_choice":"Ignored","floor":2.0,"gold_loss":0.0,"damage_taken":109.0},{"cards_removed":["somnambulantmod: QuickNap"],"damage_healed":0.0,"max_hp_gain":0.0,"max_hp_loss":0.0,"gold_gain":0.0,"event_name":"Purifier","player_choice":"Purged","floor":12.0,"gold_loss":0.0,"damage_taken":0.0},{"damage_healed":0.0,"max_hp_gain":0.0,"max_hp_loss":23.0,"gold_gain":0.0,"event_name":"Vampires","player_choice":"Became a vampire","floor":20.0,"gold_loss":0.0,"damage_taken":0.0,"cards_obtained":["Bite","Bite","Bite","Bite","Bite"]}],"is_beta":false,"boss_relics":[{"not_picked":["Philosopher\u0027s Stone","Velvet Choker"],"picked":"SlaversCollar"}],"items_purged_floors":[],"is_endless":false,"potions_floor_spawned":[7,8,13,14,16,21],"killed_by":"Cultist and Chosen","ascension_level":11}}