{"host":"uceopoba4zvqsgiy","time":1611109797,"event":{"mods":["Act Like it!","BaseMod","Better Skull","Better Third Choice","Elementarium","Evolution","GifTheSpireLib","Hermit","Humility","Infinite Spire","Jorbs\u0027s Wanderer Trilogy","Marked Mod","Minty Spire (QoL Compilation)","Potionbrewer","Replay The Spire","Robot Space Explorer","Shade Mod","Spicy Shops","StSLib","Stuff the Spire","The Blue Laboratory","The Caster","The Cursed","The Dragon Tamer","The Hierophant","The Judge","The Jungle","Wandering Minibosses"],"gold_per_floor":[119,135,141,154,154,182,182,182,182],"floor_reached":8,"language":"ENG","playtime":304,"items_purged":[],"score":81,"play_id":"ddf81133-98f0-45f2-bd46-2f47f80b71de","local_time":"20210120125957","is_ascension_mode":true,"campfire_choices":[{"floor":7,"key":"REST"}],"circlet_count":0,"master_deck":["Cold Snap","Strike_B","Strike_B","Strike_B","Defend_B","Defend_B","Defend_B","Defend_B","Zap","Dualcast","ReplayTheSpireMod:Faulty Equipment","Regret"],"relics":["Cracked Core","EVO:Axolotl","NeowsBlessing","ReplayTheSpireMod:CursedCoin","ClockworkSouvenir","Gremlin Horn","Centennial Puzzle"],"acts_visited":["Exordium"],"potions_floor_usage":[6,8],"damage_taken":[{"damage":0,"enemies":"Cultist","floor":1,"turns":1},{"damage":0,"enemies":"2 Louse","floor":2,"turns":1},{"damage":0,"enemies":"Small Slimes","floor":4,"turns":1},{"damage":52,"enemies":"Replay:BlueRogue","floor":6,"turns":11},{"damage":46,"enemies":"Gremlin Nob","floor":8,"turns":3}],"seed_played":"4740820058328274317","potions_obtained":[{"floor":1,"key":"potionbrewer:ToxicPotion"},{"floor":4,"key":"blueLaboratory:FrostheartPotion"}],"is_trial":false,"path_per_floor":["M","M","$","M","?","E","R","E"],"character_chosen":"DEFECT","items_purchased":["ReplayTheSpireMod:CursedCoin","ClockworkSouvenir"],"campfire_rested":1,"item_purchase_floors":[3,3],"current_hp_per_floor":[68,68,68,68,68,16,38,0,0],"gold":182,"neow_bonus":"THREE_ENEMY_KILL","is_daily":false,"chose_seed":false,"campfire_upgraded":0,"win_rate":0.0,"timestamp":1611109797,"path_taken":["M","?","$","M","?","E","R","E"],"items_purchased_type":["Relic","Relic"],"build_version":"2020-12-22","purchased_purges":0,"victory":false,"max_hp_per_floor":[75,75,75,75,75,75,75,75,75],"card_choices":[{"not_picked":["Redo","Stack","StuffTheSpire:LoadUp"],"picked":"SKIP","floor":1},{"not_picked":["Panic Button","Sweeping Beam","Ball Lightning"],"picked":"SKIP","floor":2},{"not_picked":["Fusion","StuffTheSpire:CleanHardDrive","Panic Button"],"picked":"SKIP","floor":4},{"not_picked":["Streamline","Turbo","Beam Cell"],"picked":"SKIP","floor":6}],"player_experience":1707013,"relics_obtained":[{"floor":6,"key":"Centennial Puzzle"}],"event_choices":[{"damage_healed":0,"gold_gain":0,"player_choice":"Box","damage_taken":0,"relics_obtained":["Gremlin Horn"],"max_hp_gain":0,"max_hp_loss":0,"event_name":"Big Fish","floor":5,"gold_loss":0,"cards_obtained":["Regret"]}],"is_beta":false,"boss_relics":[],"items_purged_floors":[],"is_endless":false,"potions_floor_spawned":[1,4],"killed_by":"Gremlin Nob","ascension_level":9}}