{"host":"9b7hrp48q3pna783","time":1611180215,"event":{"mods":["BaseMod","Colored Map","Colored Powertips","Highlight Path","Minty Spire (QoL Compilation)","Relic Stats"],"gold_per_floor":[118,118,17,31,31,63,73,87,87,9,24,53,53,87,87,185,185,195,195,195,195,212,241,241,256,256,256,256,256,181,25,25,124,124,139,139,139,152,172,203,203,237,237,237,237,250,250,250],"floor_reached":47,"language":"ENG","playtime":2309,"items_purged":["Regret"],"score":698,"play_id":"297dcf22-5203-4661-b13f-5995acd0bf7f","local_time":"20210120170335","is_ascension_mode":true,"campfire_choices":[{"data":"Crippling Poison","floor":13,"key":"SMITH"},{"floor":15,"key":"REST"},{"floor":24,"key":"REST"},{"data":"Accuracy","floor":27,"key":"SMITH"},{"floor":29,"key":"REST"},{"data":"Envenom","floor":32,"key":"SMITH"},{"data":"Calculated Gamble","floor":41,"key":"SMITH"},{"data":"After Image","floor":45,"key":"SMITH"}],"circlet_count":0,"master_deck":["Survivor","Neutralize","Crippling Poison+1","Deadly Poison","Riddle With Holes","Acrobatics","Blade Dance","Calculated Gamble+1","Footwork","A Thousand Cuts","Glass Knife","Flying Knee","Infinite Blades","Accuracy+1","Riddle With Holes","Finisher","Grand Finale","Envenom+1","Adrenaline","Blade Dance","PiercingWail","Calculated Gamble+1","Clumsy","Adrenaline","Writhe","Regret","Parasite","After Image+1","Injury","Prepared"],"relics":["Cursed Key","Incense Burner","White Beast Statue","Ninja Scroll","Gremlin Horn","Bottled Flame","Pandora\u0027s Box","Boot","CaptainsWheel","Lee\u0027s Waffle","Runic Dome","Calipers","Smiling Mask","Sundial"],"acts_visited":["Exordium","TheCity","TheBeyond"],"potions_floor_usage":[6,12,14,14,16,18,23,23,33,33,40,42,42,42,46,47],"damage_taken":[{"damage":3,"enemies":"Jaw Worm","floor":1,"turns":5},{"damage":0,"enemies":"2 Louse","floor":4,"turns":2},{"damage":7,"enemies":"3 Sentries","floor":6,"turns":7},{"damage":2,"enemies":"Small Slimes","floor":7,"turns":3},{"damage":7,"enemies":"3 Louse","floor":8,"turns":2},{"damage":2,"enemies":"Large Slime","floor":11,"turns":6},{"damage":22,"enemies":"Lagavulin","floor":12,"turns":7},{"damage":14,"enemies":"Gremlin Nob","floor":14,"turns":4},{"damage":5,"enemies":"Hexaghost","floor":16,"turns":8},{"damage":21,"enemies":"2 Thieves","floor":18,"turns":2},{"damage":3,"enemies":"Shell Parasite","floor":22,"turns":3},{"damage":15,"enemies":"Slavers","floor":23,"turns":4},{"damage":10,"enemies":"Snake Plant","floor":25,"turns":3},{"damage":12,"enemies":"Champ","floor":33,"turns":6},{"damage":42,"enemies":"3 Shapes","floor":35,"turns":2},{"damage":1,"enemies":"Orb Walker","floor":38,"turns":2},{"damage":11,"enemies":"Writhing Mass","floor":39,"turns":4},{"damage":17,"enemies":"Giant Head","floor":40,"turns":5},{"damage":0,"enemies":"Reptomancer","floor":42,"turns":3},{"damage":23,"enemies":"4 Shapes","floor":46,"turns":5},{"damage":11,"enemies":"Nemesis","floor":47,"turns":3}],"seed_played":"-6430524277538359655","potions_obtained":[{"floor":1,"key":"BlessingOfTheForge"},{"floor":7,"key":"FairyPotion"},{"floor":8,"key":"Explosive Potion"},{"floor":11,"key":"LiquidBronze"},{"floor":12,"key":"SkillPotion"},{"floor":14,"key":"DuplicationPotion"},{"floor":16,"key":"DuplicationPotion"},{"floor":18,"key":"CultistPotion"},{"floor":22,"key":"Fire Potion"},{"floor":23,"key":"FearPotion"},{"floor":25,"key":"Energy Potion"},{"floor":33,"key":"Block Potion"},{"floor":35,"key":"Swift Potion"},{"floor":38,"key":"SkillPotion"},{"floor":39,"key":"PowerPotion"},{"floor":40,"key":"SpeedPotion"},{"floor":42,"key":"Weak Potion"},{"floor":46,"key":"SkillPotion"}],"is_trial":false,"path_per_floor":["M","?","$","M","?","E","M","M","T","$","M","E","R","E","R","B",null,"M","?","?","?","M","E","R","M","T","R","?","R","?","$","R","B",null,"M","?","T","M","M","E","R","E","T","?","R","M","E"],"character_chosen":"THE_SILENT","items_purchased":["Deadly Poison","Footwork","Lee\u0027s Waffle"],"campfire_rested":3,"item_purchase_floors":[3,10,31],"current_hp_per_floor":[67,67,67,67,53,46,44,37,37,37,35,13,13,21,42,37,70,49,49,33,27,24,9,30,20,20,20,7,29,29,82,82,70,82,40,61,61,60,49,32,32,32,32,32,32,9,0,0],"gold":250,"neow_bonus":"BOSS_RELIC","is_daily":false,"chose_seed":false,"campfire_upgraded":5,"win_rate":0.0,"timestamp":1611180215,"path_taken":["M","?","$","M","?","E","M","M","T","$","M","E","R","E","R","BOSS","M","?","?","?","M","E","R","?","T","R","?","R","?","$","R","BOSS","M","?","?","M","M","E","R","E","T","?","R","?","E"],"items_purchased_type":["Card","Card","Relic"],"build_version":"2020-12-22","purchased_purges":1,"victory":false,"max_hp_per_floor":[70,70,70,70,70,70,70,70,70,70,70,70,70,70,70,70,70,70,70,70,70,70,70,70,70,70,70,75,75,75,82,82,82,82,82,82,82,82,82,82,82,82,82,82,82,82,82,82],"relic_stats":{"Lee\u0027s Waffle":53,"Gremlin Horn":[11,11],"counters":[21,86],"Sundial":[0],"Pandora\u0027s Box":["Glass Knife","Flying Knee","Infinite Blades","Accuracy","Riddle With Holes","Finisher","Grand Finale","Envenom","Adrenaline","Blade Dance"],"Cursed Key":4,"Boot":[232],"Smiling Mask":0,"obtain_stats":[{"Lee\u0027s Waffle":31,"Calipers":37,"Gremlin Horn":12,"Incense Burner":2,"Cursed Key":0,"Boot":23,"Smiling Mask":40,"White Beast Statue":6,"Runic Dome":34,"Bottled Flame":14,"CaptainsWheel":26,"Ninja Scroll":9,"Sundial":42,"Pandora\u0027s Box":17,"Ring of the Snake":0},{"Lee\u0027s Waffle":13,"Calipers":15,"Gremlin Horn":7,"Incense Burner":1,"Cursed Key":0,"Boot":12,"Smiling Mask":18,"White Beast Statue":3,"Runic Dome":14,"Bottled Flame":8,"CaptainsWheel":13,"Ninja Scroll":5,"Sundial":19,"Pandora\u0027s Box":9,"Ring of the Snake":0},{"Lee\u0027s Waffle":56,"Calipers":64,"Gremlin Horn":32,"Incense Burner":5,"Cursed Key":0,"Boot":53,"Smiling Mask":75,"White Beast Statue":14,"Runic Dome":62,"Bottled Flame":36,"CaptainsWheel":56,"Ninja Scroll":19,"Sundial":78,"Pandora\u0027s Box":44,"Ring of the Snake":0}]},"card_choices":[{"not_picked":["Expertise","Bouncing Flask"],"picked":"Crippling Poison","floor":1},{"not_picked":["Endless Agony","Sucker Punch"],"picked":"Riddle With Holes","floor":4},{"not_picked":["Flechettes","Backflip"],"picked":"Acrobatics","floor":6},{"not_picked":["Finisher","Eviscerate"],"picked":"Blade Dance","floor":7},{"not_picked":["Dagger Throw","Bane"],"picked":"Calculated Gamble","floor":8},{"not_picked":["Calculated Gamble","Infinite Blades","Cloak And Dagger"],"picked":"SKIP","floor":11},{"not_picked":["Reflex","Deflect","Dagger Spray"],"picked":"SKIP","floor":12},{"not_picked":["Phantasmal Killer","Blade Dance"],"picked":"Night Terror","floor":14},{"not_picked":["Doppelganger","Venomology"],"picked":"A Thousand Cuts","floor":16},{"not_picked":["Deflect","Dagger Throw"],"picked":"PiercingWail","floor":18},{"not_picked":["Deadly Poison+1","Bane","Masterful Stab"],"picked":"SKIP","floor":22},{"not_picked":["Finisher","Bullet Time","Distraction"],"picked":"SKIP","floor":23},{"not_picked":["Dagger Spray","Outmaneuver"],"picked":"Calculated Gamble+1","floor":25},{"not_picked":["Burst","Bullet Time"],"picked":"Adrenaline","floor":33},{"not_picked":["Deadly Poison+1","Outmaneuver","Setup"],"picked":"SKIP","floor":35},{"not_picked":["Concentrate","Slice+1","Finisher+1"],"picked":"SKIP","floor":38},{"not_picked":["Infinite Blades+1","Finisher+1","Outmaneuver"],"picked":"SKIP","floor":39},{"not_picked":["Deflect+1","Die Die Die","Dagger Throw"],"picked":"SKIP","floor":40},{"not_picked":["Outmaneuver+1","Doppelganger"],"picked":"After Image","floor":42},{"not_picked":["Deadly Poison+1","Bouncing Flask+1"],"picked":"Prepared","floor":46}],"player_experience":98139,"relics_obtained":[{"floor":6,"key":"White Beast Statue"},{"floor":9,"key":"Ninja Scroll"},{"floor":12,"key":"Gremlin Horn"},{"floor":14,"key":"Bottled Flame"},{"floor":23,"key":"Boot"},{"floor":26,"key":"CaptainsWheel"},{"floor":37,"key":"Calipers"},{"floor":40,"key":"Smiling Mask"},{"floor":42,"key":"Sundial"}],"event_choices":[{"damage_healed":0,"gold_gain":0,"player_choice":"Box","damage_taken":0,"relics_obtained":["Incense Burner"],"max_hp_gain":0,"max_hp_loss":0,"event_name":"Big Fish","floor":2,"gold_loss":0,"cards_obtained":["Regret"]},{"damage_healed":0,"gold_gain":0,"player_choice":"Entered Light","damage_taken":14,"max_hp_gain":0,"max_hp_loss":0,"event_name":"Shining Light","floor":5,"gold_loss":0,"cards_upgraded":["Strike_G","Defend_G"]},{"cards_removed":["Regret"],"damage_healed":0,"gold_gain":0,"player_choice":"Elegance","damage_taken":0,"max_hp_gain":0,"max_hp_loss":0,"event_name":"Back to Basics","floor":19,"gold_loss":0},{"damage_healed":0,"gold_gain":0,"player_choice":"Obtained Book","damage_taken":16,"max_hp_gain":0,"max_hp_loss":0,"event_name":"Cursed Tome","floor":20,"gold_loss":0},{"damage_healed":0,"gold_gain":0,"player_choice":"","damage_taken":6,"max_hp_gain":0,"max_hp_loss":0,"event_name":"Knowing Skull","floor":21,"potions_obtained":[],"gold_loss":0,"cards_obtained":[]},{"damage_healed":0,"gold_gain":0,"player_choice":"Shed Blood","damage_taken":18,"max_hp_gain":5,"max_hp_loss":0,"event_name":"Forgotten Altar","floor":28,"gold_loss":0},{"cards_removed":["Night Terror"],"damage_healed":0,"gold_gain":0,"player_choice":"Gave Gold","damage_taken":0,"max_hp_gain":0,"max_hp_loss":0,"event_name":"Beggar","floor":30,"gold_loss":75},{"damage_healed":21,"gold_gain":0,"player_choice":"Writhe","damage_taken":0,"max_hp_gain":0,"max_hp_loss":0,"event_name":"Winding Halls","floor":36,"gold_loss":0,"cards_obtained":["Writhe"]},{"damage_healed":0,"gold_gain":0,"player_choice":"Ignored","damage_taken":0,"max_hp_gain":0,"max_hp_loss":0,"event_name":"SecretPortal","floor":44,"gold_loss":0}],"is_beta":false,"boss_relics":[{"not_picked":["Ectoplasm","Velvet Choker"],"picked":"Pandora\u0027s Box"},{"not_picked":["Astrolabe","Busted Crown"],"picked":"Runic Dome"}],"items_purged_floors":[3],"is_endless":false,"potions_floor_spawned":[1,7,8,11,12,14,16,18,22,23,25,33,35,38,39,40,42,46],"killed_by":"Nemesis","ascension_level":2}}