{"host":"rzpi613efy9j52u4","time":1611107597,"event":{"mods":["Aspiration","BaseMod","Colored Powertips","Downfall","Hermit","Hubris","Marisa????????","Minty Spire (QoL Compilation)","Rare Cards Sparkle","StSLib","The Cursed","The Necromancer","The Servant 0.9.4"],"gold_per_floor":[115,115,126,126,145,145,178,193,240,260,335,367,381,397,397,493,493,512,512,528,528,547,547,580,594,594,623,723,723,723,532,532,636,636,653,653,669,669,669,669,189,189,189,218,218,234,234,250,250,250],"floor_reached":51,"language":"ENG","playtime":5606,"items_purged":[],"score":775,"play_id":"2acb6206-8562-4f65-86c7-f9db9321c7af","local_time":"20210119205317","is_ascension_mode":false,"campfire_choices":[{"data":"TheCursedMod:CircleOfFlame","floor":6.0,"key":"SMITH"},{"data":"TheCursedMod:SpitefulPray","floor":15.0,"key":"SMITH"},{"data":"TheCursedMod:HellfireBreathing","floor":23.0,"key":"SMITH"},{"floor":30.0,"key":"REST"},{"floor":32,"key":"REST"},{"floor":40,"key":"REST"},{"data":"TheCursedMod:CursedRelics","floor":42,"key":"SMITH"},{"data":"TheCursedMod:ParallelWorld","floor":45,"key":"SMITH"},{"data":"TheCursedMod:CleanUpWorkshop","floor":49,"key":"SMITH"}],"circlet_count":0,"master_deck":["TheCursedMod:Strike_TheCursed","TheCursedMod:Strike_TheCursed","TheCursedMod:Strike_TheCursed","TheCursedMod:Strike_TheCursed","TheCursedMod:Defend_TheCursed","TheCursedMod:Defend_TheCursed","TheCursedMod:Defend_TheCursed","TheCursedMod:CursedWand","TheCursedMod:CleanUpWorkshop+1","TheCursedMod:Dregs","TheCursedMod:CursedBlade","TheCursedMod:SurpriseAttack","TheCursedMod:CursedWand","TheCursedMod:CursedRelics+1","TheCursedMod:CircleOfFlame+1","TheCursedMod:Hemoplague","TheCursedMod:SpitefulPray+1","TheCursedMod:RapidMovement","TheCursedMod:Grudge","TheCursedMod:HellfireBreathing+1","TheCursedMod:SpitefulStrike","TheCursedMod:CircleOfAbyss+1","TheCursedMod:WearCloak","TheCursedMod:HellsGateOpen+1","TheCursedMod:SurpriseAttack","TheCursedMod:CursedBoomerang","TheCursedMod:VitalStrike+1","TheCursedMod:Mangle+1","TheCursedMod:RavingStaff+1","TheCursedMod:Stretching","TheCursedMod:ParallelWorld+1","TheCursedMod:CircleOfCorruption","TheCursedMod:ReleasedStrength","TheCursedMod:LuckyCharm","TheCursedMod:AshesToAshes","TheCursedMod:ReleasedStrength+1","TheCursedMod:ReleasedKnowledge+1","Slimebound:SlimeSpikes"],"relics":["TheCursedMod:BlackMagic101","Happy Flower","Matryoshka","Vajra","aspiration:Lifesprig","TheCursedMod:BloodyHarpoon","Philosopher\u0027s Stone","NlothsMask","hubris:64BitClover","hubris:FunFungus","Calipers","aspiration:AnachronicSnailShell","hubris:DisguiseKit","Oddly Smooth Stone","aspiration:PoetsPen_weak","hubris:Icosahedron","Darkstone Periapt","Strawberry","Pear","White Beast Statue"],"acts_visited":["Exordium","TheCity","TheBeyond"],"potions_floor_usage":[33,33,37,44,46,46,50,50,50],"damage_taken":[{"damage":0.0,"enemies":"Small Slimes","floor":1.0,"turns":3.0},{"damage":4.0,"enemies":"Cultist","floor":3.0,"turns":4.0},{"damage":1.0,"enemies":"Jaw Worm","floor":5.0,"turns":3.0},{"damage":12.0,"enemies":"Gremlin Nob","floor":7.0,"turns":4.0},{"damage":0.0,"enemies":"Large Slime","floor":8.0,"turns":4.0},{"damage":0.0,"enemies":"Red Slaver","floor":10.0,"turns":1.0},{"damage":17.0,"enemies":"Lagavulin","floor":12.0,"turns":8.0},{"damage":6.0,"enemies":"Gremlin Gang","floor":13.0,"turns":2.0},{"damage":1.0,"enemies":"Large Slime","floor":14.0,"turns":4.0},{"damage":11.0,"enemies":"Slime Boss","floor":16.0,"turns":8.0},{"damage":0.0,"enemies":"2 Thieves","floor":18.0,"turns":3.0},{"damage":0.0,"enemies":"Chosen","floor":20.0,"turns":4.0},{"damage":11.0,"enemies":"Centurion and Healer","floor":22.0,"turns":4.0},{"damage":0.0,"enemies":"Gremlin Leader","floor":24.0,"turns":5.0},{"damage":24.0,"enemies":"Snake Plant","floor":25.0,"turns":4.0},{"damage":11.0,"enemies":"Slavers","floor":27.0,"turns":3.0},{"damage":10.0,"enemies":"Colosseum Slavers","floor":28.0,"turns":3.0},{"damage":14.0,"enemies":"Colosseum Nobs","floor":28.0,"turns":4.0},{"damage":35,"enemies":"hubris:MusketHawk","floor":33,"turns":8},{"damage":0,"enemies":"Orb Walker","floor":35,"turns":2},{"damage":37,"enemies":"3 Shapes","floor":37,"turns":3},{"damage":2,"enemies":"Giant Head","floor":44,"turns":6},{"damage":0,"enemies":"3 Darklings","floor":46,"turns":3},{"damage":2,"enemies":"Jaw Worm Horde","floor":48,"turns":3},{"damage":21,"enemies":"Donu and Deca","floor":50,"turns":8}],"seed_played":"1166654819115731276","potions_obtained":[{"floor":1.0,"key":"AttackPotion"},{"floor":8.0,"key":"Block Potion"},{"floor":10.0,"key":"BlessingOfTheForge"},{"floor":14.0,"key":"DistilledChaos"},{"floor":22.0,"key":"DistilledChaos"},{"floor":25.0,"key":"Energy Potion"},{"floor":27.0,"key":"LiquidBronze"},{"floor":28.0,"key":"ColorlessPotion"},{"floor":33,"key":"SkillPotion"},{"floor":35,"key":"SkillPotion"},{"floor":44,"key":"champ:CounterPotion"},{"floor":46,"key":"SneckoOil"},{"floor":48,"key":"BlessingOfTheForge"}],"is_trial":false,"path_per_floor":["M","?","M","?","M","R","E","M","T","M","?","E","M","M","R","B",null,"M","?","M","?","M","R","E","M","T","E","?","?","R","$","R","B",null,"M","?","M","?","?","R","$","R","T","E","R","M","$","M","R","B",null],"character_chosen":"THE_CURSED","items_purchased":["Oddly Smooth Stone","TheCursedMod:Stretching","Darkstone Periapt","Strawberry","TheCursedMod:AshesToAshes"],"campfire_rested":3,"item_purchase_floors":[31,31,41,41,41],"current_hp_per_floor":[75,75,71,71,70,70,58,58,58,58,47,30,24,23,23,12,75,75,75,75,75,64,64,64,40,40,35,15,15,37,37,59,34,75,75,75,39,39,39,61,68,68,78,76,76,82,82,80,80,63],"gold":250,"neow_bonus":"RANDOM_COMMON_RELIC","is_daily":false,"chose_seed":false,"campfire_upgraded":6,"win_rate":0.0,"timestamp":1611107597,"path_taken":["M","?","?","?","?","R","E","M","T","M","?","E","M","M","R","BOSS","M","?","M","?","?","R","E","?","T","E","?","?","R","$","R","BOSS","M","?","M","?","?","R","$","R","T","E","R","M","$","M","R","BOSS"],"items_purchased_type":["Relic","Card","Relic","Relic","Card"],"build_version":"2020-12-13","purchased_purges":0,"victory":true,"max_hp_per_floor":[75,75,75,75,75,75,75,75,75,75,75,75,75,75,75,75,75,75,75,75,75,75,75,75,75,75,75,75,75,75,75,75,75,75,75,75,75,75,75,75,82,82,92,92,92,92,92,92,92,92],"card_choices":[{"not_picked":["TheCursedMod:EmpowerCircles","TheCursedMod:Grudge"],"picked":"TheCursedMod:CursedBlade","floor":1.0},{"not_picked":["TheCursedMod:Stretching","TheCursedMod:Torture"],"picked":"TheCursedMod:SurpriseAttack","floor":3.0},{"not_picked":["TheCursedMod:WearCloak","TheCursedMod:VitalStrike"],"picked":"TheCursedMod:CircleOfFlame","floor":5.0},{"not_picked":["TheCursedMod:Torture","TheCursedMod:CursedMace"],"picked":"TheCursedMod:Hemoplague","floor":7.0},{"not_picked":["TheCursedMod:Wield","TheCursedMod:SpreadPlague"],"picked":"TheCursedMod:SpitefulPray","floor":8.0},{"not_picked":["TheCursedMod:VitalStrike","TheCursedMod:SaltUponWound"],"picked":"TheCursedMod:RapidMovement","floor":10.0},{"not_picked":["TheCursedMod:RavingStaff","TheCursedMod:Evocation"],"picked":"TheCursedMod:Grudge","floor":12.0},{"not_picked":["TheCursedMod:CircleOfFocus","TheCursedMod:HellsGateOpen"],"picked":"TheCursedMod:HellfireBreathing","floor":13.0},{"not_picked":["TheCursedMod:SpreadPlague","TheCursedMod:Stretching"],"picked":"TheCursedMod:SpitefulStrike","floor":14.0},{"not_picked":["TheCursedMod:CursedRelics","TheCursedMod:AntiAging"],"picked":"TheCursedMod:CircleOfAbyss","floor":16.0},{"not_picked":["TheCursedMod:SpitefulStrike","TheCursedMod:Wield+1"],"picked":"TheCursedMod:WearCloak","floor":18.0},{"not_picked":["TheCursedMod:Stigma","TheCursedMod:TacticalStrike"],"picked":"TheCursedMod:HellsGateOpen+1","floor":20.0},{"not_picked":["TheCursedMod:CircleOfWindfury","TheCursedMod:VitalStrike"],"picked":"TheCursedMod:SurpriseAttack","floor":22.0},{"not_picked":["TheCursedMod:HellsGateOpen","TheCursedMod:ParallelWorld"],"picked":"TheCursedMod:CursedBoomerang","floor":24.0},{"not_picked":["TheCursedMod:Obscuration+1","TheCursedMod:CircleOfCorruption"],"picked":"TheCursedMod:VitalStrike+1","floor":25.0},{"not_picked":["TheCursedMod:CircleOfWindfury","TheCursedMod:FuryStrike"],"picked":"TheCursedMod:Mangle+1","floor":27.0},{"not_picked":["TheCursedMod:Wield","TheCursedMod:VitalStrike"],"picked":"TheCursedMod:RavingStaff+1","floor":28.0},{"not_picked":["TheCursedMod:ManaCirculation","TheCursedMod:DarkBarrier","Slimebound:Teamwork"],"picked":"TheCursedMod:ParallelWorld","floor":33},{"not_picked":["TheCursedMod:Hemoplague","TheCursedMod:SpitefulPlan","Slimebound:Schlurp"],"picked":"TheCursedMod:CircleOfCorruption","floor":35},{"not_picked":["TheCursedMod:VitalStrike","TheCursedMod:CursedShiv","Slimebound:TongueLash"],"picked":"TheCursedMod:ReleasedStrength","floor":37},{"not_picked":["TheCursedMod:CircleOfFlame","TheCursedMod:SpitefulStrike+1","Slimebound:GrowthPunch"],"picked":"TheCursedMod:ReleasedStrength+1","floor":44},{"not_picked":["TheCursedMod:CursedAmulet","TheCursedMod:RapidMovement+1","Slimebound:Replication"],"picked":"TheCursedMod:ReleasedKnowledge+1","floor":46},{"not_picked":["TheCursedMod:EmpowerCircles","TheCursedMod:Obscuration+1","TheCursedMod:TacticalStrike+1"],"picked":"Slimebound:SlimeSpikes","floor":48}],"player_experience":47966,"relics_obtained":[{"floor":7.0,"key":"Matryoshka"},{"floor":9.0,"key":"Vajra"},{"floor":9.0,"key":"aspiration:Lifesprig"},{"floor":12.0,"key":"TheCursedMod:BloodyHarpoon"},{"floor":24.0,"key":"hubris:64BitClover"},{"floor":26.0,"key":"hubris:FunFungus"},{"floor":27.0,"key":"Calipers"},{"floor":28.0,"key":"aspiration:AnachronicSnailShell"},{"floor":28.0,"key":"hubris:DisguiseKit"},{"floor":43,"key":"Pear"},{"floor":44,"key":"White Beast Statue"}],"event_choices":[{"cards_removed":["TheCursedMod:Defend_TheCursed"],"damage_healed":0.0,"max_hp_gain":0.0,"max_hp_loss":0.0,"gold_gain":0.0,"event_name":"Bonfire Elementals","player_choice":"Offered Basic","floor":2.0,"gold_loss":0.0,"damage_taken":0.0},{"damage_healed":0.0,"max_hp_gain":0.0,"max_hp_loss":0.0,"gold_gain":0.0,"event_name":"Match and Keep!","player_choice":"2 cards matched","floor":4.0,"gold_loss":0.0,"damage_taken":0.0,"cards_obtained":["TheCursedMod:CursedWand","TheCursedMod:CursedRelics"]},{"damage_healed":0.0,"max_hp_gain":0.0,"max_hp_loss":0.0,"gold_gain":75.0,"event_name":"World of Goop","player_choice":"Gather Gold","floor":11.0,"gold_loss":0.0,"damage_taken":11.0},{"damage_healed":0.0,"max_hp_gain":0.0,"max_hp_loss":0.0,"gold_gain":0.0,"event_name":"Beggar","player_choice":"Ignored","floor":19.0,"gold_loss":0.0,"damage_taken":0.0},{"damage_healed":0.0,"max_hp_gain":0.0,"max_hp_loss":0.0,"gold_gain":0.0,"event_name":"FaceTrader","player_choice":"Trade","floor":21.0,"gold_loss":0.0,"damage_taken":0.0,"relics_obtained":["NlothsMask"]},{"damage_healed":0.0,"max_hp_gain":0.0,"max_hp_loss":0.0,"gold_gain":0.0,"event_name":"Colosseum","player_choice":"Fight","floor":28.0,"gold_loss":0.0,"damage_taken":0.0},{"damage_healed":0.0,"max_hp_gain":0.0,"max_hp_loss":0.0,"gold_gain":0.0,"event_name":"Colosseum","player_choice":"Fought Nobs","floor":28.0,"gold_loss":0.0,"damage_taken":0.0},{"damage_healed":0.0,"max_hp_gain":0.0,"max_hp_loss":0.0,"gold_gain":0.0,"event_name":"Upgrade Shrine","player_choice":"Upgraded","floor":29.0,"gold_loss":0.0,"damage_taken":0.0,"cards_upgraded":["TheCursedMod:CircleOfAbyss"]},{"damage_healed":0,"gold_gain":0,"player_choice":"Ignored","damage_taken":0,"max_hp_gain":0,"max_hp_loss":0,"event_name":"Tomb of Lord Red Mask","floor":38,"gold_loss":0}],"is_beta":false,"boss_relics":[{"not_picked":["hubris:BlackHole","SacredBark"],"picked":"Philosopher\u0027s Stone"},{"not_picked":["Tiny House","Runic Pyramid"],"picked":"aspiration:PoetsPen_weak"}],"items_purged_floors":[],"is_endless":false,"potions_floor_spawned":[1,8,10,14,22,25,27,28,33,35,44,46,48],"ascension_level":0}}