{"host":"s41rn2jhghpwfrvz","time":1611121231,"event":{"mods":["BaseMod","Minty Spire (QoL Compilation)","Quick Restart","Relic Stats","SuperFastMode"],"gold_per_floor":[119,44,119,19,19,48,64,77,127,127,146,146,146,146],"floor_reached":13,"language":"ENG","playtime":181,"items_purged":["Defend_P","Strike_P"],"score":216,"play_id":"6e015ba1-1fbe-49a1-8221-21cecc788321","local_time":"20210120074031","is_ascension_mode":true,"campfire_choices":[{"data":"Eruption","floor":12,"key":"SMITH"}],"circlet_count":0,"master_deck":["AscendersBane","Strike_P","Strike_P","Strike_P","Defend_P+1","Defend_P+1","Eruption+1","Vigilance","Prostrate","Prostrate","Decay"],"relics":["PureWater","NeowsBlessing","War Paint"],"acts_visited":["Exordium"],"potions_floor_usage":[11,11,13],"damage_taken":[{"damage":0,"enemies":"Cultist","floor":1,"turns":1},{"damage":0,"enemies":"Gremlin Nob","floor":6,"turns":1},{"damage":0,"enemies":"Jaw Worm","floor":7,"turns":1},{"damage":4,"enemies":"2 Louse","floor":8,"turns":3},{"damage":22,"enemies":"Lots of Slimes","floor":11,"turns":3},{"damage":56,"enemies":"Lagavulin","floor":13,"turns":7}],"seed_played":"-4852784022674976195","potions_obtained":[{"floor":1,"key":"ColorlessPotion"},{"floor":6,"key":"Fire Potion"},{"floor":11,"key":"ColorlessPotion"}],"is_trial":false,"path_per_floor":["M","$","?","$","?","E","M","M","T","?","M","R","E"],"character_chosen":"WATCHER","items_purchased":[],"campfire_rested":0,"item_purchase_floors":[],"current_hp_per_floor":[61,61,50,50,50,50,50,46,46,46,24,24,0,0],"gold":146,"neow_bonus":"THREE_ENEMY_KILL","is_daily":false,"chose_seed":false,"campfire_upgraded":1,"win_rate":0.0,"timestamp":1611121231,"path_taken":["M","$","?","$","?","E","?","M","T","?","M","R","E"],"items_purchased_type":[],"build_version":"2020-12-22","purchased_purges":2,"victory":false,"max_hp_per_floor":[68,68,68,68,68,68,68,68,68,68,68,68,68,68],"relic_stats":{"counters":[6,16],"War Paint":["Defend_P","Defend_P"],"obtain_stats":[{"NeowsBlessing":0,"PureWater":0,"War Paint":6},{"NeowsBlessing":0,"PureWater":0,"War Paint":2},{"NeowsBlessing":0,"PureWater":0,"War Paint":2}]},"card_choices":[{"not_picked":["WreathOfFlame","FlurryOfBlows"],"picked":"Prostrate","floor":1},{"not_picked":["JustLucky","Nirvana","Collect"],"picked":"SKIP","floor":6},{"not_picked":["Wish","Protect"],"picked":"Prostrate","floor":7},{"not_picked":["Swivel","ClearTheMind","FlurryOfBlows"],"picked":"SKIP","floor":8},{"not_picked":["Consecrate","Halt","ThirdEye"],"picked":"SKIP","floor":11}],"player_experience":1812227,"relics_obtained":[{"floor":6,"key":"War Paint"}],"event_choices":[{"damage_healed":0,"gold_gain":75,"player_choice":"Gather Gold","damage_taken":11,"max_hp_gain":0,"max_hp_loss":0,"event_name":"World of Goop","floor":3,"gold_loss":0},{"cards_removed":["Defend_P"],"damage_healed":0,"gold_gain":0,"player_choice":"Purged","damage_taken":0,"max_hp_gain":0,"max_hp_loss":0,"event_name":"Purifier","floor":5,"gold_loss":0},{"damage_healed":0,"gold_gain":0,"player_choice":"Cursed","damage_taken":0,"max_hp_gain":0,"max_hp_loss":0,"event_name":"Wheel of Change","floor":10,"gold_loss":0,"cards_obtained":["Decay"]}],"is_beta":false,"boss_relics":[],"items_purged_floors":[2,4],"is_endless":false,"potions_floor_spawned":[1,6,11],"killed_by":"Lagavulin","ascension_level":20}}