{"host":"rq33ss4gawu1dric","time":1611152748,"event":{"mods":["BaseMod","Colored Map","Colored Powertips","Good Game Mod","Minty Spire (QoL Compilation)"],"gold_per_floor":[212,230,39,59,77,77,77,77,77,90,110,110,124,143,143,244,244,254,254,39,49,49,49,60,60,60,60,60,72,87,117,117,221,221,237,250,1249,1268,1268,1268,1282,1282,1308,1323,1343,1343,864,884,884,884,884],"floor_reached":50,"language":"ZHS","playtime":1530,"items_purged":["Strike_G","Defend_G","Envenom"],"score":535,"play_id":"39bce4d7-17df-41c9-b943-3e7e1270ea90","local_time":"20210120222548","is_ascension_mode":false,"campfire_choices":[{"data":"Catalyst","floor":6,"key":"SMITH"},{"floor":12,"key":"REST"},{"floor":15,"key":"REST"},{"data":"Deadly Poison","floor":23,"key":"SMITH"},{"data":"Backflip","floor":27,"key":"SMITH"},{"floor":32,"key":"REST"},{"floor":40,"key":"REST"},{"floor":42,"key":"REST"},{"floor":49,"key":"REST"}],"circlet_count":0,"master_deck":["Defend_G","Defend_G","Defend_G","Survivor","Neutralize+1","Poisoned Stab+1","Catalyst+1","Corpse Explosion+1","Deadly Poison+1","Catalyst+1","Bite","Bite","Bite","Bite","Bite","Backflip+1","Venomology","Crippling Poison+1","Catalyst+1","Deadly Poison+1","Terror+1"],"relics":["Ring of the Serpent","REME:ComplimentaryCards","Membership Card","Paper Crane","Pen Nib","Omamori","Bag of Marbles","Pantograph","Darkstone Periapt","Bronze Scales","Thread and Needle","CaptainsWheel","Strange Spoon"],"acts_visited":["Exordium","TheCity","TheBeyond"],"potions_floor_usage":[33,33,35,36,44,44,44],"damage_taken":[{"damage":11,"enemies":"Jaw Worm","floor":1,"turns":5},{"damage":2,"enemies":"Cultist","floor":2,"turns":4},{"damage":0,"enemies":"Small Slimes","floor":4,"turns":3},{"damage":7,"enemies":"Exordium Thugs","floor":5,"turns":7},{"damage":5,"enemies":"3 Louse","floor":10,"turns":5},{"damage":2,"enemies":"Looter","floor":11,"turns":3},{"damage":12,"enemies":"Large Slime","floor":13,"turns":5},{"damage":0,"enemies":"Blue Slaver","floor":14,"turns":3},{"damage":32,"enemies":"The Guardian","floor":16,"turns":8},{"damage":10,"enemies":"Chosen","floor":18,"turns":4},{"damage":7,"enemies":"Shell Parasite","floor":21,"turns":3},{"damage":0,"enemies":"3 Cultists","floor":24,"turns":2},{"damage":21,"enemies":"Shelled Parasite and Fungi","floor":29,"turns":3},{"damage":0,"enemies":"Centurion and Healer","floor":30,"turns":2},{"damage":27,"enemies":"Slavers","floor":31,"turns":2},{"damage":20,"enemies":"Champ","floor":33,"turns":4},{"damage":13,"enemies":"Orb Walker","floor":35,"turns":3},{"damage":41,"enemies":"3 Darklings","floor":36,"turns":3},{"damage":15,"enemies":"Maw","floor":38,"turns":4},{"damage":23,"enemies":"4 Shapes","floor":41,"turns":4},{"damage":21,"enemies":"Jaw Worm Horde","floor":44,"turns":3},{"damage":10,"enemies":"Transient","floor":45,"turns":5},{"damage":18,"enemies":"Sphere and 2 Shapes","floor":48,"turns":3},{"damage":64,"enemies":"Donu and Deca","floor":50,"turns":4}],"seed_played":"1317129503137430760","potions_obtained":[{"floor":2,"key":"FearPotion"},{"floor":13,"key":"Swift Potion"},{"floor":14,"key":"Strength Potion"},{"floor":16,"key":"Weak Potion"},{"floor":18,"key":"DuplicationPotion"},{"floor":29,"key":"FairyPotion"},{"floor":36,"key":"Poison Potion"},{"floor":48,"key":"FairyPotion"}],"is_trial":false,"path_per_floor":["M","M","$","M","M","R","?","?","T","M","M","R","M","M","R","B",null,"M","?","$","M","?","R","M","$","T","R","?","M","M","E","R","B",null,"M","M","?","M","?","R","M","R","T","M","M","?","$","M","R","B"],"character_chosen":"THE_SILENT","items_purchased":["Membership Card","Deadly Poison","Omamori","Bag of Marbles","Thread and Needle","CaptainsWheel","Strange Spoon","FearPotion","Block Potion"],"campfire_rested":6,"item_purchase_floors":[3,20,20,20,47,47,47,47,47],"current_hp_per_floor":[59,57,57,57,50,50,36,11,11,6,4,25,13,13,34,2,70,60,60,60,53,49,49,49,49,49,49,49,34,38,15,29,29,49,42,14,14,5,5,19,2,16,16,13,17,17,17,3,17,0,0],"gold":884,"neow_bonus":"HUNDRED_GOLD","is_daily":false,"chose_seed":false,"campfire_upgraded":3,"win_rate":0.0,"timestamp":1611152748,"path_taken":["M","M","$","M","M","R","?","?","T","?","M","R","M","M","R","BOSS","M","?","$","?","?","R","M","$","T","R","?","M","M","E","R","BOSS","M","M","?","M","?","R","M","R","T","M","?","?","$","M","R","BOSS"],"items_purchased_type":["Relic","Card","Relic","Relic","Relic","Relic","Relic","Potion","Potion"],"build_version":"2020-12-22","purchased_purges":3,"victory":false,"max_hp_per_floor":[70,70,70,70,70,70,70,70,70,70,70,70,70,70,70,70,70,70,70,70,70,49,49,49,49,49,49,49,49,49,49,49,49,49,49,49,49,49,49,49,49,49,49,49,49,49,49,49,49,49,49],"card_choices":[{"not_picked":["Riddle With Holes","Dagger Throw"],"picked":"Poisoned Stab","floor":1},{"not_picked":["PiercingWail","Blade Dance","Prepared"],"picked":"SKIP","floor":2},{"not_picked":["Sucker Punch","Flying Knee","Endless Agony"],"picked":"SKIP","floor":4},{"not_picked":["Backflip","Outmaneuver"],"picked":"Catalyst","floor":5},{"not_picked":["Underhanded Strike","Skewer"],"picked":"Corpse Explosion","floor":10},{"not_picked":["Blade Dance","Slice","Quick Slash"],"picked":"SKIP","floor":11},{"not_picked":["Flying Knee","PiercingWail","Sucker Punch"],"picked":"SKIP","floor":13},{"not_picked":["Slice","Poisoned Stab","Venomology"],"picked":"SKIP","floor":14},{"not_picked":["Phantasmal Killer","After Image"],"picked":"Envenom","floor":16},{"not_picked":["PiercingWail","Dagger Throw+1","Quick Slash"],"picked":"SKIP","floor":18},{"not_picked":["Riddle With Holes","Bouncing Flask"],"picked":"Catalyst+1","floor":21},{"not_picked":["Deflect","Endless Agony"],"picked":"Backflip","floor":24},{"not_picked":["Well Laid Plans","Flechettes+1","Blade Dance+1"],"picked":"SKIP","floor":29},{"not_picked":["Acrobatics","Outmaneuver","Quick Slash"],"picked":"SKIP","floor":30},{"not_picked":["Dagger Throw","Backflip","Masterful Stab"],"picked":"SKIP","floor":31},{"not_picked":["Unload","After Image"],"picked":"Venomology","floor":33},{"not_picked":["Distraction+1","Deflect+1","Flying Knee+1"],"picked":"SKIP","floor":35},{"not_picked":["Backflip","Deadly Poison"],"picked":"Crippling Poison+1","floor":36},{"not_picked":["Slice+1","PiercingWail"],"picked":"Catalyst+1","floor":38},{"not_picked":["PiercingWail+1","Dagger Spray"],"picked":"Terror+1","floor":41},{"not_picked":["Well Laid Plans","Underhanded Strike","Catalyst+1"],"picked":"SKIP","floor":44},{"not_picked":["PiercingWail+1","Backflip","Flechettes+1"],"picked":"SKIP","floor":45},{"not_picked":["Flechettes+1","Slice","PiercingWail"],"picked":"SKIP","floor":48}],"player_experience":26291,"relics_obtained":[{"floor":9,"key":"Pen Nib"},{"floor":26,"key":"Pantograph"},{"floor":31,"key":"Darkstone Periapt"},{"floor":43,"key":"Bronze Scales"}],"event_choices":[{"damage_healed":0,"gold_gain":0,"player_choice":"Entered Light","damage_taken":14,"max_hp_gain":0,"max_hp_loss":0,"event_name":"Shining Light","floor":7,"gold_loss":0,"cards_upgraded":["Poisoned Stab","Neutralize"]},{"damage_healed":0,"gold_gain":0,"player_choice":"Success","damage_taken":25,"relics_obtained":["Paper Crane"],"max_hp_gain":0,"max_hp_loss":0,"event_name":"Scrap Ooze","floor":8,"gold_loss":0},{"damage_healed":0,"gold_gain":0,"player_choice":"Forge","damage_taken":0,"max_hp_gain":0,"max_hp_loss":0,"event_name":"Accursed Blacksmith","floor":19,"gold_loss":0,"cards_upgraded":["Corpse Explosion"]},{"damage_healed":0,"gold_gain":0,"player_choice":"Became a vampire","damage_taken":0,"max_hp_gain":0,"max_hp_loss":21,"event_name":"Vampires","floor":22,"gold_loss":0,"cards_obtained":["Bite","Bite","Bite","Bite","Bite"]},{"cards_removed":["Defend_G"],"damage_healed":0,"gold_gain":0,"player_choice":"Purged","damage_taken":0,"max_hp_gain":0,"max_hp_loss":0,"event_name":"Purifier","floor":28,"gold_loss":0},{"damage_healed":0,"gold_gain":999,"player_choice":"Gold","damage_taken":0,"max_hp_gain":0,"max_hp_loss":0,"event_name":"MindBloom","floor":37,"gold_loss":0,"cards_obtained":["Normality","Normality"]},{"damage_healed":0,"gold_gain":0,"player_choice":"Copied","damage_taken":0,"max_hp_gain":0,"max_hp_loss":0,"event_name":"Duplicator","floor":39,"gold_loss":0,"cards_obtained":["Deadly Poison"]},{"damage_healed":0,"gold_gain":0,"player_choice":"Ignored","damage_taken":0,"max_hp_gain":0,"max_hp_loss":0,"event_name":"Tomb of Lord Red Mask","floor":46,"gold_loss":0}],"is_beta":false,"boss_relics":[{"not_picked":["Velvet Choker","Sozu","Busted Crown"]},{"not_picked":["Snecko Eye","Fusion Hammer"],"picked":"Ring of the Serpent"}],"items_purged_floors":[3,20,47],"is_endless":false,"potions_floor_spawned":[2,13,14,16,18,29,36,41,48],"killed_by":"Donu and Deca","ascension_level":0}}