{"host":"8v536rckjlpi3bq3","time":1611152955,"event":{"mods":["ATMod(阿瑾Mod)","Act Like it!","Aspiration","BaseMod","Colored Powertips","Conspire","Dota2Spire","Energized Spire","Gensokyo","Hallownest","HololiveMod","Jedi Mod","Koishi","KomeijiMod","Lobotomy","LobotomyExtend","Luminous","Marisa（F雨　魔理沙）","Minty Spire (QoL Compilation)","MostiFishMod","Relic Stats","Replay The Spire","Spicy Shops","StSLib","TestMod","The Blackbeard","The Hierophant","The Jungle","WarShipGirlsR/战舰少女R mod","Youmu（魂魄妖梦）","vexMod","【功能Mod】混沌之环修复补丁","【功能Mod】聪明的最终Boss","【角色mod】十八桐人","【遗物卡牌】REMEMod","篝火指南"],"gold_per_floor":[111,211,211,231,231,288,288,333,379,430,430,76,76,102,102,206,206,224,224,239,239,239],"floor_reached":21,"language":"ZHS","playtime":1384,"items_purged":[],"score":553,"play_id":"89081cbf-1150-45c0-a18f-23d829a0f03f","local_time":"20210120222915","daily_mods":["Vintage","Colorless Cards","Heirloom","Time Dilation","Flight"],"is_ascension_mode":false,"campfire_choices":[{"data":"Fusion","floor":15,"key":"SMITH"}],"circlet_count":0,"master_deck":["Strike_Black+1","Strike_Black","Strike_Black+1","Strike_Black","Defend_Black+1","Defend_Black","Defend_Black","Observe_Black","Fusion+1","AT_ManFootWork","SwordDance_Black+1","DefensiveStance_Black","FlashPuncture_Black","Stab_Black+1","testmod-BackupPower","Defender_Black","Thrust_Black+1","Elucidator_Black+1"],"relics":["TheHeartOfYui","Aincard","jedi:maincommand","DaveBox","replay:Trail_Library","REME_ComplimentaryCards","testmod-TestBox","AT_ATBox","ChiXiaoBlade","testmod-IntensifyImprint","BionicSphere","SynthV:TestCard","Frozen Egg 2","LetterFromLob","DianDianMeat","Replay:Bandana","Ice Cream","testmod-Justice","AT_ArchangelStaff","Matryoshka","Juzu Bracelet","Molten Egg 2","testmod-Charity","REME_PuzzleBoxRelic","testmod-BloodSacrificeSpiritualization","Replay:Wax Seal","jedi:heavyjacket","Simple Rune"],"acts_visited":["Gensokyo:Gensokyo","TheCity"],"potions_floor_usage":[8,20],"damage_taken":[{"damage":0,"enemies":"Gensokyo:2_Kodama","floor":1,"turns":3},{"damage":0,"enemies":"Gensokyo:Gryphon","floor":4,"turns":3},{"damage":0,"enemies":"Gensokyo:Cirno","floor":6,"turns":7},{"damage":0,"enemies":"Gensokyo:Aya","floor":8,"turns":5},{"damage":0,"enemies":"Gensokyo:Cirno","floor":10,"turns":6},{"damage":0,"enemies":"Gensokyo:Mamizou","floor":14,"turns":6},{"damage":0,"enemies":"Gensokyo:Reimu","floor":16,"turns":6},{"damage":0,"enemies":"Shell Parasite","floor":18,"turns":3},{"damage":0,"enemies":"3 Byrds","floor":20,"turns":3},{"damage":412,"enemies":"3 Cultists","floor":21,"turns":1}],"seed_played":"8756552244306080262","potions_obtained":[{"floor":4,"key":"Swift Potion"},{"floor":6,"key":"jedi:wingpotion"},{"floor":7,"key":"LiquidBronze"},{"floor":16,"key":"Elixir"},{"floor":20,"key":"DistilledChaos"}],"is_trial":true,"path_per_floor":["M","?","?","M","T","E","?","E","T","E","T","COS","?","E","R","B",null,"M","?","M","M"],"character_chosen":"THE_KIRITO","items_purchased":[],"campfire_rested":0,"item_purchase_floors":[],"current_hp_per_floor":[80,80,80,80,81,83,83,86,90,95,101,108,108,129,129,169,169,186,186,207,0,0],"gold":239,"neow_bonus":"","is_daily":false,"chose_seed":false,"campfire_upgraded":1,"win_rate":0.0,"timestamp":1611152955,"path_taken":["M","?","?","?","?","E","?","E","T","E","?","COS","?","E","R","BOSS","M","?","M","M"],"items_purchased_type":[],"build_version":"2020-12-22","purchased_purges":0,"victory":false,"max_hp_per_floor":[80,80,80,80,81,83,83,86,90,95,101,108,108,129,129,169,169,186,186,207,207,207],"relic_stats":{"counters":[10,43],"Juzu Bracelet":1,"obtain_stats":[{"Ice Cream":6,"AT_ATBox":0,"DaveBox":0,"jedi:command_rare":0,"Juzu Bracelet":11,"jedi:command_boss":17,"testmod-BloodSacrificeSpiritualization":17,"AT_ArchangelStaff":9,"testmod-Charity":12,"Replay:Bandana":5,"Matryoshka":10,"Replay:Wax Seal":18,"TheHeartOfYui":0,"replay:Trail_Library":0,"DianDianMeat":4,"testmod-IntensifyImprint":0,"jedi:command_uncommon":1,"jedi:command_common":5,"testmod-TestBox":0,"Aincard":0,"Frozen Egg 2":1,"testmod-Justice":8,"jedi:heavyjacket":18,"SynthV:TestCard":1,"BionicSphere":0,"ChiXiaoBlade":0,"Molten Egg 2":11,"Simple Rune":20,"LetterFromLob":1,"jedi:maincommand":0,"jedi:command_shop":12,"REME_PuzzleBoxRelic":14,"REME_ComplimentaryCards":0},{"Ice Cream":3,"AT_ATBox":0,"DaveBox":0,"jedi:command_rare":0,"Juzu Bracelet":5,"jedi:command_boss":7,"testmod-BloodSacrificeSpiritualization":7,"AT_ArchangelStaff":4,"testmod-Charity":5,"Replay:Bandana":2,"Matryoshka":5,"Replay:Wax Seal":8,"TheHeartOfYui":0,"replay:Trail_Library":0,"DianDianMeat":2,"testmod-IntensifyImprint":0,"jedi:command_uncommon":1,"jedi:command_common":2,"testmod-TestBox":0,"Aincard":0,"Frozen Egg 2":1,"testmod-Justice":4,"jedi:heavyjacket":8,"SynthV:TestCard":1,"BionicSphere":0,"ChiXiaoBlade":0,"Molten Egg 2":5,"Simple Rune":9,"LetterFromLob":1,"jedi:maincommand":0,"jedi:command_shop":5,"REME_PuzzleBoxRelic":6,"REME_ComplimentaryCards":0},{"Ice Cream":13,"AT_ATBox":0,"DaveBox":0,"jedi:command_rare":0,"Juzu Bracelet":24,"jedi:command_boss":36,"testmod-BloodSacrificeSpiritualization":36,"AT_ArchangelStaff":18,"testmod-Charity":24,"Replay:Bandana":6,"Matryoshka":24,"Replay:Wax Seal":37,"TheHeartOfYui":0,"replay:Trail_Library":0,"DianDianMeat":6,"testmod-IntensifyImprint":0,"jedi:command_uncommon":3,"jedi:command_common":6,"testmod-TestBox":0,"Aincard":0,"Frozen Egg 2":3,"testmod-Justice":18,"jedi:heavyjacket":39,"SynthV:TestCard":3,"BionicSphere":0,"ChiXiaoBlade":0,"Molten Egg 2":24,"Simple Rune":42,"LetterFromLob":3,"jedi:maincommand":0,"jedi:command_shop":24,"REME_PuzzleBoxRelic":30,"REME_ComplimentaryCards":0}]},"card_choices":[{"not_picked":["WeakHit_Black","PrewarPrepare_Black","Purity","testmod-Automaton"],"picked":"DefensiveStance_Black","floor":6},{"not_picked":["Guard_Black","MostiFishMod:KingOfFree","SelfCongested_Black","WeakHit_Black"],"picked":"FlashPuncture_Black","floor":8},{"not_picked":["jedi:forcepush","DoubleAttack_Black","Impatience","HorizontalSquareChopping_Black"],"picked":"testmod-BackupPower","floor":10},{"not_picked":["DexterityTransform_Black","Ghost_Black","WeakHit_Black","SmokeScreen_Black"],"picked":"Thrust_Black+1","floor":14},{"not_picked":["REME_PuzzleBox","AT_BreakingExtremeWeapon+1","MostiFishMod:KingOfFree+1","testmod-Dream"],"picked":"Elucidator_Black+1","floor":16}],"player_experience":265564,"relics_obtained":[{"floor":1,"key":"SynthV:TestCard"},{"floor":1,"key":"jedi:command_uncommon"},{"floor":1,"key":"LetterFromLob"},{"floor":4,"key":"jedi:command_rare"},{"floor":5,"key":"jedi:command_common"},{"floor":6,"key":"jedi:command_rare"},{"floor":8,"key":"jedi:command_uncommon"},{"floor":9,"key":"jedi:command_common"},{"floor":10,"key":"jedi:command_uncommon"},{"floor":11,"key":"jedi:command_common"},{"floor":11,"key":"jedi:command_uncommon"},{"floor":14,"key":"jedi:command_common"},{"floor":18,"key":"jedi:command_uncommon"},{"floor":20,"key":"jedi:command_common"}],"event_choices":[],"is_beta":false,"boss_relics":[{"not_picked":["jedi:command_boss","jedi:command_boss"],"picked":"jedi:command_boss"}],"items_purged_floors":[],"is_endless":true,"potions_floor_spawned":[4,6,16,20],"killed_by":"3 Cultists","ascension_level":0}}