{"host":"8i58hvcssdezoe94","time":1611173153,"event":{"mods":["Act Like it!","BaseMod","Colored Map","Conspire","Gensokyo","KinomotoSakuraMod(木之本樱)","Marisa（F雨　魔理沙）","Minty Spire (QoL Compilation)","Quick Restart","Remilia（蕾米莉亚）","Replay The Spire","StSLib","The Animator","The Bug Knight","The Construct","The Cursed","The Hierophant","The Jungle","The Servant 0.9.4"],"gold_per_floor":[113,193,193,205,32,32,43,43,43,43,43,62,62,74,74,171,171,185,185,185,185],"floor_reached":20,"language":"ZHS","playtime":475,"items_purged":[],"score":162,"play_id":"fc3b1706-15d7-4218-8f05-b4bf16f3296f","local_time":"20210121040553","is_ascension_mode":false,"campfire_choices":[{"floor":6,"key":"RECALL"},{"data":"Dualcast","floor":11,"key":"SMITH"},{"data":"White Noise","floor":13,"key":"SMITH"},{"data":"Zap","floor":15,"key":"SMITH"}],"circlet_count":0,"master_deck":["Strike_B","Strike_B","Strike_B","Strike_B","Defend_B","Defend_B","Defend_B","Defend_B","Zap+1","Dualcast+1","Conserve Battery","Undo","Ball Lightning","White Noise+1","Rebound","Core Surge","ReplayTheSpireMod:Dual Polarity"],"relics":["Cracked Core","NeowsBlessing","Gensokyo:PortableGap","conspire:InfiniteJournal","Vajra","SacredBark","Gensokyo:SongOfSouls","construct:RocketBooster"],"acts_visited":["Gensokyo:Gensokyo","Gensokyo:Gensokyoer"],"potions_floor_usage":[],"damage_taken":[{"damage":0,"enemies":"Gensokyo:Gryphon","floor":1,"turns":1},{"damage":0,"enemies":"Gensokyo:3_Fairies","floor":4,"turns":1},{"damage":0,"enemies":"Gensokyo:2_Kodama","floor":7,"turns":1},{"damage":0,"enemies":"Gensokyo:LivingMonolith","floor":12,"turns":3},{"damage":6,"enemies":"Gensokyo:VengefulSpirit","floor":14,"turns":6},{"damage":48,"enemies":"Gensokyo:Kokoro","floor":16,"turns":12},{"damage":19,"enemies":"Gensokyo:AngelMirror","floor":18,"turns":2},{"damage":5,"enemies":"Gensokyo:3_Dogs","floor":20,"turns":1}],"seed_played":"-154595992727092030","potions_obtained":[{"floor":14,"key":"CultistPotion"},{"floor":18,"key":"Toxic Potion"}],"is_trial":false,"path_per_floor":["M","?","?","M","COS","R","M","?","T","?","R","M","R","M","R","B",null,"M","?","M"],"character_chosen":"DEFECT","items_purchased":[],"campfire_rested":0,"item_purchase_floors":[],"current_hp_per_floor":[75,75,75,75,75,75,75,75,75,68,68,68,68,62,62,14,68,49,49,44,44],"gold":185,"neow_bonus":"THREE_ENEMY_KILL","is_daily":false,"chose_seed":false,"campfire_upgraded":3,"win_rate":0.0,"timestamp":1611173153,"path_taken":["M","?","?","M","COS","R","M","?","T","?","R","M","R","?","R","BOSS","M","?","M"],"items_purchased_type":[],"build_version":"2020-12-22","purchased_purges":0,"victory":false,"max_hp_per_floor":[75,75,75,75,75,75,75,75,75,68,68,68,68,68,68,68,68,68,68,68,68],"card_choices":[{"not_picked":["Hologram","BasicCrystalCard"],"picked":"Conserve Battery","floor":1},{"not_picked":["Panic Button","Gash"],"picked":"Undo","floor":4},{"not_picked":["Chaos","Compile Driver"],"picked":"Ball Lightning","floor":7},{"not_picked":["Consume","Conserve Battery"],"picked":"White Noise","floor":12},{"not_picked":["Ball Lightning","ReplayTheSpireMod:GoodbyeWorld"],"picked":"Rebound","floor":14},{"not_picked":["All For One","Reboot"],"picked":"Core Surge","floor":16},{"not_picked":["Steam","Cold Snap"],"picked":"ReplayTheSpireMod:Dual Polarity","floor":18}],"player_experience":63352,"relics_obtained":[],"event_choices":[{"damage_healed":0,"gold_gain":0,"player_choice":"Leave","damage_taken":0,"max_hp_gain":0,"max_hp_loss":0,"event_name":"conspire:Investor","floor":3,"gold_loss":0}],"is_beta":false,"boss_relics":[{"not_picked":["Coffee Dripper","conspire:SlowCooker"],"picked":"SacredBark"}],"items_purged_floors":[],"is_endless":false,"potions_floor_spawned":[14,18],"killed_by":"Gensokyo:3_Dogs","ascension_level":0}}