{"host":"0ueeacaatm8t6jyh","time":1611132659,"event":{"mods":["AchievementEnabler","BaseMod","Colored Powertips","Minty Spire (QoL Compilation)","Quick Restart","Rare Cards Sparkle","StSLib"],"gold_per_floor":[112,123,123,48,48,73,73,90,115,134,134,160,85,85,85,162,162,182,10,26,41,41,41,41,41],"floor_reached":24,"language":"ZHS","playtime":711,"items_purged":["Strike_R"],"score":458,"play_id":"a9f77aa8-c25d-4d3c-9f63-67a2bc8245fe","local_time":"20210120165059","is_ascension_mode":true,"campfire_choices":[{"data":"Sword Boomerang","floor":7.0,"key":"SMITH"},{"data":"Heavy Blade","floor":11.0,"key":"SMITH"},{"data":"Flame Barrier","floor":15.0,"key":"SMITH"},{"floor":23,"key":"REST"}],"circlet_count":0,"master_deck":["AscendersBane","Bash","Pommel Strike+1","Demon Form+1","Sword Boomerang+1","Heavy Blade+1","Flame Barrier+1","Sword Boomerang","Double Tap","Burning Pact","Double Tap","Reaper","Shockwave","Carnage","Hemokinesis","Intimidate","Warcry+1","Blood for Blood"],"relics":["Burning Blood","NeowsBlessing","Regal Pillow","Art of War","Pandora\u0027s Box","Lantern"],"acts_visited":["Exordium","TheCity"],"potions_floor_usage":[20],"damage_taken":[{"damage":0.0,"enemies":"Jaw Worm","floor":1.0,"turns":1.0},{"damage":0.0,"enemies":"Small Slimes","floor":2.0,"turns":1.0},{"damage":0.0,"enemies":"Gremlin Nob","floor":6.0,"turns":1.0},{"damage":0.0,"enemies":"Cultist","floor":8.0,"turns":3.0},{"damage":14.0,"enemies":"Looter","floor":10.0,"turns":3.0},{"damage":42.0,"enemies":"3 Sentries","floor":12.0,"turns":6.0},{"damage":32.0,"enemies":"Hexaghost","floor":16.0,"turns":8.0},{"damage":29.0,"enemies":"Spheric Guardian","floor":18.0,"turns":5.0},{"damage":20,"enemies":"3 Byrds","floor":20,"turns":5},{"damage":37,"enemies":"Cultist and Chosen","floor":21,"turns":6},{"damage":76,"enemies":"Book of Stabbing","floor":24,"turns":4}],"seed_played":"3532510658415524206","potions_obtained":[{"floor":6.0,"key":"BloodPotion"},{"floor":8.0,"key":"GamblersBrew"},{"floor":16.0,"key":"FairyPotion"},{"floor":18.0,"key":"LiquidMemories"},{"floor":20,"key":"Dexterity Potion"}],"is_trial":false,"path_per_floor":["M","M","?","$","?","E","R","M","T","M","R","E","?","?","R","B",null,"M","$","M","M","$","R","E"],"character_chosen":"IRONCLAD","items_purchased":["Lantern"],"campfire_rested":1,"item_purchase_floors":[19],"current_hp_per_floor":[74,75,52,52,57,63,63,69,69,61,61,25,25,25,25,15,64,41,41,27,8,8,47,0,0],"gold":41,"neow_bonus":"THREE_ENEMY_KILL","is_daily":false,"chose_seed":false,"campfire_upgraded":3,"win_rate":0.0,"timestamp":1611132659,"path_taken":["M","M","?","$","?","E","R","M","T","?","R","E","?","?","R","BOSS","M","$","M","M","$","R","E"],"items_purchased_type":["Relic"],"build_version":"2020-12-22","purchased_purges":1,"victory":false,"max_hp_per_floor":[75,75,75,75,80,80,80,80,80,80,80,80,80,80,80,80,80,80,80,80,80,80,80,80,80],"card_choices":[{"not_picked":["Wild Strike","Clothesline"],"picked":"Pommel Strike","floor":1.0},{"not_picked":["Flex","Sword Boomerang"],"picked":"Demon Form","floor":2.0},{"not_picked":["Metallicize","Dual Wield"],"picked":"Sword Boomerang","floor":6.0},{"not_picked":["Clothesline","Barricade"],"picked":"Heavy Blade","floor":8.0},{"not_picked":["Clothesline","Pommel Strike"],"picked":"Flame Barrier","floor":10.0},{"not_picked":["Rampage","Infernal Blade"],"picked":"Sword Boomerang","floor":12.0},{"not_picked":["Impervious","Berserk"],"picked":"Double Tap","floor":16.0},{"not_picked":["Pommel Strike","Reckless Charge","Thunderclap"],"picked":"SKIP","floor":18.0},{"not_picked":["Anger","Sword Boomerang"],"picked":"Warcry+1","floor":20},{"not_picked":["Iron Wave","Flex"],"picked":"Blood for Blood","floor":21}],"player_experience":415265,"relics_obtained":[{"floor":6.0,"key":"Regal Pillow"},{"floor":12.0,"key":"Art of War"}],"event_choices":[{"damage_healed":0.0,"max_hp_gain":0.0,"max_hp_loss":0.0,"gold_gain":0.0,"event_name":"Shining Light","player_choice":"Entered Light","floor":3.0,"gold_loss":0.0,"damage_taken":23.0,"cards_upgraded":["Pommel Strike","Defend_R"]},{"damage_healed":0.0,"max_hp_gain":5.0,"max_hp_loss":0.0,"gold_gain":0.0,"event_name":"Big Fish","player_choice":"Donut","floor":5.0,"gold_loss":0.0,"damage_taken":0.0},{"cards_removed":["Strike_R"],"damage_healed":0.0,"max_hp_gain":0.0,"max_hp_loss":0.0,"gold_gain":0.0,"event_name":"The Cleric","player_choice":"Card Removal","floor":13.0,"gold_loss":75.0,"damage_taken":0.0},{"damage_healed":0.0,"max_hp_gain":0.0,"max_hp_loss":0.0,"gold_gain":0.0,"event_name":"Upgrade Shrine","player_choice":"Upgraded","floor":14.0,"gold_loss":0.0,"damage_taken":0.0,"cards_upgraded":["Demon Form"]}],"is_beta":false,"boss_relics":[{"not_picked":["Ectoplasm","Runic Dome"],"picked":"Pandora\u0027s Box"}],"items_purged_floors":[4],"is_endless":false,"potions_floor_spawned":[6,8,16,18,20],"killed_by":"Book of Stabbing","ascension_level":20}}