{"host":"szp1d6dso4pv7ddl","time":1611116836,"event":{"mods":["AchievementEnabler","Alarm Clock","BaseMod","Bestiary","Block Reminder","Colored Map","Colored Powertips","Curses Come First","Dark Map","Displayed Cursed Tome","Highlight Path","Minty Spire (QoL Compilation)","Permanent Neow","Quick Restart","Relic Sorter","Relic Stats","StSLib","Synergy Search"],"gold_per_floor":[110,110,110,110,125,160,178,178,205,217,227,227,259,278,278,356,356,370,370,285,301,391,391,405,405,482,502,419,419,419,439,439,517,517,532,383,397,411,428,439,439,449,499,159,159,0,0,29,29,29,29,29,29,59,59,59],"floor_reached":55,"language":"ENG","playtime":3973,"items_purged":[],"score":1120,"play_id":"47cfbe4f-ec66-4b28-8a6a-91d1170f92ea","local_time":"20210119202716","is_ascension_mode":true,"campfire_choices":[{"floor":12.0,"key":"REST"},{"floor":15.0,"key":"REST"},{"data":"Shrug It Off","floor":23.0,"key":"SMITH"},{"data":"Impervious","floor":25.0,"key":"SMITH"},{"data":"Shrug It Off","floor":29.0,"key":"SMITH"},{"data":"Shrug It Off","floor":32.0,"key":"SMITH"},{"data":"Fiend Fire","floor":41.0,"key":"SMITH"},{"data":"Fiend Fire","floor":45.0,"key":"SMITH"},{"floor":47.0,"key":"RECALL"},{"data":"Bludgeon","floor":49.0,"key":"SMITH"},{"data":"Flame Barrier","floor":52,"key":"SMITH"}],"circlet_count":0,"master_deck":["AscendersBane","Strike_R+1","Defend_R+1","Defend_R","Defend_R","Bash","Bludgeon+1","Fiend Fire+1","Thunderclap","Second Wind","Cleave+1","Impervious+1","Fiend Fire+1","Shrug It Off+1","Heavy Blade","Shrug It Off+1","Carnage","Corruption","Sword Boomerang","Shrug It Off+1","Bludgeon+1","Shockwave","Dark Embrace+1","Clothesline+1","Flame Barrier+1","Sentinel","Clothesline+1","Power Through","Inflame","Bandage Up","Sentinel","Heavy Blade"],"relics":["Black Blood","Kunai","Nunchaku","Incense Burner","Vajra","Toy Ornithopter","Whetstone","Snecko Eye","Strawberry","Ancient Tea Set","Anchor","Red Mask","Eternal Feather"],"acts_visited":["Exordium","TheCity","TheBeyond","TheEnding"],"potions_floor_usage":[50],"damage_taken":[{"damage":1.0,"enemies":"Small Slimes","floor":1.0,"turns":3.0},{"damage":12.0,"enemies":"Jaw Worm","floor":5.0,"turns":2.0},{"damage":32.0,"enemies":"Lagavulin","floor":6.0,"turns":4.0},{"damage":0.0,"enemies":"2 Louse","floor":7.0,"turns":2.0},{"damage":14.0,"enemies":"Exordium Thugs","floor":10.0,"turns":3.0},{"damage":9.0,"enemies":"3 Louse","floor":11.0,"turns":3.0},{"damage":32.0,"enemies":"Gremlin Nob","floor":13.0,"turns":4.0},{"damage":1.0,"enemies":"Looter","floor":14.0,"turns":3.0},{"damage":34.0,"enemies":"The Guardian","floor":16.0,"turns":11.0},{"damage":14.0,"enemies":"Shell Parasite","floor":18.0,"turns":2.0},{"damage":0.0,"enemies":"Chosen","floor":21.0,"turns":3.0},{"damage":0.0,"enemies":"Centurion and Healer","floor":24.0,"turns":5.0},{"damage":0.0,"enemies":"Snecko","floor":27.0,"turns":3.0},{"damage":7.0,"enemies":"Shelled Parasite and Fungi","floor":31.0,"turns":3.0},{"damage":51.0,"enemies":"Collector","floor":33.0,"turns":10.0},{"damage":0.0,"enemies":"3 Shapes","floor":35.0,"turns":3.0},{"damage":17.0,"enemies":"Orb Walker","floor":37.0,"turns":4.0},{"damage":45.0,"enemies":"Spire Growth","floor":38.0,"turns":4.0},{"damage":0.0,"enemies":"4 Shapes","floor":39.0,"turns":3.0},{"damage":0.0,"enemies":"Jaw Worm Horde","floor":40.0,"turns":2.0},{"damage":0.0,"enemies":"Sphere and 2 Shapes","floor":42.0,"turns":4.0},{"damage":20.0,"enemies":"Nemesis","floor":48.0,"turns":5.0},{"damage":54,"enemies":"Awakened One","floor":50,"turns":32},{"damage":25,"enemies":"Shield and Spear","floor":54,"turns":5},{"damage":71,"enemies":"The Heart","floor":55,"turns":3}],"seed_played":"-8733583229664352433","potions_obtained":[{"floor":5.0,"key":"ElixirPotion"},{"floor":7.0,"key":"Dexterity Potion"},{"floor":27.0,"key":"Energy Potion"},{"floor":31.0,"key":"ElixirPotion"},{"floor":38.0,"key":"DistilledChaos"},{"floor":48.0,"key":"BloodPotion"}],"is_trial":false,"path_per_floor":["M","?","?","?","M","E","M","$","T","M","M","R","E","M","R","B",null,"M","?","?","M","?","R","M","R","T","M","$","R","?","M","R","B",null,"M","$","M","M","M","M","R","M","T","$","R","?","R","E","R","B",null,"R","$","E","B"],"character_chosen":"IRONCLAD","items_purchased":["Shrug It Off","Carnage","Strawberry","Power Through","Anchor","Inflame","Bandage Up"],"campfire_rested":2,"item_purchase_floors":[28,28,36,44,44,44,44],"current_hp_per_floor":[68,61,47,47,41,15,21,21,21,13,10,30,9,14,34,11,54,46,46,46,52,40,40,46,46,46,52,52,52,52,51,51,11,54,66,73,68,35,47,59,59,71,71,71,71,71,71,72,72,50,69,69,69,60,0,0],"gold":59,"neow_bonus":"TRANSFORM_TWO_CARDS","is_daily":false,"chose_seed":false,"campfire_upgraded":8,"win_rate":0.0,"timestamp":1611116836,"path_taken":["M","?","?","?","M","E","M","?","T","?","M","R","E","M","R","BOSS","M","?","?","M","?","R","?","R","T","M","$","R","?","M","R","BOSS","M","$","M","M","M","M","R","M","T","$","R","?","R","E","R","BOSS","R","$","E","BOSS"],"items_purchased_type":["Card","Card","Relic","Card","Relic","Card","Card"],"build_version":"2020-12-22","purchased_purges":0,"victory":false,"max_hp_per_floor":[68,68,68,68,68,68,68,68,68,68,68,68,68,68,68,68,68,68,68,68,68,68,68,68,68,68,68,68,68,68,68,68,68,68,68,75,75,75,75,75,75,75,75,75,75,75,75,75,75,75,75,75,75,75,75,75],"relic_stats":{"Nunchaku":[13],"counters":[25,126],"Black Blood":193,"Snecko Eye":[156,169,171,151],"Eternal Feather":0,"Kunai":[18],"Whetstone":["Cleave","Bludgeon"],"obtain_stats":[{"Vajra":2,"Black Blood":34,"Eternal Feather":54,"Incense Burner":48,"Whetstone":13,"Ancient Tea Set":43,"Burning Blood":0,"Nunchaku":20,"Anchor":44,"Strawberry":36,"Snecko Eye":17,"Red Mask":46,"Kunai":6,"Toy Ornithopter":9},{"Vajra":1,"Black Blood":15,"Eternal Feather":24,"Incense Burner":22,"Whetstone":7,"Ancient Tea Set":21,"Burning Blood":0,"Nunchaku":10,"Anchor":21,"Strawberry":16,"Snecko Eye":9,"Red Mask":21,"Kunai":3,"Toy Ornithopter":4},{"Vajra":3,"Black Blood":61,"Eternal Feather":123,"Incense Burner":86,"Whetstone":21,"Ancient Tea Set":81,"Burning Blood":0,"Nunchaku":37,"Anchor":81,"Strawberry":64,"Snecko Eye":35,"Red Mask":81,"Kunai":9,"Toy Ornithopter":11}],"Toy Ornithopter":25},"card_choices":[{"not_picked":["Flex","Rage"],"picked":"Thunderclap","floor":1.0},{"not_picked":["Iron Wave","Hemokinesis"],"picked":"Cleave","floor":5.0},{"not_picked":["Headbutt","Dropkick","Body Slam"],"picked":"SKIP","floor":6.0},{"not_picked":["Thunderclap","Flex","Wild Strike"],"picked":"SKIP","floor":7.0},{"not_picked":["Flex","Thunderclap"],"picked":"Impervious","floor":10.0},{"not_picked":["Iron Wave","Warcry","Body Slam"],"picked":"SKIP","floor":11.0},{"not_picked":["Wild Strike","Clash","Dropkick"],"picked":"SKIP","floor":13.0},{"not_picked":["Wild Strike","Dual Wield","Havoc"],"picked":"SKIP","floor":14.0},{"not_picked":["Limit Break","Offering"],"picked":"Fiend Fire","floor":16.0},{"not_picked":["Sever Soul","Twin Strike","Thunderclap"],"picked":"SKIP","floor":18.0},{"not_picked":["Armaments","Fire Breathing"],"picked":"Heavy Blade","floor":21.0},{"not_picked":["Warcry","Sword Boomerang","Flex"],"picked":"SKIP","floor":24.0},{"not_picked":["Flex+1","Dual Wield","Thunderclap"],"picked":"SKIP","floor":27.0},{"not_picked":["Warcry","Thunderclap"],"picked":"Shrug It Off","floor":31.0},{"not_picked":["Exhume","Feed"],"picked":"Bludgeon","floor":33.0},{"not_picked":["Shrug It Off","Wild Strike"],"picked":"Shockwave","floor":35.0},{"not_picked":["Rampage","Second Wind"],"picked":"Dark Embrace+1","floor":37.0},{"not_picked":["Shrug It Off","Perfected Strike+1"],"picked":"Clothesline+1","floor":38.0},{"not_picked":["Berserk","Shrug It Off"],"picked":"Flame Barrier","floor":39.0},{"not_picked":["Body Slam+1","Flex"],"picked":"Sentinel","floor":40.0},{"not_picked":["Combust+1","Iron Wave+1"],"picked":"Clothesline+1","floor":42.0},{"not_picked":["Pummel+1","Reckless Charge"],"picked":"Sentinel","floor":48.0},{"not_picked":["True Grit","Sword Boomerang"],"picked":"Heavy Blade","floor":54}],"player_experience":1232523,"relics_obtained":[{"floor":6.0,"key":"Kunai"},{"floor":9.0,"key":"Toy Ornithopter"},{"floor":13.0,"key":"Whetstone"},{"floor":43.0,"key":"Ancient Tea Set"},{"floor":48.0,"key":"Incense Burner"},{"floor":54,"key":"Eternal Feather"}],"event_choices":[{"damage_healed":0.0,"max_hp_gain":0.0,"max_hp_loss":0.0,"gold_gain":0.0,"event_name":"Scrap Ooze","player_choice":"Success","floor":2.0,"gold_loss":0.0,"damage_taken":7.0,"relics_obtained":["Vajra"]},{"damage_healed":0.0,"max_hp_gain":0.0,"max_hp_loss":0.0,"gold_gain":0.0,"event_name":"Shining Light","player_choice":"Entered Light","floor":3.0,"gold_loss":0.0,"damage_taken":14.0,"cards_upgraded":["Defend_R","Strike_R"]},{"damage_healed":0.0,"max_hp_gain":0.0,"max_hp_loss":0.0,"gold_gain":0.0,"cards_transformed":["Strike_R"],"event_name":"Living Wall","player_choice":"Change","floor":4.0,"gold_loss":0.0,"damage_taken":0.0,"cards_obtained":["Second Wind"]},{"damage_healed":0.0,"max_hp_gain":0.0,"max_hp_loss":0.0,"gold_gain":0.0,"event_name":"The Library","player_choice":"Read","floor":19.0,"gold_loss":0.0,"damage_taken":0.0,"cards_obtained":["Shrug It Off"]},{"damage_healed":0.0,"max_hp_gain":0.0,"max_hp_loss":0.0,"gold_gain":0.0,"event_name":"Addict","player_choice":"Obtained Relic","floor":20.0,"gold_loss":85.0,"damage_taken":0.0,"relics_obtained":["Nunchaku"]},{"damage_healed":0.0,"max_hp_gain":0.0,"max_hp_loss":0.0,"gold_gain":90.0,"event_name":"Knowing Skull","player_choice":"GOLD ","floor":22.0,"potions_obtained":[],"gold_loss":0.0,"damage_taken":12.0,"cards_obtained":[]},{"damage_healed":0.0,"max_hp_gain":0.0,"max_hp_loss":0.0,"gold_gain":0.0,"cards_transformed":["Strike_R","Strike_R"],"event_name":"Drug Dealer","player_choice":"Became Test Subject","floor":30.0,"gold_loss":0.0,"damage_taken":0.0,"cards_obtained":["Corruption","Sword Boomerang"]},{"damage_healed":0.0,"max_hp_gain":0.0,"max_hp_loss":0.0,"gold_gain":0.0,"event_name":"Tomb of Lord Red Mask","player_choice":"Paid","floor":46.0,"gold_loss":159.0,"damage_taken":0.0,"relics_obtained":["Red Mask"]}],"is_beta":false,"boss_relics":[{"not_picked":["Mark of Pain","Black Star"],"picked":"Snecko Eye"},{"not_picked":["Busted Crown","Runic Pyramid"],"picked":"Black Blood"}],"items_purged_floors":[],"is_endless":false,"potions_floor_spawned":[5,7,10,27,31,38,39,48],"killed_by":"The Heart","ascension_level":14}}