{"host":"sav7uxregyirlf69","time":1611117499,"event":{"mods":["AchievementEnabler","BaseMod","Colored Map","DeckTracker","Keyboard Shortcuts","Minty Spire (QoL Compilation)","READ ME - Guardian Mod","StSLib","SuperFastMode"],"gold_per_floor":[109,122,20,40,40,40,53,73,73,73,85,146,157,82,82,159,159,173,8,58,71,71,71,71],"floor_reached":23,"language":"KOR","playtime":600,"items_purged":["Strike_G"],"score":366,"play_id":"8326101d-77ad-4e72-b987-e4be351df8cc","local_time":"20210120133819","is_ascension_mode":true,"campfire_choices":[{"data":"Finisher","floor":6.0,"key":"SMITH"},{"data":"Cloak And Dagger","floor":10.0,"key":"SMITH"},{"data":"Blade Dance","floor":15,"key":"SMITH"}],"circlet_count":0,"master_deck":["AscendersBane","Strike_G","Defend_G","Defend_G","Defend_G","Survivor","Neutralize","Blade Dance+1","Crippling Poison","Finesse","Finisher+1","Cloak And Dagger+1","Backflip","Blur","Burst","Well Laid Plans","Flying Knee","Adrenaline"],"relics":["Ring of the Snake","Singing Bowl","Meat on the Bone","Kunai"],"acts_visited":["Exordium","TheCity"],"potions_floor_usage":[12,18,23],"damage_taken":[{"damage":6.0,"enemies":"Cultist","floor":1.0,"turns":5.0},{"damage":0.0,"enemies":"Small Slimes","floor":2.0,"turns":5.0},{"damage":3.0,"enemies":"Jaw Worm","floor":4.0,"turns":4.0},{"damage":2.0,"enemies":"Large Slime","floor":7.0,"turns":3.0},{"damage":9.0,"enemies":"Red Slaver","floor":8.0,"turns":4.0},{"damage":0.0,"enemies":"3 Louse","floor":11.0,"turns":3.0},{"damage":25,"enemies":"3 Sentries","floor":12,"turns":9},{"damage":0,"enemies":"Large Slime","floor":13,"turns":5},{"damage":3,"enemies":"The Guardian","floor":16,"turns":14},{"damage":16,"enemies":"Chosen","floor":18,"turns":6},{"damage":15,"enemies":"3 Byrds","floor":21,"turns":5},{"damage":52,"enemies":"Gremlin Leader","floor":23,"turns":10}],"seed_played":"-7001065118058107620","potions_obtained":[{"floor":2.0,"key":"Weak Potion"},{"floor":8.0,"key":"Poison Potion"},{"floor":12,"key":"AttackPotion"},{"floor":13,"key":"EssenceOfSteel"}],"is_trial":false,"path_per_floor":["M","M","$","M","?","R","M","M","T","R","M","?","M","?","R","B",null,"M","$","?","M","?","E"],"character_chosen":"THE_SILENT","items_purchased":["Finesse","Well Laid Plans"],"campfire_rested":0,"item_purchase_floors":[3,19],"current_hp_per_floor":[38,38,38,35,35,35,35,26,26,26,38,27,39,39,39,36,62,48,48,48,47,47,0,0],"gold":71,"neow_bonus":"REMOVE_TWO","is_daily":false,"chose_seed":false,"campfire_upgraded":3,"win_rate":0.0,"timestamp":1611117499,"path_taken":["M","?","?","M","?","R","M","M","T","R","?","?","M","?","R","BOSS","M","$","?","?","?","E"],"items_purchased_type":["Card","Card"],"build_version":"2020-12-22","purchased_purges":1,"victory":false,"max_hp_per_floor":[66,66,66,66,66,66,68,68,68,68,68,70,70,70,70,70,70,72,72,72,74,74,74,74],"card_choices":[{"not_picked":["Concentrate","Prepared"],"picked":"Blade Dance","floor":1.0},{"not_picked":["Tactician","Acrobatics"],"picked":"Crippling Poison","floor":2.0},{"not_picked":["Backflip","Caltrops"],"picked":"Finisher","floor":4.0},{"not_picked":["Slice","Setup","Catalyst"],"picked":"Singing Bowl","floor":7.0},{"not_picked":["Outmaneuver","Prepared"],"picked":"Cloak And Dagger","floor":8.0},{"not_picked":["Quick Slash","Heel Hook"],"picked":"Backflip","floor":11},{"not_picked":["Bane","Riddle With Holes","Flechettes"],"picked":"Singing Bowl","floor":12},{"not_picked":["Expertise","Accuracy"],"picked":"Blur","floor":13},{"not_picked":["Storm of Steel","Die Die Die"],"picked":"Burst","floor":16},{"not_picked":["Footwork","Dodge and Roll","Sucker Punch"],"picked":"Singing Bowl","floor":18},{"not_picked":["Outmaneuver","Dash+1","Cloak And Dagger"],"picked":"Singing Bowl","floor":21}],"player_experience":1321163,"relics_obtained":[{"floor":9.0,"key":"Meat on the Bone"},{"floor":12,"key":"Kunai"}],"event_choices":[{"damage_healed":0.0,"max_hp_gain":0.0,"max_hp_loss":0.0,"gold_gain":0.0,"event_name":"WeMeetAgain","player_choice":"Gave Potion","floor":5.0,"gold_loss":0.0,"damage_taken":0.0,"relics_obtained":["Singing Bowl"]},{"damage_healed":0,"gold_gain":0,"player_choice":"Searched \u00271\u0027 times","damage_taken":0,"max_hp_gain":0,"max_hp_loss":0,"event_name":"Dead Adventurer","floor":12,"gold_loss":0},{"cards_removed":["Defend_G"],"damage_healed":0,"gold_gain":0,"player_choice":"Card Removal","damage_taken":0,"max_hp_gain":0,"max_hp_loss":0,"event_name":"The Cleric","floor":14,"gold_loss":75},{"damage_healed":0,"gold_gain":50,"player_choice":"Pray","damage_taken":0,"max_hp_gain":0,"max_hp_loss":0,"event_name":"Golden Shrine","floor":20,"gold_loss":0},{"damage_healed":0,"gold_gain":0,"cards_transformed":["Strike_G","Strike_G"],"player_choice":"Became Test Subject","damage_taken":0,"max_hp_gain":0,"max_hp_loss":0,"event_name":"Drug Dealer","floor":22,"gold_loss":0,"cards_obtained":["Flying Knee","Adrenaline"]}],"is_beta":false,"boss_relics":[{"not_picked":["Runic Dome","Snecko Eye","Ring of the Serpent"]}],"items_purged_floors":[19],"is_endless":false,"potions_floor_spawned":[2,8,12,13],"killed_by":"Gremlin Leader","ascension_level":20}}