{"host":"dyudzmz1c60osjjw","time":1611127002,"event":{"mods":["AchievementEnabler","BaseMod","BetterRewards","Colored Map","Conspire","Downfall","Duelist Mod","Friendly Minions","Hermit","Hubris","Infinite Spire","Koishi","Marisa????????","Minty Spire (QoL Compilation)","StSLib","The Administrix","The Animator","The Cursed","The Disciple","The Mystic","The Runesmith","The Servant 0.9.4"],"gold_per_floor":[99,119,19,38,38,53,53,87,87,115,132,152,52,86,101,196,196,96,116,134,134,44,44,44,44],"floor_reached":23,"language":"ENG","playtime":1889,"items_purged":["champ:Strike"],"score":201,"play_id":"3a61a740-f03f-4559-b7f6-6c9478099b22","local_time":"20210120181642","is_ascension_mode":false,"campfire_choices":[{"floor":1.0,"key":"RECALL"},{"floor":13.0,"key":"REST"},{"data":"champ:IronFortress","floor":18,"key":"SMITH"}],"circlet_count":0,"master_deck":["champ:Strike","champ:Strike","champ:Strike+1","champ:Defend","champ:Defend","champ:Defend","champ:Defend","champ:Execute","champ:Taunt","champ:PerfectedStrike","Ghostly","champ:FanOfKnives","champ:SteelEdge+1","champ:PerfectedStrike","champ:FancyFootwork","champ:PerfectedStrike","champ:FaceSlap","champ:IronFortress+1","champ:HoldFirm","champ:SteelEdge","champ:DefensiveShout","champ:RecklessLeap","champ:TripleStrike"],"relics":["champ:ChampionCrown","Bottled Flame","Whetstone","downfall:HeartBlessingGreen","InkBottle","Runic Pyramid","downfall:HeartBlessingRed"],"acts_visited":["Exordium","TheCity"],"potions_floor_usage":[22],"damage_taken":[{"damage":20.0,"enemies":"Cultist","floor":2.0,"turns":3.0},{"damage":10.0,"enemies":"Small Slimes","floor":4.0,"turns":3.0},{"damage":11.0,"enemies":"2 Louse","floor":6.0,"turns":3.0},{"damage":42.0,"enemies":"Gremlin Nob","floor":8.0,"turns":5.0},{"damage":21.0,"enemies":"Lagavulin","floor":10.0,"turns":4.0},{"damage":14.0,"enemies":"Red Slaver","floor":11.0,"turns":3.0},{"damage":0.0,"enemies":"2 Fungi Beasts","floor":12.0,"turns":2.0},{"damage":17.0,"enemies":"conspire:MimicChest","floor":14.0,"turns":5.0},{"damage":15.0,"enemies":"Blue Slaver","floor":15.0,"turns":3.0},{"damage":61.0,"enemies":"WA_ARCHETYPE_RETAIN","floor":16.0,"turns":8.0},{"damage":22,"enemies":"conspire:FuzzyDice","floor":19,"turns":6},{"damage":42,"enemies":"Chosen and Byrds","floor":20,"turns":7},{"damage":30,"enemies":"downfall:FleeingMerchant","floor":22,"turns":4},{"damage":56,"enemies":"3 Cultists","floor":23,"turns":5}],"seed_played":"-2790239214079622025","potions_obtained":[{"floor":4.0,"key":"SteroidPotion"},{"floor":8.0,"key":"GamblersBrew"},{"floor":16.0,"key":"SteroidPotion"},{"floor":19,"key":"Strength Potion"}],"is_trial":false,"path_per_floor":["R","M","?","M","?","M","T","E","?","E","M","M","R","?","M","B",null,"R","M","M","AVR","$","M"],"character_chosen":"THE_CHAMP","items_purchased":[],"campfire_rested":1,"item_purchase_floors":[],"current_hp_per_floor":[99,99,99,99,99,98,98,76,76,55,51,51,80,68,58,7,99,99,87,50,50,45,0,0,0],"gold":44,"neow_bonus":"TEN_PERCENT_HP_BONUS","is_daily":false,"chose_seed":false,"campfire_upgraded":1,"win_rate":0.0,"timestamp":1611127002,"path_taken":["R","M","?","M","?","M","T","E","?","E","M","?","R","?","M","BOSS","R","M","M","AVR","?","M"],"items_purchased_type":[],"build_version":"2020-12-22","purchased_purges":1,"victory":false,"max_hp_per_floor":[99,99,99,99,99,99,99,99,99,99,99,99,99,99,99,99,99,99,99,99,99,99,99,99,99],"card_choices":[{"not_picked":["champ:AdrenalArmor","champ:StanceDance"],"picked":"champ:PerfectedStrike","floor":2.0},{"not_picked":["champ:EnGarde","champ:GutPunch","champ:PreciseThrust"],"picked":"SKIP","floor":4.0},{"not_picked":["champ:DefensiveShout","champ:BerserkersShout"],"picked":"champ:FanOfKnives","floor":6.0},{"not_picked":["champ:SkillfulDodge","champ:FaceSlap"],"picked":"champ:SteelEdge","floor":8.0},{"not_picked":["champ:EndlessRage","champ:DefensiveShout"],"picked":"champ:FancyFootwork","floor":10.0},{"not_picked":["champ:PreciseThrust","champ:CrownThrow"],"picked":"champ:PerfectedStrike","floor":11.0},{"not_picked":["champ:CrownThrow","champ:Circumvent"],"picked":"champ:FaceSlap","floor":12.0},{"not_picked":["champ:HeartStrike","champ:EnGarde"],"picked":"champ:IronFortress","floor":14.0},{"not_picked":["champ:PerfectedStrike","champ:Circumvent"],"picked":"champ:HoldFirm","floor":15.0},{"not_picked":["champ:ShieldThrow","champ:DancingMaster"],"picked":"champ:SteelEdge","floor":16.0},{"not_picked":["champ:Parry","champ:HeartStrike+1"],"picked":"champ:DefensiveShout","floor":19},{"not_picked":["champ:BladeFlurry","champ:EndlessRage"],"picked":"champ:RecklessLeap","floor":20},{"not_picked":["champ:RecklessLeap","champ:FocusedBerserking+1"],"picked":"champ:TripleStrike","floor":22}],"player_experience":178009,"relics_obtained":[{"floor":8.0,"key":"Bottled Flame"},{"floor":10.0,"key":"Whetstone"},{"floor":14.0,"key":"InkBottle"}],"event_choices":[{"damage_healed":0.0,"max_hp_gain":0.0,"max_hp_loss":0.0,"gold_gain":0.0,"event_name":"conspire:LoneGhost","player_choice":"Argue","floor":3.0,"gold_loss":0.0,"damage_taken":0.0},{"damage_healed":0.0,"max_hp_gain":0.0,"max_hp_loss":0.0,"gold_gain":0.0,"event_name":"conspire:Investor","player_choice":"Leave","floor":5.0,"gold_loss":0.0,"damage_taken":0.0}],"is_beta":false,"boss_relics":[{"not_picked":["Tiny House","hubris:BlackHole"],"picked":"Runic Pyramid"}],"items_purged_floors":[22],"is_endless":false,"potions_floor_spawned":[4,8,16,19],"killed_by":"3 Cultists","ascension_level":0}}