{"host":"pno9h1fupbyz205f","time":1611185951,"event":{"mods":["Aspiration","BaseMod","Better Altar","Better Match","Better Note","Better Sensory Stone","Better Skull","Better Third Choice","Colored Map","Colored Powertips","Hermit","Highlight Path","Hubris","Infinite Spire","Jedi Mod","Mad Scientist","Marisa????????","Minty Spire (QoL Compilation)","Permanent Neow","Potionbrewer","Prisma Mod","Replay The Spire","Robot Space Explorer","Shop Mod","Spicy Shops","StSLib","Td1madao Mod","The Blackbeard","The Gatherer","The Hierophant","The Marked","The Poker Player","The Runesmith","The Servant 0.9.4","The Spell Scribe","The Vixen","thorton","vexMod"],"gold_per_floor":[110,35,35,35,58,96,119,119,169,169,169,169,169,185,185,306,306,325,325,341,341,44,75,86,86,86,86,101,119,121,60,61,69,69],"floor_reached":33,"language":"ENG","playtime":1406,"items_purged":["hermit:Strike_Hermit","hermit:Strike_Hermit","hermit:Strike_Hermit"],"score":263,"play_id":"677c5842-0c3f-48e2-a47d-35887075293b","local_time":"20210120153911","is_ascension_mode":false,"campfire_choices":[{"floor":8,"key":"REST"},{"data":"hermit:Snipe","floor":10,"key":"SMITH"},{"data":"hermit:Snapshot","floor":12,"key":"SMITH"},{"data":"hermit:FlashPowder","floor":15,"key":"SMITH"},{"floor":25,"key":"REST"},{"data":"hermit:Covet","floor":30,"key":"SMITH"}],"circlet_count":0,"master_deck":["hermit:Defend_Hermit","hermit:Defend_Hermit","hermit:Defend_Hermit","hermit:Snapshot+1","hermit:Covet+1","hermit:TrackingShot","hermit:Snipe+1","hermit:Enervate","hermit:FlashPowder+1","Injury","hermit:Horror","hermit:OverwhelmingPower+1","Envenom+1","hermit:SprayPray","hermit:Deadeye","hermit:Scavenge+1"],"relics":["hermit:Momento","Bloody Idol","Pocketwatch","jedi:cryingmask","MealTicket","Frozen Egg 2","Blood Vial","MerchantsRug","Blue Doll","hubris:Metronome","thethorton:BankDeed"],"acts_visited":["Exordium","TheCity"],"potions_floor_usage":[6,14,20,20,20,23],"damage_taken":[{"damage":5,"enemies":"Small Slimes","floor":1,"turns":3},{"damage":3,"enemies":"Jaw Worm","floor":5,"turns":3},{"damage":7,"enemies":"Gremlin Nob","floor":6,"turns":3},{"damage":0,"enemies":"Cultist","floor":7,"turns":2},{"damage":5,"enemies":"3 Louse","floor":14,"turns":2},{"damage":46,"enemies":"The Guardian","floor":16,"turns":11},{"damage":18,"enemies":"Chosen","floor":18,"turns":5},{"damage":10,"enemies":"Shell Parasite","floor":20,"turns":3},{"damage":16,"enemies":"Nightmare","floor":23,"turns":8},{"damage":16,"enemies":"Chosen and Byrds","floor":24,"turns":6},{"damage":28,"enemies":"Snake Plant","floor":28,"turns":4},{"damage":20,"enemies":"Cultist and Chosen","floor":29,"turns":5},{"damage":28,"enemies":"Pondfish","floor":33,"turns":6}],"seed_played":"-5288016762452191685","potions_obtained":[{"floor":5,"key":"Energy Potion"},{"floor":6,"key":"Languid Potion"},{"floor":14,"key":"SteroidPotion"},{"floor":16,"key":"Toxic Potion"},{"floor":18,"key":"potionbrewer:NoxiousPotion"},{"floor":20,"key":"Adrenaline Potion"}],"is_trial":false,"path_per_floor":["M","$","?","T","M","E","M","R","T","R","?","R","?","M","R","B",null,"M","?","M","?","$","NM","M","R","T","T","M","M","R","$","R_BF","B"],"character_chosen":"HERMIT","items_purchased":["MerchantsRug","TheAbacus","hermit:Scavenge"],"campfire_rested":2,"item_purchase_floors":[22,22,31],"current_hp_per_floor":[63,63,46,46,43,36,36,56,56,56,56,56,56,51,51,5,68,50,50,40,21,41,32,23,43,43,43,27,19,24,49,68,45,45],"gold":69,"neow_bonus":"REMOVE_TWO","is_daily":false,"chose_seed":false,"campfire_upgraded":4,"win_rate":0.0,"timestamp":1611185951,"path_taken":["M","$","?","?","?","E","M","R","T","R","?","R","?","M","R","BOSS","M","?","M","?","$","NM","M","R","T","?","M","?","R","$","R_BF","BOSS"],"items_purchased_type":["Relic","Relic","Card"],"build_version":"2020-12-22","purchased_purges":3,"victory":false,"max_hp_per_floor":[68,68,68,68,68,68,68,68,68,68,68,68,68,68,68,68,68,68,68,68,68,68,68,68,68,68,68,68,68,68,68,68,68,68],"card_choices":[{"not_picked":["hermit:Ricochet","hermit:CalledShot"],"picked":"hermit:TrackingShot","floor":1},{"not_picked":["hermit:HoleUp","hermit:BodyArmor"],"picked":"hermit:Snipe","floor":5},{"not_picked":["hermit:Desperado","hermit:FinalCanter"],"picked":"hermit:Enervate","floor":6},{"not_picked":["hermit:ItchyTrigger","hermit:Feint"],"picked":"hermit:FlashPowder","floor":7},{"not_picked":["hermit:Manifest","hermit:Spite","hermit:BodyArmor"],"picked":"SKIP","floor":14},{"not_picked":["hermit:RoundhouseKick","hermit:Roughhouse"],"picked":"hermit:OverwhelmingPower+1","floor":16},{"not_picked":["hermit:Feint","hermit:TakeCover","hermit:FullyLoaded"],"picked":"SKIP","floor":18},{"not_picked":["hermit:Quickdraw","hermit:Cheat","hermit:Shortfuse"],"picked":"SKIP","floor":20},{"not_picked":["hermit:Vantage","hermit:Ricochet","hermit:Manifest"],"picked":"SKIP","floor":23},{"not_picked":["hermit:TrackingShot+1","hermit:Manifest","hermit:CalledShot"],"picked":"SKIP","floor":24},{"not_picked":["hermit:FatalDesire+1","hermit:Coalescence"],"picked":"hermit:SprayPray","floor":28},{"not_picked":["hermit:ShadowCloak+1","hermit:Virtue+1"],"picked":"hermit:Deadeye","floor":29}],"player_experience":210785,"relics_obtained":[{"floor":4,"key":"Pocketwatch"},{"floor":6,"key":"jedi:cryingmask"},{"floor":9,"key":"MealTicket"},{"floor":23,"key":"Blue Doll"},{"floor":26,"key":"hubris:Metronome"},{"floor":27,"key":"thethorton:BankDeed"}],"event_choices":[{"damage_healed":0,"gold_gain":0,"player_choice":"Take Damage","damage_taken":17,"relics_obtained":["Golden Idol"],"max_hp_gain":0,"max_hp_loss":0,"event_name":"Golden Idol","floor":3,"gold_loss":0},{"cards_removed":["hermit:Horror"],"damage_healed":0,"gold_gain":0,"player_choice":"Take \u0026 Give","damage_taken":0,"max_hp_gain":0,"max_hp_loss":0,"event_name":"betterNote:BetterNote","floor":19,"gold_loss":0,"cards_obtained":["Envenom"]},{"damage_healed":0,"gold_gain":0,"player_choice":" GoldIdol Vial ","damage_taken":19,"relics_obtained":["Bloody Idol","Blood Vial"],"max_hp_gain":40,"max_hp_loss":21,"event_name":"betterAltar:BetterAltar","floor":21,"potions_obtained":[],"relics_lost":["Golden Idol"],"gold_loss":0}],"is_beta":false,"boss_relics":[{"not_picked":["vexMod:MegatonBomb","Ectoplasm"],"picked":"Fusion Hammer"}],"items_purged_floors":[2,22,22],"is_endless":true,"potions_floor_spawned":[5,6,14,16,18,20],"killed_by":"Pondfish","ascension_level":0}}