{"host":"2vm9o2fc5crca06n","time":1611178162,"event":{"mods":["BaseMod","Bestiary","Googly Eyes","Minty Spire (QoL Compilation)","SuperFastMode"],"gold_per_floor":[114,127,54,54,69,69,102,27,27,88,38,38,56,79,79,178,178,196,111,111,111,111,111,146,146,146,146,246,277,277,304,304,403,403,419,469,389,389,406,406,438,438,438,469,469,489,489,539,539,539],"floor_reached":51,"language":"ENG","playtime":2464,"items_purged":["Compile Driver"],"score":981,"play_id":"f416115e-f753-4236-844c-7d4aba8d3b90","local_time":"20210120212922","daily_mods":["SealedDeck"],"is_ascension_mode":false,"campfire_choices":[{"data":"Capacitor","floor":6,"key":"SMITH"},{"data":"Coolheaded","floor":12,"key":"SMITH"},{"data":"Barrage","floor":15,"key":"SMITH"},{"data":"Self Repair","floor":23,"key":"SMITH"},{"data":"Coolheaded","floor":25,"key":"SMITH"},{"data":"Go for the Eyes","floor":27,"key":"SMITH"},{"data":"Chill","floor":32,"key":"SMITH"},{"data":"Hologram","floor":40,"key":"SMITH"},{"data":"Machine Learning","floor":42,"key":"SMITH"},{"data":"Finesse","floor":49,"key":"SMITH"}],"circlet_count":0,"master_deck":["Barrage+1","Rebound+1","Compile Driver","Coolheaded+1","Coolheaded+1","Sweeping Beam","Go for the Eyes+1","Chill+1","Self Repair+1","Capacitor+1","Gash","Heatsinks","Machine Learning+1","Reboot","Gash","Capacitor+1","Core Surge","Self Repair","Madness","Madness","Beam Cell+1","Finesse+1","Scrape+1"],"relics":["Cracked Core","Sundial","Gambling Chip","Lizard Tail","Juzu Bracelet","Inserter","Pen Nib","Singing Bowl","DataDisk","Meat on the Bone","Incense Burner","Letter Opener","Red Mask","MutagenicStrength","Darkstone Periapt","Coffee Dripper","TungstenRod","Bronze Scales","FossilizedHelix","HornCleat","Centennial Puzzle"],"acts_visited":["Exordium","TheCity","TheBeyond"],"potions_floor_usage":[16,16,16,28,31,33,50],"damage_taken":[{"damage":2,"enemies":"Cultist","floor":1,"turns":3},{"damage":4,"enemies":"Small Slimes","floor":2,"turns":4},{"damage":0,"enemies":"2 Louse","floor":5,"turns":1},{"damage":4,"enemies":"3 Sentries","floor":7,"turns":6},{"damage":15,"enemies":"Lagavulin Event","floor":10,"turns":5},{"damage":0,"enemies":"2 Fungi Beasts","floor":13,"turns":3},{"damage":0,"enemies":"Slime Boss","floor":16,"turns":4},{"damage":2,"enemies":"3 Byrds","floor":18,"turns":4},{"damage":18,"enemies":"Book of Stabbing","floor":24,"turns":4},{"damage":18,"enemies":"Colosseum Slavers","floor":28,"turns":3},{"damage":11,"enemies":"Colosseum Nobs","floor":28,"turns":5},{"damage":0,"enemies":"Masked Bandits","floor":29,"turns":2},{"damage":25,"enemies":"Slavers","floor":31,"turns":5},{"damage":0,"enemies":"Collector","floor":33,"turns":5},{"damage":3,"enemies":"3 Darklings","floor":35,"turns":4},{"damage":0,"enemies":"Mind Bloom Boss Battle","floor":36,"turns":4},{"damage":4,"enemies":"3 Shapes","floor":39,"turns":20},{"damage":3,"enemies":"Nemesis","floor":41,"turns":5},{"damage":0,"enemies":"Giant Head","floor":44,"turns":4},{"damage":0,"enemies":"Maw","floor":46,"turns":5},{"damage":0,"enemies":"Donu and Deca","floor":50,"turns":5}],"seed_played":"6297019640072289667","potions_obtained":[{"floor":7,"key":"SpeedPotion"},{"floor":10,"key":"EntropicBrew"},{"floor":29,"key":"EssenceOfSteel"},{"floor":31,"key":"PowerPotion"},{"floor":35,"key":"Regen Potion"},{"floor":39,"key":"LiquidBronze"}],"is_trial":true,"path_per_floor":["M","M","$","?","M","R","E","$","T","?","?","R","M","T","R","B",null,"M","?","T","?","$","R","E","R","T","R","?","?","?","E","R","B",null,"M","?","$","?","M","R","E","R","T","E","?","M","?","T","R","B",null],"character_chosen":"DEFECT","items_purchased":["Capacitor","Self Repair"],"campfire_rested":0,"item_purchase_floors":[3,37],"current_hp_per_floor":[73,75,75,60,60,60,63,63,63,55,55,55,62,62,62,69,75,75,75,75,75,75,75,67,67,67,67,72,79,79,64,64,76,81,83,85,85,75,85,85,87,87,87,89,89,89,89,89,89,89],"gold":539,"neow_bonus":"","is_daily":false,"chose_seed":false,"campfire_upgraded":10,"win_rate":0.0,"timestamp":1611178162,"path_taken":["M","M","?","?","M","R","E","$","T","?","?","R","?","?","R","BOSS","M","?","?","?","$","R","E","R","T","R","?","?","?","E","R","BOSS","M","?","$","?","M","R","E","R","T","E","?","M","?","?","R","BOSS"],"items_purchased_type":["Card","Card"],"build_version":"2020-12-22","purchased_purges":1,"victory":true,"max_hp_per_floor":[75,75,75,75,75,75,75,75,75,75,75,75,75,75,75,75,75,75,75,75,75,75,75,75,75,75,75,77,79,79,79,79,81,81,83,85,85,85,85,85,87,87,87,89,89,89,89,89,89,89],"card_choices":[{"not_picked":["Storm","Glacier"],"picked":"Self Repair","floor":1},{"not_picked":["Barrage","Hologram"],"picked":"Streamline","floor":2},{"not_picked":["Beam Cell","Consume"],"picked":"Gash","floor":5},{"not_picked":["Fusion","Lockon"],"picked":"Heatsinks","floor":7},{"not_picked":["Stack","Double Energy"],"picked":"Machine Learning","floor":13},{"not_picked":["Fission","Thunder Strike"],"picked":"Reboot","floor":16},{"not_picked":["Storm","Ball Lightning"],"picked":"Gash","floor":18},{"not_picked":["Tempest+1","Conserve Battery+1"],"picked":"Capacitor+1","floor":24},{"not_picked":["Steam+1","Ball Lightning","Turbo+1"],"picked":"Singing Bowl","floor":28},{"not_picked":["Ball Lightning+1","Sweeping Beam+1","Conserve Battery"],"picked":"Singing Bowl","floor":29},{"not_picked":["Conserve Battery","Hologram+1"],"picked":"Core Surge","floor":31},{"not_picked":["Amplify","Multi-Cast","Machine Learning"],"picked":"Singing Bowl","floor":33},{"not_picked":["Coolheaded","BootSequence","Stack"],"picked":"Singing Bowl","floor":35},{"not_picked":["Heatsinks+1","Turbo+1","Fusion"],"picked":"Singing Bowl","floor":36},{"not_picked":["Hello World+1","Doom and Gloom+1"],"picked":"Beam Cell+1","floor":39},{"not_picked":["Self Repair","Leap","Cold Snap+1"],"picked":"Singing Bowl","floor":41},{"not_picked":["Ball Lightning+1","Turbo+1","Chaos"],"picked":"Singing Bowl","floor":44},{"not_picked":["Trip","Secret Technique"],"picked":"Finesse","floor":45},{"not_picked":["Coolheaded+1","Barrage"],"picked":"Scrape+1","floor":46}],"player_experience":350329,"relics_obtained":[{"floor":7,"key":"Sundial"},{"floor":9,"key":"Gambling Chip"},{"floor":10,"key":"Lizard Tail"},{"floor":14,"key":"Juzu Bracelet"},{"floor":20,"key":"Singing Bowl"},{"floor":24,"key":"DataDisk"},{"floor":26,"key":"Meat on the Bone"},{"floor":28,"key":"Incense Burner"},{"floor":28,"key":"Letter Opener"},{"floor":29,"key":"Red Mask"},{"floor":31,"key":"Darkstone Periapt"},{"floor":36,"key":"TungstenRod"},{"floor":41,"key":"Bronze Scales"},{"floor":43,"key":"FossilizedHelix"},{"floor":44,"key":"HornCleat"},{"floor":48,"key":"Centennial Puzzle"}],"event_choices":[{"damage_healed":0,"gold_gain":0,"player_choice":"Entered Light","damage_taken":15,"max_hp_gain":0,"max_hp_loss":0,"event_name":"Shining Light","floor":4,"gold_loss":0,"cards_upgraded":["Streamline","Rebound"]},{"damage_healed":0,"gold_gain":30,"player_choice":"Searched \u00272\u0027 times","damage_taken":0,"max_hp_gain":0,"max_hp_loss":0,"event_name":"Dead Adventurer","floor":10,"gold_loss":0},{"cards_removed":["Streamline"],"damage_healed":0,"gold_gain":0,"player_choice":"Card Removal","damage_taken":0,"max_hp_gain":0,"max_hp_loss":0,"event_name":"The Cleric","floor":11,"gold_loss":50},{"damage_healed":0,"gold_gain":0,"player_choice":"Obtained Relic","damage_taken":0,"relics_obtained":["Pen Nib"],"max_hp_gain":0,"max_hp_loss":0,"event_name":"Addict","floor":19,"gold_loss":85},{"damage_healed":0,"gold_gain":0,"player_choice":"Ignored","damage_taken":0,"max_hp_gain":0,"max_hp_loss":0,"event_name":"Transmorgrifier","floor":21,"gold_loss":0},{"damage_healed":0,"gold_gain":0,"player_choice":"Fight","damage_taken":0,"max_hp_gain":0,"max_hp_loss":0,"event_name":"Colosseum","floor":28,"gold_loss":0},{"damage_healed":0,"gold_gain":0,"player_choice":"Fought Nobs","damage_taken":0,"max_hp_gain":0,"max_hp_loss":0,"event_name":"Colosseum","floor":28,"gold_loss":0},{"damage_healed":0,"gold_gain":0,"player_choice":"Fought Bandits","damage_taken":0,"max_hp_gain":0,"max_hp_loss":0,"event_name":"Masked Bandits","floor":29,"gold_loss":0},{"damage_healed":0,"gold_gain":0,"player_choice":"Inject Mutagens","damage_taken":0,"relics_obtained":["MutagenicStrength"],"max_hp_gain":0,"max_hp_loss":0,"event_name":"Drug Dealer","floor":30,"gold_loss":0},{"damage_healed":0,"gold_gain":0,"player_choice":"Fight","damage_taken":0,"max_hp_gain":0,"max_hp_loss":0,"event_name":"MindBloom","floor":36,"gold_loss":0},{"damage_healed":0,"gold_gain":0,"player_choice":"Embrace Madness","damage_taken":11,"max_hp_gain":0,"max_hp_loss":0,"event_name":"Winding Halls","floor":38,"gold_loss":0,"cards_obtained":["Madness","Madness"]},{"damage_healed":0,"gold_gain":0,"player_choice":"Memory 1","damage_taken":0,"max_hp_gain":0,"max_hp_loss":0,"event_name":"SensoryStone","floor":45,"gold_loss":0},{"cards_removed":["Hologram"],"damage_healed":0,"gold_gain":0,"player_choice":"Removed Skill","damage_taken":0,"max_hp_gain":0,"max_hp_loss":0,"event_name":"Falling","floor":47,"gold_loss":0}],"is_beta":false,"boss_relics":[{"not_picked":["Empty Cage","Snecko Eye"],"picked":"Inserter"},{"not_picked":["Runic Dome","Sozu"],"picked":"Coffee Dripper"}],"items_purged_floors":[8],"is_endless":false,"potions_floor_spawned":[7,10,28,29,31,35,39],"ascension_level":0}}