{"host":"gbjphby09ecsfbbs","time":1611121274,"event":{"mods":["AchievementEnabler","BaseMod","Downfall","GifTheSpireLib","Minty Spire (QoL Compilation)","StSLib","The Animator","The Bug Knight","The Cursed","The Saiyan","The Servant 0.9.4","Yuri Mod"],"gold_per_floor":[99,111,111,111,122,122,147,173,173,32,51,84,97,12,25,120,120,120,130,130,130,146,161,161,180,195,206,235,235,260,65,81,178,178,78,96,96,116,134,184,184,199,99,112,139,165,157,257,269,269],"floor_reached":51,"language":"ENG","playtime":10512,"items_purged":["downfall:Malfunctioning","Slimebound:Defend_Slimebound","Pain"],"score":756,"play_id":"ef18382b-e58c-47f7-9a68-087cab5e0ae5","local_time":"20210119214114","is_ascension_mode":false,"campfire_choices":[{"data":"Slimebound:Split","floor":1.0,"key":"SMITH"},{"data":"Slimebound:CorrosiveSpit","floor":6.0,"key":"SMITH"},{"data":"Slimebound:MassRepurpose","floor":18.0,"key":"SMITH"},{"floor":29,"key":"REST"},{"data":"Slimebound:MassRepurpose","floor":35,"key":"SMITH"},{"data":"1","floor":43,"key":"LIFT"}],"circlet_count":0,"master_deck":["Slimebound:Tackle","Slimebound:Defend_Slimebound","Slimebound:Defend_Slimebound","Slimebound:Defend_Slimebound","Slimebound:Split+1","Slimebound:CorrosiveSpit+1","Slimebound:LeechingTouch","CurseOfTheBell","Slimebound:ItLooksTasty","Slimebound:LevelUp","Slimebound:ProtectTheBoss","Slimebound:SplitMire","Slimebound:LeechEnergy","Slimebound:RallyTheTroops","Slimebound:Schlurp","Slimebound:SlimeBrawl","Slimebound:MegaLick","Slimebound:MassRepurpose+1","Slimebound:PressTheAttack","Bite","Bite","Bite","Bite","Bite","Slimebound:AcidTongue","Slimebound:SplitLeeching","Slimebound:LeadByExample+1","Slimebound:Nibble","Slimebound:PressTheAttack","Slimebound:FirmFortitude","Slimebound:MegaLick","Slimebound:MassRepurpose+1","Slimebound:RainOfGoop+1","Slimebound:RainOfGoop+1","Slimebound:OozeBath","Slimebound:SlimeBrawl+1","Slimebound:LeechLife","Slimebound:Schlurp+1"],"relics":["Slimebound:AbsorbEndCombatUpgraded","Calling Bell","Potion Belt","Mercury Hourglass","Pocketwatch","Unceasing Top","Lantern","Gambling Chip","Eternal Feather","Black Star","Nunchaku","Slimebound:AggressiveSlimeRelic","Bird Faced Urn","Ancient Tea Set","Bottled Lightning","downfall:HeartBlessingGreen","WarpedTongs","Girya","downfall:HeartBlessingBlue","Blood Vial","Anchor","Smiling Mask","Toolbox"],"acts_visited":["Exordium","TheCity","TheBeyond"],"potions_floor_usage":[28,28,28,33,38,47,50,50,50],"damage_taken":[{"damage":0.0,"enemies":"2 Louse","floor":2.0,"turns":2.0},{"damage":14.0,"enemies":"Jaw Worm","floor":5.0,"turns":3.0},{"damage":32.0,"enemies":"Gremlin Nob","floor":8.0,"turns":4.0},{"damage":5.0,"enemies":"downfall:FleeingMerchant","floor":10.0,"turns":4.0},{"damage":2.0,"enemies":"Small Slimes","floor":11.0,"turns":3.0},{"damage":29.0,"enemies":"3 Sentries","floor":12.0,"turns":5.0},{"damage":4.0,"enemies":"Exordium Wildlife","floor":13.0,"turns":4.0},{"damage":6.0,"enemies":"downfall:FleeingMerchant","floor":14.0,"turns":4.0},{"damage":0.0,"enemies":"Blue Slaver","floor":15.0,"turns":3.0},{"damage":20.0,"enemies":"WA_ARCHETYPE_RETAIN","floor":16.0,"turns":8.0},{"damage":19.0,"enemies":"3 Byrds","floor":19.0,"turns":4.0},{"damage":38.0,"enemies":"Centurion and Healer","floor":22.0,"turns":7.0},{"damage":0.0,"enemies":"Snake Plant","floor":23.0,"turns":3.0},{"damage":14.0,"enemies":"Shelled Parasite and Fungi","floor":25.0,"turns":6.0},{"damage":12.0,"enemies":"Cultist and Chosen","floor":26.0,"turns":4.0},{"damage":29.0,"enemies":"Snake Plant","floor":27.0,"turns":4.0},{"damage":28,"enemies":"Slavers","floor":28,"turns":4},{"damage":1,"enemies":"HollowMod:Nosk","floor":30,"turns":6},{"damage":0,"enemies":"downfall:FleeingMerchant","floor":31,"turns":4},{"damage":12,"enemies":"Centurion and Healer","floor":32,"turns":4},{"damage":21,"enemies":"SI_MIRROR_ARCHETYPE","floor":33,"turns":8},{"damage":20,"enemies":"3 Darklings","floor":36,"turns":4},{"damage":30,"enemies":"3 Shapes","floor":38,"turns":3},{"damage":22,"enemies":"Jaw Worm Horde","floor":39,"turns":3},{"damage":3,"enemies":"Jaw Worm Horde","floor":40,"turns":4},{"damage":0,"enemies":"3 Darklings","floor":42,"turns":3},{"damage":4,"enemies":"Jaw Worm Horde","floor":44,"turns":3},{"damage":61,"enemies":"Reptomancer","floor":45,"turns":5},{"damage":8,"enemies":"downfall:FleeingMerchant","floor":47,"turns":3},{"damage":10,"enemies":"Writhing Mass","floor":49,"turns":4},{"damage":26,"enemies":"IC_BLOCK_ARCHETYPE","floor":50,"turns":8}],"seed_played":"-3473416843147268240","potions_obtained":[{"floor":8.0,"key":"Block Potion"},{"floor":11.0,"key":"Slimebound:SlimedPotion"},{"floor":13.0,"key":"Block Potion"},{"floor":16.0,"key":"Swift Potion"},{"floor":23.0,"key":"LiquidMemories"},{"floor":26.0,"key":"EssenceOfSteel"},{"floor":27.0,"key":"Energy Potion"},{"floor":28,"key":"Regen Potion"},{"floor":30,"key":"Slimebound:SlimedPotion"},{"floor":36,"key":"ColorlessPotion"},{"floor":38,"key":"EntropicBrew"},{"floor":42,"key":"ColorlessPotion"},{"floor":44,"key":"FearPotion"}],"is_trial":false,"path_per_floor":["R","M","?","?","M","R","T","E","?","$","M","E","M","$","M","B",null,"R","M","?","?","M","M","T","M","M","M","E","R","E","$","M","B",null,"R","M","?","M","M","?","T","M","R","M","E","T","$","?","M","B",null],"character_chosen":"SLIMEBOUND","items_purchased":["Slimebound:SplitMire","Slimebound:SlimeBrawl","Slimebound:MegaLick","Slimebound:LeechLife","Toolbox"],"campfire_rested":1,"item_purchase_floors":[10,14,31,47,47],"current_hp_per_floor":[71,71,71,64,56,56,56,32,32,33,35,10,12,14,18,6,71,71,56,56,49,26,36,36,40,38,25,7,39,49,49,49,46,49,49,44,44,30,24,41,41,49,59,59,24,24,41,41,49,49],"gold":269,"neow_bonus":"TEN_PERCENT_HP_BONUS","is_daily":false,"chose_seed":false,"campfire_upgraded":4,"win_rate":0.0,"timestamp":1611121274,"path_taken":["R","M","?","?","M","R","T","E","?","$","M","E","M","?","M","BOSS","R","M","?","?","?","M","T","?","M","M","E","R","E","$","M","BOSS","R","M","?","?","M","?","T","M","R","M","E","?","$","?","M","BOSS"],"items_purchased_type":["Card","Card","Card","Card","Relic"],"build_version":"2020-12-22","purchased_purges":3,"victory":true,"max_hp_per_floor":[71,71,71,71,71,71,71,71,71,71,71,71,71,71,71,71,71,71,71,71,49,49,49,49,49,49,49,49,49,49,49,49,49,49,49,49,49,49,49,49,49,49,59,59,59,59,59,59,59,59],"card_choices":[{"not_picked":["Slimebound:ViciousTackle","Slimebound:GoopTackle"],"picked":"Slimebound:LeechingTouch","floor":2.0},{"not_picked":["Slimebound:SplitBruiser","Slimebound:SplitMire"],"picked":"Slimebound:ItLooksTasty","floor":5.0},{"not_picked":["Slimebound:ViciousTackle","Slimebound:Gluttony"],"picked":"Slimebound:LevelUp","floor":8.0},{"not_picked":["Slimebound:FlameTackle","Slimebound:SplitBruiser"],"picked":"Slimebound:ProtectTheBoss","floor":10.0},{"not_picked":["Slimebound:SplitMire","Slimebound:ViciousTackle"],"picked":"Slimebound:LeechEnergy","floor":11.0},{"not_picked":["Slimebound:GrowthPunch","Slimebound:RollThrough"],"picked":"Slimebound:RallyTheTroops","floor":12.0},{"not_picked":["Slimebound:ComboTackle","Slimebound:SplitAcid"],"picked":"Slimebound:Schlurp","floor":13.0},{"not_picked":["Slimebound:ComboTackle","Slimebound:RollThrough","Slimebound:ItLooksTasty"],"picked":"SKIP","floor":14.0},{"not_picked":["Slimebound:Grow","Slimebound:PrepareCrush"],"picked":"Slimebound:MegaLick","floor":15.0},{"not_picked":["Slimebound:OneTwoCombo","Slimebound:Teamwork"],"picked":"Slimebound:MassRepurpose","floor":16.0},{"not_picked":["Slimebound:GoopTackle+1","Slimebound:DisruptingSlam+1","Slimebound:RollThrough"],"picked":"SKIP","floor":19.0},{"not_picked":["Slimebound:LivingWall+1","Slimebound:GoopSpray"],"picked":"Slimebound:AcidTongue","floor":22.0},{"not_picked":["Slimebound:Prepare","Slimebound:SpikyOuterGoop","Slimebound:GoopSpray+1"],"picked":"SKIP","floor":23.0},{"not_picked":["Slimebound:SlimeSpikes","Slimebound:LeechEnergy"],"picked":"Slimebound:SplitLeeching","floor":25.0},{"not_picked":["Slimebound:TongueLash","Slimebound:ItLooksTasty"],"picked":"Slimebound:LeadByExample+1","floor":26.0},{"not_picked":["Slimebound:ViciousTackle+1","Slimebound:Schlurp"],"picked":"Slimebound:Nibble","floor":27.0},{"not_picked":["Slimebound:RainOfGoop","Slimebound:BestDefense"],"picked":"Slimebound:PressTheAttack","floor":28},{"not_picked":["Slimebound:LeechingTouch","Slimebound:PressTheAttack"],"picked":"Slimebound:FirmFortitude","floor":30},{"not_picked":["Slimebound:GoopTackle+1","Slimebound:ComboTackle+1","Slimebound:SplitAcid"],"picked":"SKIP","floor":31},{"not_picked":["Slimebound:GoopTackle","Slimebound:SlimeSpikes","Slimebound:DisruptingSlam"],"picked":"SKIP","floor":32},{"not_picked":["Slimebound:MassFeed","Slimebound:WasteNot"],"picked":"Slimebound:MassRepurpose","floor":33},{"not_picked":["Slimebound:GrowthPunch+1","Slimebound:Prepare+1"],"picked":"Slimebound:RainOfGoop+1","floor":36},{"not_picked":["Slimebound:ForwardTackle","Slimebound:FlameTackle","Slimebound:SlimeBarrage"],"picked":"SKIP","floor":38},{"not_picked":["Slimebound:SplitBruiser","Slimebound:DisruptingSlam","Slimebound:PressTheAttack+1"],"picked":"SKIP","floor":39},{"not_picked":["Slimebound:AcidTongue+1","Slimebound:FinishingTackle"],"picked":"Slimebound:RainOfGoop+1","floor":40},{"not_picked":["Slimebound:SplitMire","Slimebound:ItLooksTasty+1","Slimebound:GoopTackle+1"],"picked":"SKIP","floor":42},{"not_picked":["Slimebound:SplitAcid+1","Slimebound:Chomp"],"picked":"Slimebound:OozeBath","floor":44},{"not_picked":["Slimebound:Dissolve","Slimebound:ComboTackle"],"picked":"Slimebound:SlimeBrawl+1","floor":45},{"not_picked":["Slimebound:PressTheAttack+1","Slimebound:FinishingTackle+1","Slimebound:GrowthPunch"],"picked":"SKIP","floor":47},{"not_picked":["Slimebound:SplitAcid","Slimebound:LeechingTouch"],"picked":"Slimebound:Schlurp+1","floor":49}],"player_experience":83981,"relics_obtained":[{"floor":3.0,"key":"Potion Belt"},{"floor":3.0,"key":"Mercury Hourglass"},{"floor":3.0,"key":"Pocketwatch"},{"floor":7.0,"key":"Lantern"},{"floor":8.0,"key":"Gambling Chip"},{"floor":12.0,"key":"Eternal Feather"},{"floor":24.0,"key":"Nunchaku"},{"floor":28,"key":"Slimebound:AggressiveSlimeRelic"},{"floor":28,"key":"Bird Faced Urn"},{"floor":30,"key":"Ancient Tea Set"},{"floor":30,"key":"Bottled Lightning"},{"floor":40,"key":"Girya"},{"floor":45,"key":"Blood Vial"},{"floor":45,"key":"Anchor"},{"floor":46,"key":"Smiling Mask"}],"event_choices":[{"damage_healed":0.0,"max_hp_gain":0.0,"max_hp_loss":0.0,"gold_gain":0.0,"event_name":"Scrap Ooze","player_choice":"Success","floor":4.0,"gold_loss":0.0,"damage_taken":7.0,"relics_obtained":["Unceasing Top"]},{"damage_healed":0.0,"max_hp_gain":0.0,"max_hp_loss":0.0,"gold_gain":0.0,"event_name":"The Library","player_choice":"Read","floor":20.0,"gold_loss":0.0,"damage_taken":0.0,"cards_obtained":["Slimebound:PressTheAttack"]},{"damage_healed":0.0,"max_hp_gain":0.0,"max_hp_loss":22.0,"gold_gain":0.0,"event_name":"Vampires","player_choice":"Became a vampire","floor":21.0,"gold_loss":0.0,"damage_taken":0.0,"cards_obtained":["Bite","Bite","Bite","Bite","Bite"]},{"damage_healed":0,"gold_gain":0,"player_choice":"Rummage","damage_taken":0,"relics_obtained":["WarpedTongs"],"max_hp_gain":0,"max_hp_loss":0,"event_name":"Accursed Blacksmith","floor":37,"gold_loss":0,"cards_obtained":["Pain"]}],"is_beta":false,"boss_relics":[{"not_picked":["Cursed Key","Runic Pyramid"],"picked":"Black Star"},{"not_picked":["bronze:MakeshiftBattery","Velvet Choker"],"picked":"Slimebound:AbsorbEndCombatUpgraded"}],"items_purged_floors":[10,31,47],"is_endless":false,"potions_floor_spawned":[8,11,13,16,23,26,27,28,30,36,38,42,44],"ascension_level":0}}