{"host":"z9gi090fcly3daq0","time":1611178349,"event":{"mods":["AchievementEnabler","BaseMod","Minty Spire (QoL Compilation)","Permanent Neow","Quick Restart"],"gold_per_floor":[115,129,129,149,170,213,229,273,273,273,317,317,4,28,28,148,148,169,169,192,192,43,86,101,120,120,144,144,144,144,180,192,333,345,377,404,432,444,456,468,480,510,599,661,689,61,85,110,110,110,110],"floor_reached":50,"language":"ENG","playtime":5173,"items_purged":["Fasting2","Eruption","Apotheosis+1"],"score":631,"play_id":"1ef61431-065c-4cd7-92ba-abaa38996d84","local_time":"20210120213229","is_ascension_mode":false,"campfire_choices":[{"floor":12.0,"key":"REST"},{"data":"MasterReality","floor":15.0,"key":"SMITH"},{"floor":28,"key":"RECALL"},{"data":"PathToVictory","floor":30,"key":"SMITH"},{"floor":32,"key":"REST"},{"floor":40,"key":"REST"},{"floor":49,"key":"DIG"}],"circlet_count":0,"master_deck":["Vigilance+1","Pray+1","FollowUp+1","Swivel+1","FearNoEvil+1","Ragnarok+1","BattleHymn+1","PathToVictory+1","PathToVictory+1","Collect+1","PathToVictory+1","PathToVictory+1","Evaluate+1","MasterReality+1","Omniscience+1","EmptyBody+1","PathToVictory+1","EmptyBody+1","Devotion+1","PathToVictory+1","DeceiveReality","Evaluate","Perseverance+1"],"relics":["Pandora\u0027s Box","Golden Idol","Anchor","Blood Vial","White Beast Statue","Meat on the Bone","Gremlin Horn","Velvet Choker","Mercury Hourglass","Pen Nib","MawBank","VioletLotus","Mark of the Bloom","Smiling Mask","Shovel","PrismaticShard","Kunai"],"acts_visited":["Exordium","TheCity","TheBeyond"],"potions_floor_usage":[20,23,23,33,37,37,42,45,50],"damage_taken":[{"damage":0.0,"enemies":"2 Louse","floor":1.0,"turns":1.0},{"damage":11.0,"enemies":"Jaw Worm","floor":2.0,"turns":2.0},{"damage":7.0,"enemies":"Small Slimes","floor":4.0,"turns":2.0},{"damage":6.0,"enemies":"2 Fungi Beasts","floor":5.0,"turns":2.0},{"damage":8.0,"enemies":"Gremlin Nob","floor":6.0,"turns":3.0},{"damage":0.0,"enemies":"Lots of Slimes","floor":7.0,"turns":3.0},{"damage":2.0,"enemies":"Lagavulin","floor":8.0,"turns":5.0},{"damage":29.0,"enemies":"3 Sentries","floor":11.0,"turns":6.0},{"damage":0.0,"enemies":"Blue Slaver","floor":14.0,"turns":2.0},{"damage":0.0,"enemies":"Slime Boss","floor":16.0,"turns":4.0},{"damage":0,"enemies":"3 Byrds","floor":18,"turns":2},{"damage":6,"enemies":"2 Thieves","floor":20,"turns":3},{"damage":38,"enemies":"Gremlin Leader","floor":23,"turns":3},{"damage":0,"enemies":"Shelled Parasite and Fungi","floor":24,"turns":2},{"damage":0,"enemies":"Cultist and Chosen","floor":25,"turns":3},{"damage":0,"enemies":"Centurion and Healer","floor":27,"turns":3},{"damage":25,"enemies":"Book of Stabbing","floor":31,"turns":4},{"damage":34,"enemies":"Champ","floor":33,"turns":6},{"damage":0,"enemies":"Orb Walker","floor":35,"turns":2},{"damage":13,"enemies":"3 Darklings","floor":36,"turns":4},{"damage":0,"enemies":"Transient","floor":37,"turns":5},{"damage":21,"enemies":"Maw","floor":42,"turns":4},{"damage":0,"enemies":"Sphere and 2 Shapes","floor":45,"turns":4},{"damage":15,"enemies":"Writhing Mass","floor":47,"turns":3},{"damage":4,"enemies":"Jaw Worm Horde","floor":48,"turns":3},{"damage":16,"enemies":"Awakened One","floor":50,"turns":3}],"seed_played":"-7866344821640533255","potions_obtained":[{"floor":1.0,"key":"SpeedPotion"},{"floor":4.0,"key":"Fire Potion"},{"floor":7.0,"key":"Swift Potion"},{"floor":11.0,"key":"SpeedPotion"},{"floor":14.0,"key":"FearPotion"},{"floor":16.0,"key":"LiquidBronze"},{"floor":18,"key":"EssenceOfSteel"},{"floor":20,"key":"BottledMiracle"},{"floor":23,"key":"Explosive Potion"},{"floor":24,"key":"StancePotion"},{"floor":25,"key":"LiquidMemories"},{"floor":27,"key":"Fire Potion"},{"floor":33,"key":"SkillPotion"},{"floor":35,"key":"Explosive Potion"},{"floor":36,"key":"DuplicationPotion"},{"floor":37,"key":"EssenceOfSteel"},{"floor":42,"key":"Ancient Potion"},{"floor":45,"key":"PowerPotion"},{"floor":47,"key":"Ambrosia"}],"is_trial":false,"path_per_floor":["M","M","?","M","M","E","M","E","T","?","E","R","$","M","R","B",null,"M","?","M","?","$","E","M","M","T","M","R","?","R","E","R","B",null,"M","M","M","?","?","R","?","M","T","T","M","$","M","M","R","B"],"character_chosen":"WATCHER","items_purchased":["Gremlin Horn","EmptyBody","Shovel","FairyPotion","Evaluate","PrismaticShard"],"campfire_rested":3,"item_purchase_floors":[13,22,46,46,46,46],"current_hp_per_floor":[72,61,61,54,48,40,40,38,38,38,11,31,31,45,45,47,67,67,67,61,61,61,37,39,41,41,43,43,43,43,32,52,32,67,67,54,56,56,56,56,50,29,29,29,29,29,14,10,10,0,0],"gold":110,"neow_bonus":"BOSS_RELIC","is_daily":false,"chose_seed":false,"campfire_upgraded":2,"win_rate":0.0,"timestamp":1611178349,"path_taken":["M","M","?","M","M","E","M","E","T","?","E","R","?","M","R","BOSS","M","?","M","?","$","E","?","M","T","M","R","?","R","E","R","BOSS","M","?","M","?","?","R","?","?","T","?","M","$","M","M","R","BOSS"],"items_purchased_type":["Relic","Card","Relic","Potion","Card","Relic"],"build_version":"2020-12-22","purchased_purges":3,"victory":false,"max_hp_per_floor":[72,72,67,67,67,67,67,67,67,67,67,67,67,67,67,67,67,67,67,67,67,67,67,67,67,67,67,67,67,67,67,67,67,67,67,67,67,67,67,67,67,67,67,67,67,67,67,67,67,67,67],"card_choices":[{"not_picked":["InnerPeace","Conclude"],"picked":"PathToVictory","floor":1.0},{"not_picked":["Worship","FearNoEvil"],"picked":"Collect","floor":2.0},{"not_picked":["Consecrate","FollowUp"],"picked":"PathToVictory","floor":4.0},{"not_picked":["Consecrate","WreathOfFlame"],"picked":"PathToVictory","floor":5.0},{"not_picked":["Consecrate","Prostrate","FollowUp"],"picked":"SKIP","floor":6.0},{"not_picked":["ReachHeaven","Weave","FearNoEvil"],"picked":"SKIP","floor":7.0},{"not_picked":["WheelKick","Tantrum"],"picked":"Evaluate","floor":8.0},{"not_picked":["Consecrate","Prostrate"],"picked":"MasterReality","floor":11.0},{"not_picked":["CrushJoints","CutThroughFate","Halt"],"picked":"SKIP","floor":14.0},{"not_picked":["DeusExMachina","LessonLearned"],"picked":"Omniscience","floor":16.0},{"not_picked":["Tantrum","Consecrate","Crescendo"],"picked":"SKIP","floor":18},{"not_picked":["BattleHymn","FlyingSleeves","Crescendo"],"picked":"SKIP","floor":20},{"not_picked":["SignatureMove+1","SashWhip"],"picked":"PathToVictory","floor":23},{"not_picked":["Protect+1","WreathOfFlame"],"picked":"EmptyBody","floor":24},{"not_picked":["Wallop+1","Prostrate","FearNoEvil+1"],"picked":"SKIP","floor":25},{"not_picked":["SandsOfTime","Halt","Crescendo"],"picked":"SKIP","floor":27},{"not_picked":["Worship","Evaluate+1","SignatureMove+1"],"picked":"SKIP","floor":31},{"not_picked":["Judgement","Blasphemy"],"picked":"Devotion","floor":33},{"not_picked":["EmptyBody","Crescendo+1","FlyingSleeves+1"],"picked":"SKIP","floor":35},{"not_picked":["DeceiveReality+1","SashWhip+1","Prostrate"],"picked":"SKIP","floor":36},{"not_picked":["Consecrate","FlurryOfBlows"],"picked":"PathToVictory","floor":37},{"not_picked":["Madness","Magnetism"],"picked":"Apotheosis","floor":38},{"not_picked":["SignatureMove","Fasting2+1"],"picked":"DeceiveReality","floor":42},{"not_picked":["SignatureMove","Crescendo+1","BowlingBash"],"picked":"SKIP","floor":45},{"not_picked":["TalkToTheHand+1","Armaments"],"picked":"Perseverance+1","floor":47},{"not_picked":["Clothesline+1","Sucker Punch","Prepared"],"picked":"SKIP","floor":48}],"player_experience":185975,"relics_obtained":[{"floor":6.0,"key":"Anchor"},{"floor":8.0,"key":"Blood Vial"},{"floor":9.0,"key":"White Beast Statue"},{"floor":11.0,"key":"Meat on the Bone"},{"floor":23,"key":"Mercury Hourglass"},{"floor":26,"key":"Pen Nib"},{"floor":31,"key":"MawBank"},{"floor":44,"key":"Smiling Mask"},{"floor":49,"key":"Kunai"}],"event_choices":[{"damage_healed":0.0,"max_hp_gain":0.0,"max_hp_loss":5.0,"gold_gain":0.0,"event_name":"Golden Idol","player_choice":"Lose Max HP","floor":3.0,"gold_loss":0.0,"damage_taken":0.0,"relics_obtained":["Golden Idol"]},{"damage_healed":0.0,"max_hp_gain":0.0,"max_hp_loss":0.0,"gold_gain":0.0,"event_name":"Liars Game","player_choice":"Ignored","floor":10.0,"gold_loss":0.0,"damage_taken":0.0},{"damage_healed":0,"gold_gain":0,"player_choice":"Ignored","damage_taken":0,"max_hp_gain":0,"max_hp_loss":0,"event_name":"Vampires","floor":19,"gold_loss":0},{"damage_healed":0,"gold_gain":0,"player_choice":"Upgraded","damage_taken":0,"max_hp_gain":0,"max_hp_loss":0,"event_name":"Upgrade Shrine","floor":21,"gold_loss":0,"cards_upgraded":["Omniscience"]},{"damage_healed":0,"gold_gain":0,"player_choice":"Forge","damage_taken":0,"max_hp_gain":0,"max_hp_loss":0,"event_name":"Accursed Blacksmith","floor":29,"gold_loss":0,"cards_upgraded":["PathToVictory"]},{"damage_healed":0,"gold_gain":0,"player_choice":"Memory 1","damage_taken":0,"max_hp_gain":0,"max_hp_loss":0,"event_name":"SensoryStone","floor":38,"gold_loss":0},{"damage_healed":0,"gold_gain":0,"player_choice":"Upgrade","damage_taken":0,"relics_obtained":["Mark of the Bloom"],"max_hp_gain":0,"max_hp_loss":0,"event_name":"MindBloom","floor":39,"gold_loss":0,"cards_upgraded":["Vigilance","Pray","FollowUp","Swivel","FearNoEvil","Ragnarok","BattleHymn","PathToVictory","Collect","PathToVictory","PathToVictory","Evaluate","EmptyBody","EmptyBody","Devotion","PathToVictory","Apotheosis"]},{"damage_healed":0,"gold_gain":0,"player_choice":"Damaged","damage_taken":6,"max_hp_gain":0,"max_hp_loss":0,"event_name":"Wheel of Change","floor":41,"gold_loss":0}],"is_beta":false,"boss_relics":[{"not_picked":["Snecko Eye","Ectoplasm"],"picked":"Velvet Choker"},{"not_picked":["SlaversCollar","Runic Dome"],"picked":"VioletLotus"}],"items_purged_floors":[13,22,46],"is_endless":false,"potions_floor_spawned":[1,4,7,11,14,16,18,20,23,24,25,27,31,33,35,36,37,42,45,47,48],"killed_by":"Awakened One","ascension_level":0}}