{"host":"l60rmjjsfi0fipmi","time":1611109821,"event":{"mods":["BaseMod","Colored Map","DeckTracker","Highlight Path","Minty Spire (QoL Compilation)","StSLib","The Cursed","The Servant 0.9.4"],"gold_per_floor":[116,131,131,7,25,25,42,42,42,42,56,73,85,113,113,208,208,194,114,114,129,139,174,174,174,174],"floor_reached":25,"language":"ENG","playtime":1303,"items_purged":["Strike_G","Strike_G"],"score":281,"play_id":"0e70a160-59ec-4137-915b-c6c1a4197640","local_time":"20210119213021","is_ascension_mode":true,"campfire_choices":[{"data":"Neutralize","floor":6,"key":"SMITH"},{"data":"Dodge and Roll","floor":10,"key":"SMITH"},{"floor":15,"key":"REST"},{"floor":24,"key":"REST"}],"circlet_count":0,"master_deck":["Strike_G","Strike_G","Defend_G","Defend_G","Defend_G","Survivor","Neutralize+1","Bouncing Flask","Catalyst","Dodge and Roll+1","A Thousand Cuts","Deadly Poison","Noxious Fumes","Dagger Spray","Infinite Blades","Burst","Footwork+1","PiercingWail"],"relics":["Ring of the Snake","Pear","The Courier","HoveringKite","Bronze Scales"],"acts_visited":["Exordium","TheCity"],"potions_floor_usage":[11,18,22,23,23,25],"damage_taken":[{"damage":1,"enemies":"Jaw Worm","floor":1,"turns":7},{"damage":1,"enemies":"Cultist","floor":2,"turns":3},{"damage":1,"enemies":"Small Slimes","floor":5,"turns":4},{"damage":4,"enemies":"Blue Slaver","floor":7,"turns":5},{"damage":19,"enemies":"Gremlin Gang","floor":11,"turns":5},{"damage":10,"enemies":"Looter","floor":12,"turns":3},{"damage":5,"enemies":"2 Fungi Beasts","floor":13,"turns":3},{"damage":5,"enemies":"Lagavulin","floor":14,"turns":6},{"damage":18,"enemies":"Hexaghost","floor":16,"turns":7},{"damage":9,"enemies":"2 Thieves","floor":18,"turns":4},{"damage":17,"enemies":"Chosen","floor":21,"turns":5},{"damage":32,"enemies":"Shelled Parasite and Fungi","floor":22,"turns":8},{"damage":21,"enemies":"Book of Stabbing","floor":23,"turns":8},{"damage":32,"enemies":"Slavers","floor":25,"turns":4}],"seed_played":"608884098251462131","potions_obtained":[{"floor":1,"key":"Dexterity Potion"},{"floor":5,"key":"DistilledChaos"},{"floor":12,"key":"Explosive Potion"},{"floor":13,"key":"Regen Potion"},{"floor":22,"key":"Strength Potion"},{"floor":23,"key":"DuplicationPotion"}],"is_trial":false,"path_per_floor":["M","M","?","$","M","R","M","$","T","R","M","M","M","E","R","B",null,"M","$","?","M","M","E","R","E"],"character_chosen":"THE_SILENT","items_purchased":["Dodge and Roll"],"campfire_rested":2,"item_purchase_floors":[4],"current_hp_per_floor":[69,68,68,68,67,67,63,63,73,73,54,44,39,34,58,40,70,61,61,61,44,27,6,30,0,0],"gold":174,"neow_bonus":"REMOVE_CARD","is_daily":false,"chose_seed":false,"campfire_upgraded":2,"win_rate":0.0,"timestamp":1611109821,"path_taken":["M","M","?","$","M","R","?","$","T","R","?","M","M","E","R","BOSS","M","$","?","M","M","E","R","E"],"items_purchased_type":["Card"],"build_version":"2020-12-22","purchased_purges":2,"victory":false,"max_hp_per_floor":[70,70,70,70,70,70,70,70,80,80,80,80,80,80,80,80,80,80,80,80,80,80,80,80,80,80],"card_choices":[{"not_picked":["Heel Hook","Blade Dance"],"picked":"Bouncing Flask","floor":1},{"not_picked":["Flying Knee","Dagger Throw"],"picked":"Catalyst","floor":2},{"not_picked":["Blade Dance","Sucker Punch"],"picked":"A Thousand Cuts","floor":5},{"not_picked":["Blur","Backflip"],"picked":"Deadly Poison","floor":7},{"not_picked":["PiercingWail","Blade Dance"],"picked":"Noxious Fumes","floor":11},{"not_picked":["Finisher","Terror"],"picked":"Dagger Spray","floor":12},{"not_picked":["Sucker Punch","Prepared","Acrobatics"],"picked":"SKIP","floor":13},{"not_picked":["Deadly Poison","Predator"],"picked":"Infinite Blades","floor":14},{"not_picked":["Doppelganger","A Thousand Cuts"],"picked":"Burst","floor":16},{"not_picked":["Flying Knee","Blade Dance+1"],"picked":"Footwork+1","floor":18},{"not_picked":["Dodge and Roll","Dash"],"picked":"PiercingWail","floor":21},{"not_picked":["Quick Slash","Poisoned Stab","Expertise+1"],"picked":"SKIP","floor":22},{"not_picked":["Terror","Expertise","Eviscerate+1"],"picked":"SKIP","floor":23}],"player_experience":506966,"relics_obtained":[{"floor":9,"key":"Pear"},{"floor":14,"key":"The Courier"},{"floor":23,"key":"Bronze Scales"}],"event_choices":[{"cards_removed":["Defend_G"],"damage_healed":0,"gold_gain":0,"player_choice":"Purged","damage_taken":0,"max_hp_gain":0,"max_hp_loss":0,"event_name":"Purifier","floor":3,"gold_loss":0},{"cards_removed":["Defend_G"],"damage_healed":0,"gold_gain":0,"player_choice":"Purged","damage_taken":0,"max_hp_gain":0,"max_hp_loss":0,"event_name":"Purifier","floor":20,"gold_loss":0}],"is_beta":false,"boss_relics":[{"not_picked":["Sozu","Ectoplasm"],"picked":"HoveringKite"}],"items_purged_floors":[4,19],"is_endless":false,"potions_floor_spawned":[1,5,12,13,22,23],"killed_by":"Slavers","ascension_level":5}}