{"host":"8d3fefv2347kqkpz","time":1611139259,"event":{"mods":["100% Spire Juice","AchievementEnabler","Act Like it!","Aspiration","BaseMod","Better Vampires","Colored Map","Colored Powertips","Conspire","Gensokyo","GifTheSpireLib","Highlight Path","Mimic Mod","Minty Spire (QoL Compilation)","Pale of the Ancients","Quick Restart","Rare Cards Sparkle","Reimu£®≤©¿ˆ¡È√Œ£©","Relic Stats","Remilia_Scarlet Moed£®¿Ÿ√◊¿Ú—«°§Àπø®¿◊Ãÿ£©3.3.5","Remilia£®¿Ÿ√◊¿Ú—«£©","Replay The Spire","Spicy Shops","StSLib","The Animator","The Gatherer","The Jungle","The Servant 0.9.4","Waifu the Spire","Youmu£®ªÍ∆«—˝√Œ£©","vexMod"],"gold_per_floor":[118,129,304,323,398,398,427,30,30,42,55,70,70,89,89,188,188,198,216,232,250,266,266,298,298,348,348,368,106,106,124,124,222,222,237,257,257,257],"floor_reached":37,"language":"ZHS","playtime":1811,"items_purged":["Strike_G","ReplayTheSpireMod:Splinters","Doubt"],"score":397,"play_id":"5a8bc776-7cae-4be6-a6a7-bb6d69c52f51","local_time":"20210120184059","is_ascension_mode":false,"campfire_choices":[{"data":"Neutralize","floor":6.0,"key":"SMITH"},{"floor":13.0,"key":"REST"},{"floor":15.0,"key":"REST"},{"floor":23.0,"key":"REST"},{"floor":25.0,"key":"REST"},{"floor":27.0,"key":"DIG"},{"floor":32.0,"key":"REST"}],"circlet_count":0,"master_deck":["Strike_G","Strike_G","Strike_G","Strike_G","Defend_G","Defend_G","Defend_G","Defend_G","Defend_G","Survivor","Neutralize+1","Blade Dance","Dagger Throw","Blade Dance","ReplayTheSpireMod:Scrap Shanks","ReplayTheSpireMod:Scrap Shanks","Infinite Blades","Cloak And Dagger","All Out Attack","Cloak And Dagger","ReplayTheSpireMod:From All Sides","Infinite Blades","Dagger Spray","Footwork","ReplayTheSpireMod:Tripwire","Dagger Throw+1","Storm of Steel","Calculated Gamble","Prepared"],"relics":["Ring of the Snake","aspiration:Lifesprig","Shuriken","Replay:Ancient Bell","Omamori","AntiCross","Shovel","conspire:GlowingRock","Replay:Mystery Machine","Chameleon Ring","Replay:Bronze Core"],"acts_visited":["Exordium","TheCity","TheBeyond"],"potions_floor_usage":[],"damage_taken":[{"damage":1.0,"enemies":"Cultist","floor":1.0,"turns":4.0},{"damage":1.0,"enemies":"Jaw Worm","floor":2.0,"turns":5.0},{"damage":6.0,"enemies":"2 Louse","floor":4.0,"turns":3.0},{"damage":22.0,"enemies":"Gremlin Nob","floor":7.0,"turns":5.0},{"damage":8.0,"enemies":"Lots of Slimes","floor":10.0,"turns":4.0},{"damage":10.0,"enemies":"Large Slime","floor":11.0,"turns":5.0},{"damage":0.0,"enemies":"2 Fungi Beasts","floor":12.0,"turns":3.0},{"damage":17.0,"enemies":"Exordium Thugs","floor":14.0,"turns":4.0},{"damage":12.0,"enemies":"Fading Forest","floor":16.0,"turns":11.0},{"damage":0.0,"enemies":"Spheric Guardian","floor":18.0,"turns":3.0},{"damage":5.0,"enemies":"Shell Parasite","floor":19.0,"turns":3.0},{"damage":2.0,"enemies":"Cultist and Chosen","floor":20.0,"turns":3.0},{"damage":4.0,"enemies":"Snecko","floor":21.0,"turns":3.0},{"damage":12.0,"enemies":"3 Cultists","floor":22.0,"turns":4.0},{"damage":56.0,"enemies":"Slavers","floor":24.0,"turns":5.0},{"damage":2.0,"enemies":"Centurion and Healer","floor":28.0,"turns":4.0},{"damage":6.0,"enemies":"Snecko","floor":31.0,"turns":3.0},{"damage":18.0,"enemies":"Collector","floor":33.0,"turns":6.0},{"damage":34,"enemies":"3 Shapes","floor":35,"turns":3},{"damage":21,"enemies":"3 Darklings","floor":36,"turns":4},{"damage":20,"enemies":"4 Shapes","floor":37,"turns":6}],"seed_played":"900948727715646866","potions_obtained":[{"floor":2.0,"key":"conspire:TimeTravelPotion"},{"floor":10.0,"key":"ZuzhouPotion:ReiMu"},{"floor":11.0,"key":"LiquidMemories"},{"floor":12.0,"key":"Adrenaline Potion"},{"floor":28.0,"key":"Venom Potion"}],"is_trial":false,"path_per_floor":["M","M","?","M","?","R","E","$","T","M","M","M","R","M","R","B",null,"M","M","M","M","M","R","E","R","T","R","M","$","?","M","R","B",null,"M","M","M"],"character_chosen":"THE_SILENT","items_purchased":["Shuriken","ReplayTheSpireMod:Scrap Shanks","Dagger Throw+1"],"campfire_rested":5,"item_purchase_floors":[8,8,29],"current_hp_per_floor":[69,68,68,62,55,55,33,33,33,25,15,15,36,19,40,50,70,70,65,63,59,47,68,38,59,59,59,57,57,57,51,70,52,70,36,15,0,0],"gold":257,"neow_bonus":"THREE_CARDS","is_daily":false,"chose_seed":false,"campfire_upgraded":1,"win_rate":0.0,"timestamp":1611139259,"path_taken":["M","?","?","M","?","R","E","$","T","M","M","?","R","M","R","BOSS","M","M","M","M","M","R","E","R","T","R","M","$","?","M","R","BOSS","M","M","M"],"items_purchased_type":["Relic","Card","Card"],"build_version":"2020-12-22","purchased_purges":3,"victory":false,"max_hp_per_floor":[70,70,70,70,70,70,70,70,70,70,70,70,70,70,70,70,70,70,70,70,70,70,70,70,70,70,70,70,70,70,70,70,70,70,70,70,70,70],"relic_stats":{"Shovel":1,"counters":[21,91],"Shuriken":[72],"obtain_stats":[{"aspiration:Lifesprig":7,"conspire:GlowingRock":24,"Shovel":17,"Chameleon Ring":27,"Shuriken":8,"Replay:Bronze Core":34,"AntiCross":17,"Replay:Ancient Bell":17,"Omamori":17,"Replay:Mystery Machine":26,"Ring of the Snake":0},{"aspiration:Lifesprig":4,"conspire:GlowingRock":15,"Shovel":9,"Chameleon Ring":15,"Shuriken":4,"Replay:Bronze Core":18,"AntiCross":9,"Replay:Ancient Bell":9,"Omamori":9,"Replay:Mystery Machine":15,"Ring of the Snake":0},{"aspiration:Lifesprig":17,"conspire:GlowingRock":65,"Shovel":44,"Chameleon Ring":65,"Shuriken":17,"Replay:Bronze Core":78,"AntiCross":44,"Replay:Ancient Bell":44,"Omamori":44,"Replay:Mystery Machine":65,"Ring of the Snake":0}],"Ring of the Snake":[42]},"card_choices":[{"not_picked":["Footwork","Terror"],"picked":"Blade Dance","floor":0.0},{"not_picked":["Underhanded Strike","Bane"],"picked":"Dagger Throw","floor":1.0},{"not_picked":["Flying Knee","Dodge and Roll"],"picked":"Blade Dance","floor":2.0},{"not_picked":["Deflect","Outmaneuver","ReplayTheSpireMod:The Works"],"picked":"SKIP","floor":4.0},{"not_picked":["Doppelganger","Bane"],"picked":"ReplayTheSpireMod:Scrap Shanks","floor":7.0},{"not_picked":["Hidden Blade","PiercingWail"],"picked":"Infinite Blades","floor":10.0},{"not_picked":["Noxious Fumes","Poisoned Stab"],"picked":"Cloak And Dagger","floor":11.0},{"not_picked":["Well Laid Plans","Blur"],"picked":"All Out Attack","floor":12.0},{"not_picked":["ReplayTheSpireMod:The Works","Acrobatics"],"picked":"Cloak And Dagger","floor":14.0},{"not_picked":["Wraith Form v2","Replay:Bag of Tricks"],"picked":"ReplayTheSpireMod:From All Sides","floor":16.0},{"not_picked":["Pain","CommonCold"],"picked":"Clumsy","floor":17.0},{"not_picked":["Doubt","Shame"],"picked":"Clumsy","floor":17.0},{"not_picked":["Gluttony_TH","Replay:Hysterical Blindness"],"picked":"ReplayTheSpireMod:Splinters","floor":17.0},{"not_picked":["Deadly Poison","Caltrops+1"],"picked":"Infinite Blades","floor":18.0},{"not_picked":["Poison Darts","Blur","Bane+1"],"picked":"SKIP","floor":19.0},{"not_picked":["Flying Knee","Deadly Poison+1","Heel Hook+1"],"picked":"SKIP","floor":20.0},{"not_picked":["Bouncing Flask","PiercingWail"],"picked":"Dagger Spray","floor":21.0},{"not_picked":["Deadly Poison","Riddle With Holes","Dagger Spray"],"picked":"SKIP","floor":22.0},{"not_picked":["Backflip+1","Deflect"],"picked":"Footwork","floor":24.0},{"not_picked":["Deadly Poison","Dodge and Roll+1"],"picked":"ReplayTheSpireMod:Tripwire","floor":28.0},{"not_picked":["Bouncing Flask","Flying Knee","Outmaneuver"],"picked":"SKIP","floor":31.0},{"not_picked":["Replay:Bag of Tricks","Phantasmal Killer"],"picked":"Storm of Steel","floor":33.0},{"not_picked":["Outmaneuver","Bane+1"],"picked":"Calculated Gamble","floor":35},{"not_picked":["Outmaneuver+1","Acrobatics+1"],"picked":"Prepared","floor":36}],"player_experience":162964,"relics_obtained":[{"floor":7.0,"key":"aspiration:Lifesprig"},{"floor":24.0,"key":"conspire:GlowingRock"},{"floor":26.0,"key":"Replay:Mystery Machine"},{"floor":27.0,"key":"Chameleon Ring"}],"event_choices":[{"damage_healed":0.0,"max_hp_gain":0.0,"max_hp_loss":0.0,"gold_gain":175.0,"event_name":"Liars Game","player_choice":"AGREE","floor":3.0,"gold_loss":0.0,"damage_taken":0.0,"cards_obtained":["Doubt"]},{"damage_healed":0.0,"max_hp_gain":0.0,"max_hp_loss":0.0,"gold_gain":75.0,"event_name":"FaceTrader","player_choice":"Touch","floor":5.0,"gold_loss":0.0,"damage_taken":7.0},{"damage_healed":0.0,"max_hp_gain":0.0,"max_hp_loss":0.0,"gold_gain":0.0,"event_name":"The Woman in Blue","player_choice":"Bought 0 Potions","floor":30.0,"gold_loss":0.0,"damage_taken":0.0}],"is_beta":false,"boss_relics":[{"not_picked":["vexMod:EndlessSickness","Painkiller Herb"],"picked":"Replay:Ancient Bell"},{"not_picked":["Simple Rune","RuthlessExorcism:ReiMu"],"picked":"Omamori"},{"not_picked":["CrazyTorch:ReiMu","vexMod:ConsolationPrize"],"picked":"AntiCross"},{"not_picked":["WingedGreaves","Torii"],"picked":"Shovel"},{"not_picked":["aspiration:PoetsPen_weak","Abe\u0027s Treasure"],"picked":"Replay:Bronze Core"}],"items_purged_floors":[8,29,29],"is_endless":false,"potions_floor_spawned":[2,10,11,12,14,18,22,28,36],"killed_by":"4 Shapes","ascension_level":0}}