{"host":"1dhlu4qzehvrzpot","time":1611183735,"event":{"mods":["2.2 Compatiblity","AchievementEnabler","BaseMod","Block Reminder","Minty Spire (QoL Compilation)","Permanent Neow","Quick Restart","Rare Cards Sparkle","Relic Stats","Say the Spire","Slay-I","StSLib","SuperFastMode"],"gold_per_floor":[117,132,132,132,5,44,44,80,106,127,147,175,198,18,18,114,114,132,132,156,190,140,140,184,184,184,197,197,229,262,262,262],"floor_reached":31,"language":"ENG","playtime":680,"items_purged":["Regret"],"score":451,"play_id":"2252dc6f-fe9a-423b-ad55-974cf75c1f73","local_time":"20210121000215","is_ascension_mode":true,"campfire_choices":[{"floor":7,"key":"REST"},{"data":"A Thousand Cuts","floor":15,"key":"SMITH"},{"floor":23,"key":"REST"},{"floor":25,"key":"REST"},{"floor":28,"key":"REST"}],"circlet_count":0,"master_deck":["AscendersBane","Strike_G","Strike_G","Strike_G","Strike_G","Strike_G","Defend_G","Defend_G","Defend_G","Defend_G","Defend_G","Survivor","Neutralize","Accuracy","Terror","Dagger Throw","Injury","Slice","A Thousand Cuts+1","Footwork","Finisher","Cloak And Dagger","Quick Slash","Quick Slash","Storm of Steel","Backstab","Deflect+1","Cloak And Dagger","Backstab","Finisher"],"relics":["Ring of the Snake","Golden Idol","Regal Pillow","StrikeDummy","Kunai","Tiny Chest","Odd Mushroom","Lee\u0027s Waffle","HoveringKite","CeramicFish","Pear","Eternal Feather"],"acts_visited":["Exordium","TheCity"],"potions_floor_usage":[8,12,24,27,31],"damage_taken":[{"damage":0,"enemies":"Small Slimes","floor":1,"turns":3},{"damage":1,"enemies":"2 Louse","floor":2,"turns":4},{"damage":25,"enemies":"Gremlin Nob","floor":6,"turns":4},{"damage":25,"enemies":"Lagavulin","floor":8,"turns":5},{"damage":4,"enemies":"Jaw Worm","floor":10,"turns":3},{"damage":0,"enemies":"Blue Slaver","floor":11,"turns":6},{"damage":21,"enemies":"The Mushroom Lair","floor":12,"turns":5},{"damage":11,"enemies":"Gremlin Gang","floor":13,"turns":6},{"damage":47,"enemies":"Hexaghost","floor":16,"turns":9},{"damage":12,"enemies":"Chosen","floor":18,"turns":4},{"damage":17,"enemies":"Shell Parasite","floor":21,"turns":6},{"damage":62,"enemies":"Book of Stabbing","floor":24,"turns":7},{"damage":48,"enemies":"Shelled Parasite and Fungi","floor":27,"turns":8},{"damage":39,"enemies":"Centurion and Healer","floor":29,"turns":8},{"damage":14,"enemies":"Cultist and Chosen","floor":30,"turns":4},{"damage":12,"enemies":"Gremlin Leader","floor":31,"turns":1}],"seed_played":"-8221941385190952903","potions_obtained":[{"floor":2,"key":"GamblersBrew"},{"floor":6,"key":"Ancient Potion"},{"floor":11,"key":"SpeedPotion"},{"floor":13,"key":"LiquidBronze"},{"floor":19,"key":"GhostInAJar"},{"floor":30,"key":"LiquidBronze"}],"is_trial":false,"path_per_floor":["M","M","?","?","$","E","R","E","T","M","M","?","M","$","R","B",null,"M","?","T","M","?","R","E","R","T","M","R","M","M","E"],"character_chosen":"THE_SILENT","items_purchased":["Slice","Lee\u0027s Waffle","Quick Slash"],"campfire_rested":4,"item_purchase_floors":[5,14,14],"current_hp_per_floor":[59,58,58,58,58,33,66,41,41,37,37,16,5,73,73,26,61,49,49,49,32,32,68,16,55,55,7,61,22,8,0,0],"gold":262,"neow_bonus":"THREE_CARDS","is_daily":false,"chose_seed":false,"campfire_upgraded":1,"win_rate":0.0,"timestamp":1611183735,"path_taken":["M","M","?","?","$","E","R","E","T","M","M","?","?","$","R","BOSS","M","?","?","M","?","R","E","R","T","M","R","?","?","E"],"items_purchased_type":["Card","Relic","Card"],"build_version":"2020-12-22","purchased_purges":1,"victory":false,"max_hp_per_floor":[66,66,66,66,66,66,66,66,66,66,66,66,66,73,73,73,73,73,73,73,73,73,73,83,83,83,83,83,83,83,83,83],"relic_stats":{"Regal Pillow":59,"Lee\u0027s Waffle":68,"counters":[16,83],"Golden Idol":82,"CeramicFish":36,"HoveringKite":[14],"Tiny Chest":1,"Eternal Feather":15,"Kunai":[24],"obtain_stats":[{"Regal Pillow":4,"Lee\u0027s Waffle":14,"Pear":24,"Golden Idol":3,"CeramicFish":20,"HoveringKite":17,"Tiny Chest":9,"Eternal Feather":26,"Kunai":8,"Odd Mushroom":12,"StrikeDummy":6,"Ring of the Snake":0},{"Regal Pillow":2,"Lee\u0027s Waffle":8,"Pear":12,"Golden Idol":2,"CeramicFish":10,"HoveringKite":9,"Tiny Chest":4,"Eternal Feather":12,"Kunai":4,"Odd Mushroom":7,"StrikeDummy":3,"Ring of the Snake":0},{"Regal Pillow":7,"Lee\u0027s Waffle":36,"Pear":62,"Golden Idol":7,"CeramicFish":49,"HoveringKite":45,"Tiny Chest":16,"Eternal Feather":62,"Kunai":16,"Odd Mushroom":30,"StrikeDummy":11,"Ring of the Snake":0}],"Ring of the Snake":[32]},"card_choices":[{"not_picked":["Heel Hook","Expertise"],"picked":"Accuracy","floor":0},{"not_picked":["PiercingWail","Prepared"],"picked":"Terror","floor":1},{"not_picked":["Expertise","Escape Plan"],"picked":"Dagger Throw","floor":2},{"not_picked":["Escape Plan","Reflex"],"picked":"A Thousand Cuts","floor":6},{"not_picked":["Reflex","PiercingWail"],"picked":"Footwork","floor":8},{"not_picked":["Prepared","Flying Knee"],"picked":"Finisher","floor":10},{"not_picked":["Dagger Throw","Poisoned Stab"],"picked":"Cloak And Dagger","floor":11},{"not_picked":["Riddle With Holes","Distraction"],"picked":"Quick Slash","floor":13},{"not_picked":["Malaise","A Thousand Cuts"],"picked":"Storm of Steel","floor":16},{"not_picked":["Flechettes","Reflex"],"picked":"Backstab","floor":18},{"not_picked":["Deadly Poison","Poisoned Stab"],"picked":"Deflect+1","floor":21},{"not_picked":["Terror","Acrobatics"],"picked":"Cloak And Dagger","floor":24},{"not_picked":["PiercingWail+1","Outmaneuver+1","Quick Slash"],"picked":"SKIP","floor":27},{"not_picked":["Quick Slash+1","Flying Knee"],"picked":"Backstab","floor":29},{"not_picked":["Venomology","Sucker Punch"],"picked":"Finisher","floor":30}],"player_experience":528454,"relics_obtained":[{"floor":6,"key":"StrikeDummy"},{"floor":8,"key":"Kunai"},{"floor":9,"key":"Tiny Chest"},{"floor":12,"key":"Odd Mushroom"},{"floor":20,"key":"CeramicFish"},{"floor":24,"key":"Pear"},{"floor":26,"key":"Eternal Feather"}],"event_choices":[{"damage_healed":0,"gold_gain":0,"player_choice":"Take Wound","damage_taken":0,"relics_obtained":["Golden Idol"],"max_hp_gain":0,"max_hp_loss":0,"event_name":"Golden Idol","floor":3,"gold_loss":0,"cards_obtained":["Injury"]},{"damage_healed":0,"gold_gain":0,"player_choice":"Box","damage_taken":0,"relics_obtained":["Regal Pillow"],"max_hp_gain":0,"max_hp_loss":0,"event_name":"Big Fish","floor":4,"gold_loss":0,"cards_obtained":["Regret"]},{"damage_healed":0,"gold_gain":0,"player_choice":"Fought Mushrooms","damage_taken":0,"max_hp_gain":0,"max_hp_loss":0,"event_name":"Mushrooms","floor":12,"gold_loss":0},{"damage_healed":0,"gold_gain":0,"player_choice":"Got Potions","damage_taken":0,"max_hp_gain":0,"max_hp_loss":0,"event_name":"Lab","floor":19,"gold_loss":0},{"damage_healed":0,"gold_gain":0,"player_choice":"Bet on Murderer","damage_taken":0,"max_hp_gain":0,"max_hp_loss":0,"event_name":"The Joust","floor":22,"gold_loss":50}],"is_beta":false,"boss_relics":[{"not_picked":["SlaversCollar","Empty Cage"],"picked":"HoveringKite"}],"items_purged_floors":[5],"is_endless":false,"potions_floor_spawned":[2,6,11,13,30],"killed_by":"Gremlin Leader","ascension_level":14}}