{"host":"rzpi613efy9j52u4","time":1611163348,"event":{"mods":["Aspiration","BaseMod","BetterRewards","Colored Powertips","Downfall","Googly Eyes","Hubris","Minty Spire (QoL Compilation)","Rare Cards Sparkle","Shop Mod","StSLib","The Disciple","The Hierophant","The Poker Player"],"gold_per_floor":[208,208,173,173,310,310,310,310,335,28,180,339,34,159,159,308,308,472,517,616,616,221,221,221,221,247,247,97,258,446,614,614,846,846,1042,1060,1282,1549,418,418,492,730,730,76,85,85,85,103,103],"floor_reached":48,"language":"ENG","playtime":3315,"items_purged":[],"score":1109,"play_id":"5ee81588-5030-476b-bae1-64430c716f3b","local_time":"20210120122228","daily_mods":["Draft","Hoarder","Vintage","Heirloom","Flight","downfall:Jewelcrafting"],"is_ascension_mode":false,"campfire_choices":[{"data":"hierophant:Exaltation","floor":6,"key":"SMITH"},{"data":"hierophant:RecallFunds","floor":27,"key":"SMITH"},{"data":"hierophant:Charity","floor":32,"key":"SMITH"},{"data":"hierophant:RecallFunds","floor":40,"key":"SMITH"},{"data":"hierophant:RecallFunds","floor":47,"key":"SMITH"}],"circlet_count":0,"master_deck":["Guardian:ExploitGems","Guardian:ExploitGems","hierophant:FlamingChariot","hierophant:FlamingChariot","hierophant:FlamingChariot","hierophant:ArchangelShield","hierophant:ArchangelShield","hierophant:ArchangelShield","hierophant:Embezzle","hierophant:Embezzle","hierophant:Embezzle","hierophant:RustyCrate","hierophant:RustyCrate","hierophant:RustyCrate","hierophant:Doubloon","hierophant:Doubloon","hierophant:Doubloon","hierophant:Doubloon","hierophant:Doubloon","hierophant:Doubloon","hierophant:RustyCrate","hierophant:RustyCrate","hierophant:RustyCrate","hierophant:Doubloon","hierophant:Doubloon","hierophant:Doubloon","hierophant:Doubloon","hierophant:Doubloon","hierophant:Doubloon","hierophant:MorningPrayer","hierophant:MorningPrayer","hierophant:MorningPrayer","hierophant:MirrorShield","hierophant:MirrorShield","hierophant:MirrorShield","hierophant:ThreeLashes","hierophant:ThreeLashes","hierophant:ThreeLashes","hierophant:Glossolalia","hierophant:Glossolalia","hierophant:Glossolalia","hierophant:Doubloon","hierophant:Doubloon","hierophant:Doubloon","hierophant:RecallFunds+1","hierophant:RecallFunds+1","hierophant:RecallFunds+1","hierophant:SolarFlare","hierophant:SolarFlare","hierophant:SolarFlare","hierophant:Exaltation+1","hierophant:Exaltation","hierophant:Exaltation","hierophant:ThreeLashes","hierophant:ThreeLashes","hierophant:ThreeLashes","hierophant:HammerAndAnvil","hierophant:HammerAndAnvil","hierophant:HammerAndAnvil","hierophant:HammerAndAnvil","hierophant:HammerAndAnvil","hierophant:HammerAndAnvil","hierophant:Doubloon","hierophant:Doubloon","hierophant:Doubloon","hierophant:Charity","hierophant:Charity","Injury","Injury","Injury","Injury","Injury","Injury","Panache+1","Panache+1","Panache+1","hierophant:Doubloon","hierophant:Doubloon","hierophant:Doubloon","hierophant:Generosity+1","hierophant:Generosity+1","Bite","Bite","Bite","Bite","Bite","Bite","Bite","Bite","Bite","Bite","Bite","Bite","Bite","Bite","Bite","hierophant:HolyVerse","hierophant:HolyVerse","hierophant:HolyVerse","hierophant:HammerAndAnvil","hierophant:HammerAndAnvil","hierophant:HammerAndAnvil","hierophant:SealAway","hierophant:SealAway","hierophant:SealAway","hierophant:FaithHealing","hierophant:FaithHealing","hierophant:FaithHealing","hierophant:Determination+1","hierophant:Determination+1","hierophant:Determination+1","hierophant:Doubloon","hierophant:Doubloon","hierophant:Doubloon","hubris:DuctTapeCard","hubris:DuctTapeCard","hubris:DuctTapeCard","hierophant:Doubloon","hierophant:Doubloon","hierophant:Doubloon","hierophant:Remorse+1","hierophant:Remorse+1","hierophant:Remorse+1","hierophant:Martyrdom+1","hierophant:Martyrdom+1","hierophant:Martyrdom+1","hierophant:Repentance","hierophant:Repentance","hierophant:Repentance","hierophant:Smite","hierophant:Smite","hierophant:Smite","Chrysalis","Chrysalis","Chrysalis","hierophant:Doubloon","hierophant:Doubloon","hierophant:Doubloon","hierophant:RecallFunds","hierophant:RecallFunds","hierophant:RecallFunds","hierophant:Doubloon","hierophant:Doubloon","hierophant:Doubloon","hierophant:AuricForm+1","hierophant:AuricForm+1","hierophant:AuricForm+1"],"relics":["hierophant:PropheticMaskRelic","Guardian:PickAxe","hubris:Spice","aspiration:ChemicalBlood","Bloody Idol","Ornamental Fan","Frozen Egg 2","hubris:DeckOfHolding","aspiration:ArtOfWarUpgrade","CeramicFish","Matryoshka","Strawberry","Boot","hubris:BlackHole","Tiny Chest","Medical Kit","hubris:ToyBattleship","hubris:HerbalPaste","Bottled Flame","MealTicket","aspiration:FutureDiary","Oddly Smooth Stone","hubris:SlimyHat","hubris:DuctTape","hubris:MedicalManual","hierophant:DonationBoxRelic","Question Card","InkBottle"],"acts_visited":["Exordium","TheCity","TheBeyond"],"potions_floor_usage":[12,14,16,31,33,33,33,38,38,38,38,38,38,48,48,48],"damage_taken":[{"damage":11,"enemies":"Jaw Worm","floor":1,"turns":3},{"damage":6,"enemies":"2 Louse","floor":5,"turns":2},{"damage":6,"enemies":"Cultist","floor":11,"turns":4},{"damage":28,"enemies":"Exordium Wildlife","floor":12,"turns":3},{"damage":33,"enemies":"Exordium Thugs","floor":14,"turns":4},{"damage":0,"enemies":"Hexaghost","floor":16,"turns":4},{"damage":0,"enemies":"Shell Parasite","floor":18,"turns":1},{"damage":0,"enemies":"3 Byrds","floor":29,"turns":2},{"damage":8,"enemies":"Book of Stabbing","floor":30,"turns":2},{"damage":16,"enemies":"Shelled Parasite and Fungi","floor":31,"turns":3},{"damage":26,"enemies":"Champ","floor":33,"turns":4},{"damage":10,"enemies":"Orb Walker","floor":35,"turns":2},{"damage":28,"enemies":"3 Shapes","floor":37,"turns":5},{"damage":60,"enemies":"2 Orb Walkers","floor":38,"turns":4},{"damage":0,"enemies":"Transient","floor":41,"turns":4},{"damage":3,"enemies":"Sphere and 2 Shapes","floor":42,"turns":1},{"damage":3,"enemies":"Nemesis","floor":48,"turns":2}],"seed_played":"-3227957310302934034","potions_obtained":[{"floor":5,"key":"SkillPotion"},{"floor":16,"key":"Energy Potion"},{"floor":29,"key":"BlessingOfTheForge"},{"floor":30,"key":"FairyPotion"},{"floor":31,"key":"Dexterity Potion"},{"floor":33,"key":"Weak Potion"},{"floor":33,"key":"SteroidPotion"},{"floor":38,"key":"SkillPotion"},{"floor":38,"key":"Swift Potion"},{"floor":38,"key":"Weak Potion"},{"floor":41,"key":"DuplicationPotion"}],"is_trial":true,"path_per_floor":["M","?","?","?","M","R","?","?","T","$","M","M","$","M","R","B",null,"M","?","?","?","$","R","$","?","T","R","$","M","E","M","R","B",null,"M","T","M","?","$","R","M","M","T","$","?","T","R","E"],"character_chosen":"HIEROPHANT","items_purchased":["CeramicFish","Panache+1","hubris:Spice","Tiny Chest","Medical Kit","hierophant:HolyVerse","hierophant:HammerAndAnvil","hierophant:SealAway","hubris:HerbalPaste","hierophant:DonationBoxRelic","Question Card","hubris:Spice","hierophant:Martyrdom+1","hierophant:Repentance","hierophant:Smite","Chrysalis","InkBottle","hubris:Spice","hierophant:Doubloon","hierophant:RecallFunds","Strength Potion"],"campfire_rested":0,"item_purchase_floors":[10,10,13,22,22,22,22,22,28,39,39,39,39,39,39,39,44,44,44,44,44],"current_hp_per_floor":[72,72,83,83,77,77,77,77,77,77,71,50,58,25,25,25,98,90,62,62,62,62,62,62,62,54,54,54,54,54,46,46,46,46,46,46,35,22,30,30,22,14,6,1,1,1,1,0,0],"gold":103,"neow_bonus":"","is_daily":false,"chose_seed":false,"campfire_upgraded":5,"win_rate":0.0,"timestamp":1611163348,"path_taken":["M","?","?","?","?","R","?","?","T","$","M","?","?","M","R","BOSS","M","?","?","?","$","R","?","?","T","R","$","M","E","?","R","BOSS","M","?","?","?","$","R","M","M","T","$","?","?","R","E"],"items_purchased_type":["Relic","Card","Relic","Relic","Relic","Card","Card","Card","Relic","Relic","Relic","Relic","Card","Card","Card","Card","Relic","Relic","Card","Card","Potion"],"build_version":"2020-12-13","purchased_purges":0,"victory":false,"max_hp_per_floor":[83,83,83,83,83,83,83,83,83,83,83,90,98,98,98,98,98,90,62,62,62,62,62,62,62,54,54,54,54,54,46,46,46,46,46,46,38,38,30,30,22,14,6,1,1,1,1,1,1],"card_choices":[{"not_picked":["hierophant:Encroach","hierophant:FaithHealing"],"picked":"hierophant:FlamingChariot","floor":0},{"not_picked":["hierophant:RecallFunds","hierophant:AuricBeam"],"picked":"hierophant:ArchangelShield","floor":0},{"not_picked":["hierophant:FaithHealing","hierophant:RepressedViolence"],"picked":"hierophant:Embezzle","floor":0},{"not_picked":["hierophant:AuricShield","hierophant:RecallFunds"],"picked":"hierophant:RustyCrate","floor":0},{"not_picked":["hierophant:Encroach","hierophant:AuricBeam"],"picked":"hierophant:RustyCrate","floor":0},{"not_picked":["hierophant:HolyVerse","hierophant:Zeal"],"picked":"hierophant:MorningPrayer","floor":0},{"not_picked":["hierophant:Shelter","hierophant:Mercenaries"],"picked":"hierophant:MirrorShield","floor":0},{"not_picked":["hierophant:MorningPrayer","hierophant:AuricBeam"],"picked":"hierophant:ThreeLashes","floor":0},{"not_picked":["hierophant:Embezzle","hierophant:SecretStash"],"picked":"hierophant:Glossolalia","floor":0},{"not_picked":["hierophant:PassingBell","hierophant:Blessing"],"picked":"hierophant:RecallFunds","floor":0},{"not_picked":["hierophant:Shelter","hierophant:Purify"],"picked":"hierophant:SolarFlare","floor":0},{"not_picked":["hierophant:Zeal","hierophant:Smite"],"picked":"hierophant:Exaltation","floor":0},{"not_picked":["hierophant:Empathy","hierophant:FlamingChariot"],"picked":"hierophant:ThreeLashes","floor":0},{"not_picked":["hierophant:DisplayOfPower","hierophant:Mercenaries"],"picked":"hierophant:HammerAndAnvil","floor":0},{"not_picked":["hierophant:RustyCrate","hierophant:SealAway"],"picked":"hierophant:HammerAndAnvil","floor":0},{"not_picked":["hubris:SpiceAddiction","hierophant:Invocation"],"picked":"hierophant:Generosity+1","floor":16},{"not_picked":["hierophant:Zeal","hierophant:RecallFunds"],"picked":"hierophant:FaithHealing","floor":30},{"not_picked":["hierophant:LocustPlague","hubris:SpiceAddiction"],"picked":"hierophant:Determination+1","floor":33},{"not_picked":["hierophant:Encroach","hierophant:Alms+1"],"picked":"hierophant:Remorse+1","floor":38}],"player_experience":53222,"relics_obtained":[{"floor":1,"key":"aspiration:ChemicalBlood"},{"floor":5,"key":"Ornamental Fan"},{"floor":9,"key":"Art of War"},{"floor":11,"key":"Matryoshka"},{"floor":12,"key":"Strawberry"},{"floor":14,"key":"Boot"},{"floor":18,"key":"hubris:Spice"},{"floor":26,"key":"hubris:Spice"},{"floor":26,"key":"hubris:ToyBattleship"},{"floor":29,"key":"Bottled Flame"},{"floor":30,"key":"MealTicket"},{"floor":31,"key":"hubris:Spice"},{"floor":35,"key":"Oddly Smooth Stone"},{"floor":36,"key":"hubris:SlimyHat"},{"floor":36,"key":"hubris:DuctTape"},{"floor":37,"key":"hubris:Spice"},{"floor":38,"key":"hubris:MedicalManual"},{"floor":41,"key":"hubris:Spice"},{"floor":42,"key":"hubris:Spice"},{"floor":43,"key":"hubris:Spice"},{"floor":46,"key":"hubris:Spice"}],"event_choices":[{"damage_healed":20,"gold_gain":0,"player_choice":"Healed","damage_taken":0,"max_hp_gain":0,"max_hp_loss":0,"event_name":"The Cleric","floor":3,"gold_loss":35},{"damage_healed":0,"gold_gain":0,"player_choice":"Take Wound","damage_taken":0,"relics_obtained":["Golden Idol"],"max_hp_gain":0,"max_hp_loss":0,"event_name":"Golden Idol","floor":4,"gold_loss":0,"cards_obtained":["Injury"]},{"damage_healed":0,"gold_gain":0,"player_choice":"Gave Potion","damage_taken":0,"relics_obtained":["hubris:DeckOfHolding"],"max_hp_gain":0,"max_hp_loss":0,"event_name":"WeMeetAgain","floor":8,"gold_loss":0},{"damage_healed":0,"gold_gain":0,"player_choice":"Became a vampire","damage_taken":0,"max_hp_gain":0,"max_hp_loss":28,"event_name":"Vampires","floor":19,"gold_loss":0,"cards_obtained":["Bite","Bite","Bite","Bite","Bite"]},{"damage_healed":0,"gold_gain":99,"player_choice":"Stole From Cult","damage_taken":0,"max_hp_gain":0,"max_hp_loss":0,"event_name":"Nest","floor":20,"gold_loss":0},{"damage_healed":0,"gold_gain":0,"player_choice":"Gave Idol","damage_taken":0,"relics_obtained":["Bloody Idol"],"max_hp_gain":0,"max_hp_loss":0,"event_name":"Forgotten Altar","floor":25,"relics_lost":["Golden Idol"],"gold_loss":0},{"damage_healed":0,"gold_gain":0,"player_choice":"Fight","damage_taken":0,"max_hp_gain":0,"max_hp_loss":0,"event_name":"Mysterious Sphere","floor":38,"gold_loss":0},{"damage_healed":0,"gold_gain":0,"player_choice":"1 cards matched","damage_taken":0,"max_hp_gain":0,"max_hp_loss":0,"event_name":"Match and Keep!","floor":45,"gold_loss":0,"cards_obtained":["hierophant:AuricForm"]}],"is_beta":false,"boss_relics":[{"not_picked":["hubris:Spice","hubris:Spice"],"picked":"hubris:BlackHole"},{"not_picked":["hubris:Spice","sneckomod:SneckoTalon"],"picked":"aspiration:FutureDiary"}],"items_purged_floors":[],"is_endless":true,"potions_floor_spawned":[5,16,29,30,33,38,41],"killed_by":"Nemesis","ascension_level":0}}