{"host":"3y2rtlgteqp2nuo3","time":1611130803,"event":{"mods":["2.2 Compatiblity","AchievementEnabler","BaseMod","Colored Map","DeckTracker","Highlight Path","Keyboard Shortcuts","Minty Spire (QoL Compilation)","Permanent Neow","Quick Restart","StSLib","SuperFastMode","everything is the same but u backflip on backflip"],"gold_per_floor":[111,111,129,79,93,93,104,104,104,118,129,160,17,36,36,36,36],"floor_reached":16,"language":"KOR","playtime":384,"items_purged":[],"score":172,"play_id":"23a1fc57-e571-4124-8962-5b7b38bd2339","local_time":"20210120172003","is_ascension_mode":true,"campfire_choices":[{"data":"Deadly Poison","floor":6.0,"key":"SMITH"},{"data":"Sucker Punch","floor":8.0,"key":"SMITH"},{"data":"Leg Sweep","floor":15.0,"key":"SMITH"}],"circlet_count":0,"master_deck":["AscendersBane","Strike_G","Strike_G","Strike_G","Defend_G","Defend_G","Defend_G","Defend_G","Defend_G","Survivor","Neutralize+1","Cloak And Dagger","Sucker Punch+1","Deadly Poison+1","Deadly Poison","Leg Sweep+1","Blade Dance"],"relics":["Ring of the Snake","InkBottle","Pear","Membership Card"],"acts_visited":["Exordium"],"potions_floor_usage":[16,16],"damage_taken":[{"damage":0.0,"enemies":"Cultist","floor":1.0,"turns":4.0},{"damage":0.0,"enemies":"Small Slimes","floor":3.0,"turns":5.0},{"damage":9.0,"enemies":"Jaw Worm","floor":5.0,"turns":7.0},{"damage":4.0,"enemies":"Blue Slaver","floor":7.0,"turns":4.0},{"damage":4.0,"enemies":"2 Fungi Beasts","floor":10.0,"turns":3.0},{"damage":3.0,"enemies":"Large Slime","floor":11.0,"turns":6.0},{"damage":10.0,"enemies":"3 Sentries","floor":12.0,"turns":11.0},{"damage":3.0,"enemies":"Looter","floor":14.0,"turns":3.0},{"damage":9,"enemies":"Slime Boss","floor":16,"turns":5}],"seed_played":"-5843735404429458425","potions_obtained":[{"floor":1.0,"key":"ColorlessPotion"},{"floor":10.0,"key":"LiquidMemories"},{"floor":12.0,"key":"DistilledChaos"}],"is_trial":false,"path_per_floor":["M","?","M","?","M","R","M","R","T","M","M","E","$","M","R","B"],"character_chosen":"THE_SILENT","items_purchased":["Membership Card"],"campfire_rested":0,"item_purchase_floors":[13],"current_hp_per_floor":[63,63,63,63,54,54,50,50,50,46,43,43,43,40,40,31,31],"gold":36,"neow_bonus":"UPGRADE_CARD","is_daily":false,"chose_seed":false,"campfire_upgraded":3,"win_rate":0.0,"timestamp":1611130803,"path_taken":["M","?","M","?","M","R","M","R","T","M","M","E","$","?","R","BOSS"],"items_purchased_type":["Relic"],"build_version":"2020-12-22","purchased_purges":0,"victory":false,"max_hp_per_floor":[70,70,70,70,70,70,70,70,70,70,70,80,80,80,80,80,80],"card_choices":[{"not_picked":["Prepared","Quick Slash"],"picked":"Cloak And Dagger","floor":1.0},{"not_picked":["Setup","Outmaneuver"],"picked":"Sucker Punch","floor":3.0},{"not_picked":["Blur","Quick Slash"],"picked":"Deadly Poison","floor":5.0},{"not_picked":["Flying Knee","Terror","All Out Attack"],"picked":"SKIP","floor":7.0},{"not_picked":["Footwork","Dash"],"picked":"Deadly Poison","floor":10.0},{"not_picked":["Calculated Gamble","PiercingWail"],"picked":"Leg Sweep","floor":11.0},{"not_picked":["Blur","PiercingWail"],"picked":"Blade Dance","floor":12.0},{"not_picked":["Prepared","Setup","Masterful Stab"],"picked":"SKIP","floor":14.0}],"player_experience":697806,"relics_obtained":[{"floor":9.0,"key":"InkBottle"},{"floor":12.0,"key":"Pear"}],"event_choices":[{"cards_removed":["Strike_G"],"damage_healed":0.0,"max_hp_gain":0.0,"max_hp_loss":0.0,"gold_gain":0.0,"event_name":"Living Wall","player_choice":"Forget","floor":2.0,"gold_loss":0.0,"damage_taken":0.0},{"cards_removed":["Strike_G"],"damage_healed":0.0,"max_hp_gain":0.0,"max_hp_loss":0.0,"gold_gain":0.0,"event_name":"The Cleric","player_choice":"Card Removal","floor":4.0,"gold_loss":50.0,"damage_taken":0.0}],"is_beta":false,"boss_relics":[],"items_purged_floors":[],"is_endless":false,"potions_floor_spawned":[1,10,12],"killed_by":"Slime Boss","ascension_level":13}}