{"host":"KYO","time":1611139917,"event":{"mods":["ATMod(°¢èªMod)","BaseMod","Minty Spire (QoL Compilation)","Permanent Neow","Shop Mod","StSLib","SuperFastMode","TestMod","[IsaacMod]ÒÔÈö¼âËþ","¡¾ÒÅÎï¿¨ÅÆ¡¿REMEMod"],"gold_per_floor":[110,110,130,146,159,191,191,223,223,235,29,61,6,6,6,84,84,96,110,127,137,137,153,153,153,153],"floor_reached":25,"language":"ZHS","playtime":2257,"items_purged":[],"score":500,"play_id":"3fd575be-b1ac-4ea2-83dd-ba7b7192198c","local_time":"20210120185157","is_ascension_mode":true,"campfire_choices":[{"data":"Loop","floor":7.0,"key":"SMITH"},{"floor":15.0,"key":"REST"}],"circlet_count":0,"master_deck":["AscendersBane","Zap","Dualcast","AT_WaterDrop","Finesse","Amplify","Loop+1","Cold Snap","Buffer","Chill","Coolheaded","FTL","Coolheaded","Machine Learning","Tempest+1","Capacitor","Glacier","Decay","Recycle"],"relics":["Cracked Core","HushsDoor","AT_ATBox","REME_ComplimentaryCards","testmod-TestBox","testmod-Temperance","BookofShadows","MerchantsRug","NineVolt","Bag of Marbles","testmod-SaigiyounoYou","Omamori"],"acts_visited":["Exordium","TheCity"],"potions_floor_usage":[],"damage_taken":[{"damage":3.0,"enemies":"2 Louse","floor":1.0,"turns":3.0},{"damage":0.0,"enemies":"Small Slimes","floor":3.0,"turns":4.0},{"damage":0.0,"enemies":"Cultist","floor":4.0,"turns":3.0},{"damage":9.0,"enemies":"Red Slaver","floor":5.0,"turns":4.0},{"damage":0.0,"enemies":"Gremlin Nob","floor":6.0,"turns":6.0},{"damage":9.0,"enemies":"Lagavulin","floor":8.0,"turns":5.0},{"damage":6.0,"enemies":"3 Louse","floor":10.0,"turns":6.0},{"damage":7.0,"enemies":"3 Sentries","floor":12.0,"turns":14.0},{"damage":13.0,"enemies":"The Guardian","floor":16.0,"turns":19.0},{"damage":23.0,"enemies":"Chosen","floor":18.0,"turns":11.0},{"damage":3.0,"enemies":"3 Byrds","floor":19.0,"turns":7.0},{"damage":0.0,"enemies":"Snake Plant","floor":20.0,"turns":8.0},{"damage":26.0,"enemies":"Centurion and Healer","floor":21.0,"turns":21.0},{"damage":32.0,"enemies":"Snecko","floor":23.0,"turns":12.0},{"damage":63,"enemies":"Gremlin Leader","floor":25,"turns":5}],"seed_played":"-4555349662083807524","potions_obtained":[{"floor":1.0,"key":"GamblersBrew"},{"floor":4.0,"key":"PotionOfCapacity"},{"floor":5.0,"key":"FocusPotion"},{"floor":8.0,"key":"SkillPotion"},{"floor":16.0,"key":"CultistPotion"},{"floor":18.0,"key":"Swift Potion"},{"floor":21.0,"key":"FocusPotion"}],"is_trial":false,"path_per_floor":["M","?","M","M","M","E","R","E","T","M","$","E","$","?","R","B",null,"M","M","M","M","?","M","?","E"],"character_chosen":"DEFECT","items_purchased":["MerchantsRug","NineVolt","Coolheaded"],"campfire_rested":1,"item_purchase_floors":[11,11,13],"current_hp_per_floor":[43,43,43,43,34,34,34,25,25,19,19,12,12,5,26,13,57,57,71,71,71,71,59,44,0,0],"gold":153,"neow_bonus":"TRANSFORM_TWO_CARDS","is_daily":false,"chose_seed":false,"campfire_upgraded":1,"win_rate":0.0,"timestamp":1611139917,"path_taken":["M","?","M","?","M","E","R","E","T","M","$","E","?","?","R","BOSS","M","M","M","M","?","M","?","E"],"items_purchased_type":["Relic","Relic","Card"],"build_version":"2020-12-18","purchased_purges":0,"victory":false,"max_hp_per_floor":[71,71,71,71,71,71,71,71,71,71,71,71,71,71,71,71,71,71,71,71,71,71,71,71,71,71],"card_choices":[{"not_picked":["Compile Driver","Stack","Skim"],"picked":"SKIP","floor":1.0},{"not_picked":["Stack","Beam Cell"],"picked":"Cold Snap","floor":3.0},{"not_picked":["Sweeping Beam","Gash","Streamline"],"picked":"SKIP","floor":4.0},{"not_picked":["Gash","Skim"],"picked":"Buffer","floor":5.0},{"not_picked":["Redo","Streamline","Steam"],"picked":"SKIP","floor":6.0},{"not_picked":["Multi-Cast","REME_Shoggoth"],"picked":"Chill","floor":8.0},{"not_picked":["Genetic Algorithm","Cold Snap"],"picked":"Coolheaded","floor":10.0},{"not_picked":["Reprogram","Redo"],"picked":"FTL","floor":12.0},{"not_picked":["Amplify","AT_WaterDrop"],"picked":"Machine Learning","floor":16.0},{"not_picked":["Turbo","Sunder"],"picked":"Tempest+1","floor":18.0},{"not_picked":["Go for the Eyes+1","Turbo"],"picked":"Capacitor","floor":19.0},{"not_picked":["Consume","Redo+1"],"picked":"Glacier","floor":20.0},{"not_picked":["Loop","Conserve Battery","Compile Driver"],"picked":"SKIP","floor":21.0},{"not_picked":["Sweeping Beam+1","Cold Snap"],"picked":"Recycle","floor":23.0}],"player_experience":635381,"relics_obtained":[{"floor":6.0,"key":"TuHaoJin"},{"floor":8.0,"key":"testmod-Motorcycle"},{"floor":12.0,"key":"Bag of Marbles"}],"event_choices":[{"damage_healed":0.0,"max_hp_gain":0.0,"max_hp_loss":0.0,"gold_gain":0.0,"cards_transformed":["Defend_B"],"event_name":"Living Wall","player_choice":"Change","floor":2.0,"gold_loss":0.0,"damage_taken":0.0,"cards_obtained":["Loop"]},{"cards_removed":["Strike_B"],"damage_healed":0.0,"max_hp_gain":0.0,"max_hp_loss":0.0,"gold_gain":0.0,"event_name":"Golden Wing","player_choice":"Card Removal","floor":14.0,"gold_loss":0.0,"damage_taken":7.0},{"damage_healed":0.0,"max_hp_gain":0.0,"max_hp_loss":0.0,"gold_gain":0.0,"event_name":"Wheel of Change","player_choice":"Cursed","floor":22.0,"gold_loss":0.0,"damage_taken":0.0,"cards_obtained":["Decay"]}],"is_beta":true,"boss_relics":[{"not_picked":["Empty Cage","Astrolabe"],"picked":"testmod-SaigiyounoYou"},{"not_picked":[]}],"items_purged_floors":[],"is_endless":false,"potions_floor_spawned":[1,4,5,8,16,18,21],"killed_by":"Gremlin Leader","ascension_level":20}}