{"host":"qwp6882a7gaon7u5","time":1611158131,"event":{"mods":["ATMod(阿瑾Mod)","BaseMod","BetterRewards","Minty Spire (QoL Compilation)","Red Circlet Mod","Replay The Spire","RumiaBox-露米娅的神秘盒子","Spicy Shops","StSLib","The Alterego","【功能Mod】混沌之环修复补丁","【遗物卡牌】REMEMod","篝火指南"],"gold_per_floor":[120,134,149,169,169,169,280,280,350,457,467,427,476,504,504,605,605,620,450,450,500,559,612,631,693,693,793,593,593,649,815,815,1116,1116,1242,1279,1279,1471,1585,1585,1742,1262,1262,1483,1548,1548,1548],"floor_reached":46,"language":"ZHS","playtime":2885,"items_purged":["alterego_mod:Strike","Doubt","alterego_mod:Strike","Pain"],"score":1054,"play_id":"28180b79-1562-4d19-8267-7bd6be5df800","local_time":"20210120235531","is_ascension_mode":true,"campfire_choices":[{"data":"REME_WheelOfFate","floor":6,"key":"SMITH"},{"data":"alterego_mod:Palingenesis","floor":8,"key":"SMITH"},{"data":"alterego_mod:Palingenesis+1","floor":15,"key":"SMITH"},{"floor":32,"key":"DIG"},{"floor":40,"key":"REST"}],"circlet_count":0,"master_deck":["alterego_mod:Strike+1","alterego_mod:Defend","alterego_mod:Defend","alterego_mod:Defend","alterego_mod:Impale","alterego_mod:BigMeatyClaws","alterego_mod:BrynhildrsRune","REME_WheelOfFate+1","AT_DarkMatter","alterego_mod:PresenceConcealment","alterego_mod:Cooking","alterego_mod:BreastValley","alterego_mod:Belts+1","alterego_mod:Palingenesis+3","alterego_mod:Rake+1","alterego_mod:DiscoLights","alterego_mod:BusterCard+1","alterego_mod:BustOut","alterego_mod:TrashNCrash+1","alterego_mod:PresenceConcealment+1","alterego_mod:Palingenesis","alterego_mod:Rip+1","Flash of Steel"],"relics":["alterego_mod:MasochisticConstitution","REME_ComplimentaryCards","AT_ATBox","Blood Vial","ClockworkSouvenir","AT_GoldPhoenixTree","Membership Card","Chemical X","Anchor","Pen Nib","GodSword4","Calipers","GodSword3","Potion Belt","Replay:Bottled Steam","SlaversCollar","ReplayTheSpireMod:CursedCoin","Guide Book","Replay:Bandana","AT_TimeSand","Boot","Replay:Baseball","Replay:Towering Pillar of Hats","AT_TheCollector","Smiling Mask","ZombieArmy","REME_HourglassOfDeath","ReplayTheSpireMod:Lightbulb","REME_ChargedStone","Counterbalance","Whetstone","Blue Doll","Bag of Marbles","Pondfish Scales","Sling","Strange Spoon","CeramicFish","Lantern","ReplayFunnel","Replay:Mystery Machine"],"acts_visited":["Exordium","TheCity","TheBeyond"],"potions_floor_usage":[4,13,16,16,16,23,24,24,25,38,39,39,39,44,44,44,45],"damage_taken":[{"damage":0,"enemies":"Cultist","floor":1,"turns":3},{"damage":0,"enemies":"Small Slimes","floor":2,"turns":3},{"damage":0,"enemies":"2 Louse","floor":3,"turns":2},{"damage":38,"enemies":"Lots of Slimes","floor":4,"turns":8},{"damage":18,"enemies":"Gremlin Nob","floor":7,"turns":6},{"damage":0,"enemies":"3 Sentries","floor":10,"turns":6},{"damage":0,"enemies":"2 Fungi Beasts","floor":11,"turns":3},{"damage":0,"enemies":"Red Slaver","floor":13,"turns":4},{"damage":0,"enemies":"Gremlin Nob","floor":14,"turns":3},{"damage":6,"enemies":"Fading Forest","floor":16,"turns":11},{"damage":27,"enemies":"Spheric Guardian","floor":18,"turns":4},{"damage":11,"enemies":"3 Byrds","floor":22,"turns":2},{"damage":0,"enemies":"Gremlin Leader","floor":23,"turns":4},{"damage":37,"enemies":"3 Cultists","floor":24,"turns":5},{"damage":11,"enemies":"Slavers","floor":25,"turns":3},{"damage":0,"enemies":"Snecko","floor":27,"turns":5},{"damage":9,"enemies":"Cultist and Chosen","floor":30,"turns":4},{"damage":15,"enemies":"Gremlin Leader","floor":31,"turns":5},{"damage":22,"enemies":"Automaton","floor":33,"turns":7},{"damage":13,"enemies":"3 Darklings","floor":35,"turns":4},{"damage":6,"enemies":"Orb Walker","floor":36,"turns":2},{"damage":66,"enemies":"Mind Bloom Boss Battle","floor":38,"turns":4},{"damage":29,"enemies":"Spire Growth","floor":39,"turns":4},{"damage":0,"enemies":"R_Hoarder","floor":41,"turns":7},{"damage":27,"enemies":"Reptomancer","floor":44,"turns":5},{"damage":4,"enemies":"Sphere and 2 Shapes","floor":45,"turns":4}],"seed_played":"-3674090788834378242","potions_obtained":[{"floor":1,"key":"ColorlessPotion"},{"floor":7,"key":"Energy Potion"},{"floor":12,"key":"Adrenaline Potion"},{"floor":12,"key":"Weak Potion"},{"floor":12,"key":"REME_GoldPotion"},{"floor":13,"key":"Weak Potion"},{"floor":22,"key":"Reflective Coating"},{"floor":23,"key":"Weak Potion"},{"floor":24,"key":"Weak Potion"},{"floor":27,"key":"FearPotion"},{"floor":31,"key":"Block Potion"},{"floor":35,"key":"EssenceOfSteel"},{"floor":36,"key":"Energy Potion"},{"floor":41,"key":"LiquidBronze"},{"floor":44,"key":"REME_GoldPotion"}],"is_trial":false,"path_per_floor":["M","M","M","M","?","R","E","R","T","E","M","?","M","E","R","B",null,"M","$","?","?","M","E","M","E","T","M","R","?","M","E","R","B",null,"M","M","?","?","M","R","E","R","T","E","M","?"],"character_chosen":"The_Alterego","items_purchased":["Blood Vial","ClockworkSouvenir","AT_GoldPhoenixTree","Membership Card","Chemical X","Anchor","Pen Nib","GodSword4","alterego_mod:PresenceConcealment","Strength Potion","ReplayTheSpireMod:CursedCoin","Guide Book","Replay:Bandana","AT_TimeSand","Smiling Mask","ZombieArmy","Bag of Marbles","Pondfish Scales","Sling","Strange Spoon","CeramicFish","Lantern","Flash of Steel"],"campfire_rested":1,"item_purchase_floors":[0,0,0,0,0,0,0,0,0,0,19,19,19,19,28,28,42,42,42,42,42,42,42],"current_hp_per_floor":[30,35,40,15,15,15,3,3,3,15,20,20,25,37,37,37,73,47,47,31,31,23,37,13,15,15,20,20,82,74,65,65,49,85,76,80,80,25,2,28,35,35,35,28,30,0,0],"gold":1548,"neow_bonus":"","is_daily":false,"chose_seed":false,"campfire_upgraded":3,"win_rate":0.0,"timestamp":1611158131,"path_taken":["M","M","M","?","?","R","E","R","T","E","?","?","M","E","R","BOSS","M","?","?","?","M","E","M","E","T","?","R","?","?","E","R","BOSS","M","M","?","?","M","R","E","R","T","E","M","?"],"items_purchased_type":["Relic","Relic","Relic","Relic","Relic","Relic","Relic","Relic","Card","Potion","Relic","Relic","Relic","Relic","Relic","Relic","Relic","Relic","Relic","Relic","Relic","Relic","Card"],"build_version":"2020-12-22","purchased_purges":4,"victory":false,"max_hp_per_floor":[70,70,70,71,71,71,72,72,72,72,72,72,72,72,72,73,73,74,74,79,79,80,80,81,82,82,82,82,82,83,84,84,85,85,86,87,87,88,89,89,89,89,89,90,91,91,91],"card_choices":[{"not_picked":["alterego_mod:Punishment","alterego_mod:PerceptionDisorder"],"picked":"alterego_mod:Cooking","floor":1},{"not_picked":["alterego_mod:Jiggle","alterego_mod:MagicResistance"],"picked":"alterego_mod:BreastValley","floor":2},{"not_picked":["alterego_mod:Crossover","alterego_mod:Bloomers","alterego_mod:Pet"],"picked":"SKIP","floor":3},{"not_picked":["alterego_mod:HighServant","alterego_mod:PerceptionDisorder"],"picked":"alterego_mod:Belts","floor":4},{"not_picked":["alterego_mod:Skirt","alterego_mod:BiFurious"],"picked":"alterego_mod:Palingenesis","floor":7},{"not_picked":["alterego_mod:SakuraFive","alterego_mod:Pet","alterego_mod:GIGAMILK"],"picked":"SKIP","floor":10},{"not_picked":["alterego_mod:Complex","alterego_mod:DeftHands","alterego_mod:Stockings"],"picked":"SKIP","floor":11},{"not_picked":["alterego_mod:Table","alterego_mod:Complex","alterego_mod:Maid"],"picked":"SKIP","floor":13},{"not_picked":["alterego_mod:Maid","alterego_mod:TrashNCrash","alterego_mod:Skirt"],"picked":"SKIP","floor":14},{"not_picked":["alterego_mod:BrynhildrRomantia","alterego_mod:STier"],"picked":"alterego_mod:Rake","floor":16},{"not_picked":["alterego_mod:SakuraFive","alterego_mod:Stockings"],"picked":"alterego_mod:DiscoLights","floor":18},{"not_picked":["alterego_mod:1TonWallop","alterego_mod:Santa"],"picked":"alterego_mod:Nekomimi","floor":22},{"not_picked":["alterego_mod:ChallengeComplete+1","alterego_mod:RidiculouslyBig"],"picked":"alterego_mod:BusterCard+1","floor":23},{"not_picked":["alterego_mod:Complex+1","alterego_mod:Maid","alterego_mod:Punishment"],"picked":"SKIP","floor":24},{"not_picked":["alterego_mod:SakuraFive","alterego_mod:Santa"],"picked":"alterego_mod:BustOut","floor":25},{"not_picked":["alterego_mod:Rip","alterego_mod:HighServant"],"picked":"alterego_mod:TrashNCrash+1","floor":27},{"not_picked":["alterego_mod:Mirror+1","alterego_mod:Complex"],"picked":"alterego_mod:PresenceConcealment+1","floor":30},{"not_picked":["alterego_mod:PainIsPleasure","alterego_mod:DestructionOfProperty+1"],"picked":"alterego_mod:Palingenesis","floor":31},{"not_picked":["alterego_mod:Swimsuit+1","alterego_mod:TrashNCrash","alterego_mod:GoddessCore+1"],"picked":"SKIP","floor":35},{"not_picked":["alterego_mod:BustOut","alterego_mod:Valentines"],"picked":"alterego_mod:Rip+1","floor":36},{"not_picked":["alterego_mod:BiFurious","alterego_mod:IdEs","alterego_mod:Skirt+1"],"picked":"SKIP","floor":39},{"not_picked":["alterego_mod:Valentines+1","alterego_mod:Cushion","alterego_mod:Bounce"],"picked":"SKIP","floor":41},{"not_picked":["alterego_mod:SakuraLabyrinth+1","alterego_mod:DiscoLights+1","alterego_mod:TrashNCrash"],"picked":"SKIP","floor":44},{"not_picked":["alterego_mod:Mirror+1","alterego_mod:Pet+1","alterego_mod:BreastValley+1"],"picked":"SKIP","floor":45}],"player_experience":171768,"relics_obtained":[{"floor":7,"key":"Calipers"},{"floor":9,"key":"GodSword3"},{"floor":10,"key":"Potion Belt"},{"floor":14,"key":"Replay:Bottled Steam"},{"floor":23,"key":"Boot"},{"floor":25,"key":"Replay:Towering Pillar of Hats"},{"floor":26,"key":"AT_TheCollector"},{"floor":31,"key":"REME_HourglassOfDeath"},{"floor":32,"key":"ReplayTheSpireMod:Lightbulb"},{"floor":38,"key":"Counterbalance"},{"floor":41,"key":"Blue Doll"},{"floor":44,"key":"ReplayFunnel"}],"event_choices":[{"cards_removed":["alterego_mod:Strike"],"damage_healed":0,"gold_gain":0,"player_choice":"Purged","damage_taken":0,"max_hp_gain":0,"max_hp_loss":0,"event_name":"Purifier","floor":5,"gold_loss":0},{"damage_healed":0,"gold_gain":0,"player_choice":"Bought 3 Potions","damage_taken":0,"max_hp_gain":0,"max_hp_loss":0,"event_name":"The Woman in Blue","floor":12,"gold_loss":0},{"damage_healed":0,"gold_gain":0,"player_choice":"Shed Blood","damage_taken":19,"max_hp_gain":5,"max_hp_loss":0,"event_name":"Forgotten Altar","floor":20,"gold_loss":0},{"damage_healed":0,"gold_gain":100,"player_choice":"Bet on Murderer","damage_taken":0,"max_hp_gain":0,"max_hp_loss":0,"event_name":"The Joust","floor":21,"gold_loss":50},{"cards_removed":["alterego_mod:Nekomimi"],"damage_healed":62,"gold_gain":0,"player_choice":"Offered Uncommon","damage_taken":0,"max_hp_gain":0,"max_hp_loss":0,"event_name":"Bonfire Elementals","floor":29,"gold_loss":0},{"cards_removed":["alterego_mod:Defend"],"damage_healed":0,"gold_gain":0,"player_choice":"Removed Skill","damage_taken":0,"max_hp_gain":0,"max_hp_loss":0,"event_name":"Falling","floor":37,"gold_loss":0},{"damage_healed":0,"gold_gain":0,"player_choice":"Fight","damage_taken":0,"max_hp_gain":0,"max_hp_loss":0,"event_name":"MindBloom","floor":38,"gold_loss":0}],"is_beta":false,"boss_relics":[{"not_picked":["Philosopher\u0027s Stone","REME_DuelDisc"],"picked":"SlaversCollar"},{"not_picked":["Sozu","Ring of Chaos"],"picked":"REME_ChargedStone"}],"items_purged_floors":[0,19,28,42],"is_endless":false,"potions_floor_spawned":[1,7,13,14,22,23,24,27,31,35,36,41,44],"ascension_level":1}}