{"host":"p9jk0mlyvhgdzcz4","time":1611117058,"event":{"mods":["BaseMod","Colored Map","Minty Spire (QoL Compilation)","Quick Restart","Slay the Streamer","SuperFastMode"],"gold_per_floor":[20,40,53,128,128,128,128,142,169,169,199,199,218,218,148,148,250,250,269,116,126,126,140,140,166,177,177,177,210,223,270,285,316,316,415,415,428,428,428,428,445,445,456,473,498,498,178,60,60,78,97,97,97,97,97,20,50,50,50],"floor_reached":58,"language":"ENG","playtime":2623,"items_purged":["Power Through","Bloodletting"],"score":769,"play_id":"6398a1ad-fb0b-4525-bb19-9b0a0f5f60f4","local_time":"20210119223058","is_ascension_mode":false,"campfire_choices":[{"data":"Armaments","floor":6,"key":"SMITH"},{"data":"Flex","floor":12,"key":"SMITH"},{"data":"Heavy Blade","floor":14,"key":"SMITH"},{"data":"Inflame","floor":16,"key":"SMITH"},{"data":"Limit Break","floor":24,"key":"SMITH"},{"floor":34,"key":"RECALL"},{"floor":42,"key":"REST"},{"floor":49,"key":"REST"},{"data":"Limit Break","floor":52,"key":"SMITH"},{"data":"Limit Break","floor":55,"key":"SMITH"}],"circlet_count":0,"master_deck":["Thunderclap","Armaments+1","Shrug It Off","Shrug It Off","Whirlwind","Clash","Heavy Blade","Clash","Heavy Blade+1","Double Tap+1","Pommel Strike","Armaments+1","Iron Wave","Flex+1","Armaments","Inflame+1","Limit Break+1","Flex","Dark Embrace","Hemokinesis","Seeing Red","Flex","Limit Break+1","Sword Boomerang+1","Clash","Limit Break+1","Carnage"],"relics":["Burning Blood","War Paint","Blood Vial","SlaversCollar","Brimstone","MutagenicStrength","Unceasing Top","Mercury Hourglass","Frozen Egg 2","White Beast Statue","Sozu","Centennial Puzzle","Membership Card","Paper Frog","Chemical X","Champion Belt"],"acts_visited":["Exordium","TheCity","TheBeyond","TheEnding"],"potions_floor_usage":[58,58,58],"damage_taken":[{"damage":0,"enemies":"2 Louse","floor":1,"turns":1},{"damage":0,"enemies":"Small Slimes","floor":2,"turns":2},{"damage":0,"enemies":"Jaw Worm","floor":3,"turns":3},{"damage":10,"enemies":"Gremlin Gang","floor":8,"turns":3},{"damage":18,"enemies":"3 Sentries","floor":11,"turns":7},{"damage":6,"enemies":"Exordium Wildlife","floor":13,"turns":2},{"damage":7,"enemies":"The Guardian","floor":17,"turns":8},{"damage":10,"enemies":"2 Thieves","floor":19,"turns":3},{"damage":0,"enemies":"Chosen","floor":21,"turns":3},{"damage":0,"enemies":"Snake Plant","floor":23,"turns":1},{"damage":0,"enemies":"Gremlin Leader","floor":25,"turns":4},{"damage":0,"enemies":"3 Cultists","floor":26,"turns":2},{"damage":11,"enemies":"Slavers","floor":29,"turns":3},{"damage":12,"enemies":"Sentry and Sphere","floor":30,"turns":3},{"damage":44,"enemies":"Centurion and Healer","floor":32,"turns":4},{"damage":0,"enemies":"Gremlin Leader","floor":33,"turns":3},{"damage":22,"enemies":"Automaton","floor":35,"turns":4},{"damage":30,"enemies":"3 Shapes","floor":37,"turns":2},{"damage":27,"enemies":"3 Darklings","floor":41,"turns":3},{"damage":27,"enemies":"Spire Growth","floor":43,"turns":4},{"damage":0,"enemies":"Writhing Mass","floor":44,"turns":1},{"damage":0,"enemies":"Jaw Worm Horde","floor":50,"turns":2},{"damage":2,"enemies":"Transient","floor":51,"turns":5},{"damage":17,"enemies":"Awakened One","floor":53,"turns":4},{"damage":28,"enemies":"Shield and Spear","floor":57,"turns":2},{"damage":72,"enemies":"The Heart","floor":58,"turns":2}],"seed_played":"5649428836470151428","potions_obtained":[{"floor":1,"key":"SmokeBomb"},{"floor":11,"key":"SteroidPotion"},{"floor":13,"key":"Fire Potion"},{"floor":23,"key":"SkillPotion"},{"floor":29,"key":"FearPotion"}],"is_trial":false,"path_per_floor":["M","M","M","?","?","R","$","M","T","T","E","R","M","R","$","R","B",null,"M","$","M","?","M","R","E","M","T","T","E","M","T","M","E","R","B",null,"M","?","?","?","M","R","M","M","T","T","$","$","R","M","M","R","B",null,"R","$","E","B"],"character_chosen":"IRONCLAD","items_purchased":["Inflame","Brimstone","Membership Card","Paper Frog","Limit Break","Chemical X"],"campfire_rested":2,"item_purchase_floors":[15,20,47,47,48,56],"current_hp_per_floor":[96,96,96,85,85,85,85,81,81,81,69,69,71,71,71,71,72,96,92,92,96,96,96,96,96,96,96,96,91,87,87,51,59,59,45,96,72,72,72,72,53,80,61,69,69,69,69,69,91,91,91,91,80,91,91,91,69,0,0],"gold":50,"neow_bonus":"TWENTY_PERCENT_HP_BONUS","is_daily":false,"chose_seed":false,"campfire_upgraded":7,"win_rate":0.0,"timestamp":1611117058,"path_taken":["M","M","M","?","?","R","$","M","T","E","R","M","R","$","R","BOSS","M","$","M","?","M","R","E","M","T","E","M","?","?","E","R","BOSS","M","?","?","?","?","R","M","M","T","?","$","R","M","M","R","BOSS","R","$","E","BOSS"],"items_purchased_type":["Card","Relic","Relic","Relic","Card","Relic"],"build_version":"2020-12-22","purchased_purges":2,"victory":false,"max_hp_per_floor":[96,96,96,96,96,96,96,96,96,96,96,96,96,96,96,96,96,96,96,96,96,96,96,96,96,96,96,96,96,96,96,96,96,96,96,96,96,91,91,91,91,91,91,91,91,91,91,91,91,91,91,91,91,91,91,91,91,91,91],"card_choices":[{"not_picked":["Twin Strike","Sever Soul"],"picked":"Pommel Strike","floor":1},{"not_picked":["Body Slam","Infernal Blade"],"picked":"Armaments","floor":3},{"not_picked":["Reckless Charge","Headbutt"],"picked":"Iron Wave","floor":8},{"not_picked":["Rupture","Heavy Blade"],"picked":"Flex","floor":11},{"not_picked":["Heavy Blade","Flame Barrier"],"picked":"Armaments","floor":13},{"not_picked":["Brutality","Corruption"],"picked":"Limit Break","floor":17},{"not_picked":["Evolve","Combust+1"],"picked":"Flex","floor":21},{"not_picked":["Clash","Sentinel"],"picked":"Dark Embrace","floor":23},{"not_picked":["True Grit+1","Metallicize"],"picked":"Hemokinesis","floor":25},{"not_picked":["Twin Strike+1","Heavy Blade"],"picked":"Seeing Red","floor":30},{"not_picked":["Anger+1","Havoc+1"],"picked":"Bloodletting","floor":32},{"not_picked":["Disarm","Clash"],"picked":"Flex","floor":33},{"not_picked":["Barricade+1","Brutality+1"],"picked":"Limit Break","floor":35},{"not_picked":["Iron Wave","Shrug It Off"],"picked":"Power Through","floor":41},{"not_picked":["Shrug It Off+1","Armaments"],"picked":"Sword Boomerang+1","floor":43},{"not_picked":["True Grit+1","Warcry+1"],"picked":"Clash","floor":44},{"not_picked":["Warcry+1","Juggernaut+1"],"picked":"Carnage","floor":50}],"player_experience":21222,"relics_obtained":[{"floor":9,"key":"War Paint"},{"floor":11,"key":"Blood Vial"},{"floor":25,"key":"Unceasing Top"},{"floor":27,"key":"Mercury Hourglass"},{"floor":29,"key":"Frozen Egg 2"},{"floor":33,"key":"White Beast Statue"},{"floor":45,"key":"Centennial Puzzle"},{"floor":57,"key":"Champion Belt"}],"event_choices":[{"damage_healed":0,"gold_gain":75,"player_choice":"Gather Gold","damage_taken":11,"max_hp_gain":0,"max_hp_loss":0,"event_name":"World of Goop","floor":4,"gold_loss":0},{"damage_healed":0,"gold_gain":0,"player_choice":"Leave","damage_taken":0,"max_hp_gain":0,"max_hp_loss":0,"event_name":"The Cleric","floor":5,"gold_loss":0},{"damage_healed":0,"gold_gain":0,"player_choice":"Inject Mutagens","damage_taken":0,"relics_obtained":["MutagenicStrength"],"max_hp_gain":0,"max_hp_loss":0,"event_name":"Drug Dealer","floor":22,"gold_loss":0},{"damage_healed":0,"gold_gain":0,"player_choice":"Max HP","damage_taken":0,"max_hp_gain":0,"max_hp_loss":5,"event_name":"Winding Halls","floor":38,"gold_loss":0},{"damage_healed":0,"gold_gain":0,"player_choice":"Ignored","damage_taken":0,"max_hp_gain":0,"max_hp_loss":0,"event_name":"Tomb of Lord Red Mask","floor":39,"gold_loss":0},{"damage_healed":0,"gold_gain":0,"player_choice":"Ignored","damage_taken":0,"max_hp_gain":0,"max_hp_loss":0,"event_name":"NoteForYourself","floor":40,"gold_loss":0}],"is_beta":false,"boss_relics":[{"not_picked":["Mark of Pain","Velvet Choker"],"picked":"SlaversCollar"},{"not_picked":["Astrolabe","Tiny House"],"picked":"Sozu"}],"items_purged_floors":[47,48],"is_endless":false,"potions_floor_spawned":[1,11,13,17,19,23,29,30,35,37,41,43,44,50,51,57],"killed_by":"The Heart","ascension_level":0}}