{"host":"jwbw4f4imxd0v0b0","time":1611130485,"event":{"mods":["BaseMod","Colored Map","Highlight Path","Minty Spire (QoL Compilation)","Relic Stats","StSLib"],"gold_per_floor":[110,123,123,35,35,35,65,65,119,119,10,10,35,54,54,130,130,130,0,0,0,0,0,0,0,0],"floor_reached":25,"language":"ENG","playtime":1008,"items_purged":["Strike_G"],"score":390,"play_id":"84ab9a8f-96b5-4e8e-b36b-e04f8f57d703","local_time":"20210120021445","is_ascension_mode":true,"campfire_choices":[{"data":"Footwork","floor":6.0,"key":"SMITH"},{"floor":8.0,"key":"REST"},{"data":"Bane","floor":12.0,"key":"SMITH"},{"floor":15.0,"key":"REST"},{"floor":23.0,"key":"REST"}],"circlet_count":0,"master_deck":["AscendersBane","Strike_G","Defend_G","Defend_G+1","Defend_G","Defend_G","Defend_G","Survivor+1","Neutralize","Noxious Fumes+1","Bane+1","Footwork+1","Catalyst","Malaise","Dodge and Roll","Envenom"],"relics":["SacredBark","Sundial","War Paint","Singing Bowl","Ectoplasm"],"acts_visited":["Exordium","TheCity"],"potions_floor_usage":[25,25],"damage_taken":[{"damage":11.0,"enemies":"Jaw Worm","floor":1.0,"turns":6.0},{"damage":4.0,"enemies":"Cultist","floor":2.0,"turns":4.0},{"damage":36.0,"enemies":"3 Sentries","floor":7.0,"turns":9.0},{"damage":32.0,"enemies":"Gremlin Nob","floor":13.0,"turns":4.0},{"damage":0.0,"enemies":"Small Slimes","floor":14.0,"turns":2.0},{"damage":14.0,"enemies":"Slime Boss","floor":16.0,"turns":10.0},{"damage":7.0,"enemies":"3 Byrds","floor":18.0,"turns":7.0},{"damage":15.0,"enemies":"Chosen","floor":20.0,"turns":7.0},{"damage":66,"enemies":"Slavers","floor":25,"turns":8}],"seed_played":"-2879310553833113423","potions_obtained":[{"floor":2.0,"key":"SteroidPotion"},{"floor":13.0,"key":"Explosive Potion"},{"floor":16.0,"key":"GhostInAJar"}],"is_trial":false,"path_per_floor":["M","M","?","$","$","R","E","R","T","?","$","R","E","M","R","B",null,"M","$","M","?","?","R","?","E"],"character_chosen":"THE_SILENT","items_purchased":["Footwork","FairyPotion","SpeedPotion"],"campfire_rested":3,"item_purchase_floors":[4,11,19],"current_hp_per_floor":[48,44,44,44,44,44,8,27,27,27,27,27,39,41,61,47,63,58,58,45,45,45,66,66,0,0],"gold":0,"neow_bonus":"BOSS_RELIC","is_daily":false,"chose_seed":false,"campfire_upgraded":2,"win_rate":0.0,"timestamp":1611130485,"path_taken":["M","M","?","?","$","R","E","R","T","?","$","R","E","M","R","BOSS","M","$","M","?","?","R","?","E"],"items_purchased_type":["Card","Potion","Potion"],"build_version":"2020-12-22","purchased_purges":1,"victory":false,"max_hp_per_floor":[66,66,66,66,66,66,66,66,66,66,66,66,66,68,68,68,68,70,70,72,72,72,72,72,72,72],"relic_stats":{"Singing Bowl":6,"counters":[9,57],"Sundial":[6],"Ectoplasm":71,"War Paint":["Survivor","Defend_G"],"obtain_stats":[{"Singing Bowl":13,"Sundial":7,"SacredBark":0,"Ectoplasm":17,"War Paint":9,"Ring of the Snake":0},{"Singing Bowl":4,"Sundial":3,"SacredBark":0,"Ectoplasm":6,"War Paint":3,"Ring of the Snake":0},{"Singing Bowl":23,"Sundial":19,"SacredBark":0,"Ectoplasm":35,"War Paint":19,"Ring of the Snake":0}]},"card_choices":[{"not_picked":["Outmaneuver","Backflip"],"picked":"Noxious Fumes","floor":1.0},{"not_picked":["Blur","Accuracy"],"picked":"Bane","floor":2.0},{"not_picked":["Envenom","Expertise","Flying Knee"],"picked":"SKIP","floor":7.0},{"not_picked":["Dagger Spray","Sucker Punch"],"picked":"Catalyst","floor":13.0},{"not_picked":["Skewer","Expertise","Slice"],"picked":"Singing Bowl","floor":14.0},{"not_picked":["Doppelganger","A Thousand Cuts"],"picked":"Malaise","floor":16.0},{"not_picked":["Choke","Prepared","Sucker Punch"],"picked":"Singing Bowl","floor":18.0},{"not_picked":["Quick Slash","Outmaneuver","Dodge and Roll"],"picked":"Singing Bowl","floor":20.0}],"player_experience":1100566,"relics_obtained":[{"floor":7.0,"key":"Sundial"},{"floor":9.0,"key":"War Paint"},{"floor":13.0,"key":"Singing Bowl"}],"event_choices":[{"cards_removed":["Strike_G"],"damage_healed":0.0,"max_hp_gain":0.0,"max_hp_loss":0.0,"gold_gain":0.0,"event_name":"Bonfire Elementals","player_choice":"Offered Basic","floor":3.0,"gold_loss":0.0,"damage_taken":0.0},{"damage_healed":0.0,"max_hp_gain":0.0,"max_hp_loss":0.0,"gold_gain":0.0,"event_name":"Living Wall","player_choice":"Grow","floor":10.0,"gold_loss":0.0,"damage_taken":0.0,"cards_upgraded":["Noxious Fumes"]},{"damage_healed":0.0,"max_hp_gain":0.0,"max_hp_loss":0.0,"gold_gain":50.0,"event_name":"Nest","player_choice":"Stole From Cult","floor":21.0,"gold_loss":0.0,"damage_taken":0.0},{"damage_healed":0.0,"max_hp_gain":0.0,"max_hp_loss":0.0,"gold_gain":0.0,"cards_transformed":["Strike_G","Strike_G"],"event_name":"Drug Dealer","player_choice":"Became Test Subject","floor":22.0,"gold_loss":0.0,"damage_taken":0.0,"cards_obtained":["Dodge and Roll","Envenom"]},{"damage_healed":0,"gold_gain":0,"player_choice":"Ignored","damage_taken":0,"max_hp_gain":0,"max_hp_loss":0,"event_name":"The Mausoleum","floor":24,"gold_loss":0}],"is_beta":false,"boss_relics":[{"not_picked":["Pandora\u0027s Box","Tiny House"],"picked":"Ectoplasm"}],"items_purged_floors":[19],"is_endless":false,"potions_floor_spawned":[2,13,16,20],"killed_by":"Slavers","ascension_level":18}}