{"host":"6a92uynocv4elkyp","time":1611158085,"event":{"mods":["AchievementEnabler","BaseMod","Infinite Spire","Minty Spire (QoL Compilation)","Quick Restart","Replay The Spire","StSLib"],"gold_per_floor":[99,147,204,255,291,390,465,465,465],"floor_reached":8,"language":"ENG","playtime":451,"items_purged":[],"score":211,"play_id":"ab817eef-1d8d-446b-8937-17977a77a9e1","local_time":"20210120165445","daily_mods":["SealedDeck","Heirloom","Flight","DeadlyEvents","Elite Swarm","Midas"],"is_ascension_mode":true,"campfire_choices":[],"circlet_count":0,"master_deck":["AscendersBane","Coolheaded","Skim","Reinforced Body","Self Repair","Gash","Heatsinks","Gash","Gash","Gash","FTL","Loop","BasicCrystalCard","White Noise","Flex","Creative AI","Machine Learning"],"relics":["Ice Cream","Iron Core","MealTicket","ReplayFunnel"],"acts_visited":["Exordium"],"potions_floor_usage":[],"damage_taken":[{"damage":0,"enemies":"Cultist","floor":2,"turns":2},{"damage":10,"enemies":"Jaw Worm","floor":3,"turns":2},{"damage":6,"enemies":"Small Slimes","floor":4,"turns":2},{"damage":6,"enemies":"2 Fungi Beasts","floor":5,"turns":3},{"damage":18,"enemies":"Replay:BlueRogue","floor":6,"turns":3},{"damage":0,"enemies":"Lagavulin","floor":7,"turns":3},{"damage":11,"enemies":"Replay:BlueRogue","floor":8,"turns":4}],"seed_played":"6542591309729932357","potions_obtained":[{"floor":2,"key":"SkillPotion"},{"floor":5,"key":"PowerPotion"}],"is_trial":true,"path_per_floor":["?","M","M","M","M","E","E","E"],"character_chosen":"DEFECT","items_purchased":[],"campfire_rested":0,"item_purchase_floors":[],"current_hp_per_floor":[64,71,68,69,70,59,66,55,55],"gold":465,"neow_bonus":"","is_daily":false,"chose_seed":false,"campfire_upgraded":0,"win_rate":0.0,"timestamp":1611158085,"path_taken":["?","M","M","M","M","E","E","E"],"items_purchased_type":[],"build_version":"2020-12-22","purchased_purges":0,"victory":false,"max_hp_per_floor":[71,71,71,71,71,71,71,71,71],"card_choices":[{"not_picked":["Capacitor","Warcry"],"picked":"Loop","floor":2},{"not_picked":["Panic Button","Consume"],"picked":"BasicCrystalCard","floor":3},{"not_picked":["Leap","Turbo"],"picked":"White Noise","floor":4},{"not_picked":["Panic Button","Body Slam"],"picked":"Flex","floor":5},{"not_picked":["Fission","ReplayTheSpireMod:Fabricate Wheel"],"picked":"Creative AI","floor":6},{"not_picked":["Limit Break","Mirror Shield"],"picked":"Machine Learning","floor":7}],"player_experience":121512,"relics_obtained":[{"floor":6,"key":"MealTicket"},{"floor":7,"key":"ReplayFunnel"}],"event_choices":[],"is_beta":false,"boss_relics":[],"items_purged_floors":[],"is_endless":false,"potions_floor_spawned":[2,5],"killed_by":"Replay:BlueRogue","ascension_level":20}}