{"host":"4udtejx3ummmwg8f","time":1611144411,"event":{"mods":["BaseMod","Minty Spire (QoL Compilation)"],"gold_per_floor":[109,109,109,126,76,76,108,108,108,68,68,78,110,110,110,212,212,232,250,266,181,194,194,226,226,298,315,315,315,98,132,132,236,236,250,250,216,227,242,242,267,282,308,334,384,89,140,160,160,257,257,267,267,284,294,469,469,489,489,489,502,502,452,452,473,473,602,602,622,642,642,642,662,685,700,700,733,733,733,441,451,463,463,562,562,577,596,521,570,570,570,570,570],"floor_reached":92,"language":"ENG","playtime":6594,"items_purged":["Defend_R"],"score":1956,"play_id":"3f98b80f-2881-4245-bbda-fa42293b48fb","local_time":"20210120223651","daily_mods":["Colorless Cards","Heirloom","Time Dilation"],"is_ascension_mode":false,"campfire_choices":[{"data":"Discovery","floor":6,"key":"SMITH"},{"floor":8,"key":"REST"},{"data":"Uppercut","floor":15,"key":"SMITH"},{"floor":23,"key":"REST"},{"data":"Searing Blow+1","floor":25,"key":"SMITH"},{"data":"Demon Form","floor":29,"key":"SMITH"},{"floor":32,"key":"REST"},{"data":"Searing Blow+2","floor":40,"key":"SMITH"},{"floor":49,"key":"REST"},{"data":"Searing Blow+3","floor":57,"key":"SMITH"},{"data":"Searing Blow+4","floor":59,"key":"SMITH"},{"data":"Flex","floor":66,"key":"SMITH"},{"data":"Searing Blow+5","floor":76,"key":"SMITH"},{"data":"Transmutation","floor":83,"key":"SMITH"},{"data":"Searing Blow+6","floor":91,"key":"SMITH"}],"circlet_count":0,"master_deck":["Strike_R","Defend_R","Bash","Shrug It Off","Discovery+1","Bandage Up","Uppercut+1","Pummel","Flex+1","The Bomb","Havoc","Wild Strike","Armaments+1","Disarm","Searing Blow+7","Demon Form+1","Metallicize","Bludgeon","Mayhem","Iron Wave","Dropkick","Shrug It Off","Thunderclap+1","Flame Barrier+1","Rampage+1","Fire Breathing","Rage+1","Dark Embrace+1","Immolate","CurseOfTheBell","Cleave","Reckless Charge","Twin Strike","Finesse","The Bomb","Metallicize","Injury","Entrench","Transmutation+1","Discovery+1","Iron Wave+1","Shame","Shockwave","Master of Strategy","Twin Strike","Rage","Hemokinesis","Heavy Blade+1","Secret Weapon","Armaments+1","Sword Boomerang+1","Spot Weakness"],"relics":["Burning Blood","Magic Flower","Vajra","Blue Candle","Letter Opener","Empty Cage","Turnip","Regal Pillow","Bottled Flame","Akabeko","Du-Vu Doll","Mark of Pain","Meat on the Bone","MealTicket","Sundial","TungstenRod","FossilizedHelix","Torii","Calling Bell","Art of War","Kunai","Gambling Chip","Bottled Lightning","Bloody Idol","Sozu","Red Skull","MutagenicStrength","Incense Burner","Runic Cube","Champion Belt"],"acts_visited":["Exordium","TheCity","TheBeyond","Exordium","TheCity","TheBeyond"],"potions_floor_usage":[16,24,24,31,33,39,41,44,44,52,67,74,84],"damage_taken":[{"damage":1,"enemies":"Jaw Worm","floor":1,"turns":5},{"damage":0,"enemies":"Small Slimes","floor":4,"turns":3},{"damage":32,"enemies":"3 Sentries","floor":7,"turns":11},{"damage":0,"enemies":"Cultist","floor":12,"turns":3},{"damage":20,"enemies":"Lagavulin","floor":13,"turns":6},{"damage":16,"enemies":"Slime Boss","floor":16,"turns":6},{"damage":16,"enemies":"Spheric Guardian","floor":18,"turns":4},{"damage":2,"enemies":"Chosen","floor":19,"turns":5},{"damage":32,"enemies":"Snake Plant","floor":20,"turns":3},{"damage":19,"enemies":"Sentry and Sphere","floor":22,"turns":3},{"damage":23,"enemies":"Book of Stabbing","floor":24,"turns":4},{"damage":16,"enemies":"3 Cultists","floor":27,"turns":3},{"damage":67,"enemies":"Gremlin Leader","floor":31,"turns":5},{"damage":44,"enemies":"Collector","floor":33,"turns":7},{"damage":25,"enemies":"Orb Walker","floor":35,"turns":3},{"damage":0,"enemies":"3 Shapes","floor":38,"turns":3},{"damage":15,"enemies":"Transient","floor":39,"turns":5},{"damage":75,"enemies":"Reptomancer","floor":41,"turns":7},{"damage":0,"enemies":"4 Shapes","floor":42,"turns":7},{"damage":37,"enemies":"Nemesis","floor":44,"turns":5},{"damage":0,"enemies":"Mind Bloom Boss Battle","floor":45,"turns":5},{"damage":63,"enemies":"2 Orb Walkers","floor":47,"turns":5},{"damage":17,"enemies":"Spire Growth","floor":48,"turns":5},{"damage":84,"enemies":"Time Eater","floor":50,"turns":14},{"damage":0,"enemies":"Small Slimes","floor":52,"turns":2},{"damage":0,"enemies":"Jaw Worm","floor":54,"turns":1},{"damage":0,"enemies":"Cultist","floor":55,"turns":1},{"damage":0,"enemies":"2 Fungi Beasts","floor":58,"turns":1},{"damage":0,"enemies":"3 Louse","floor":61,"turns":2},{"damage":0,"enemies":"Exordium Thugs","floor":65,"turns":2},{"damage":0,"enemies":"Slime Boss","floor":67,"turns":5},{"damage":0,"enemies":"2 Thieves","floor":69,"turns":2},{"damage":0,"enemies":"Shell Parasite","floor":70,"turns":1},{"damage":7,"enemies":"Snecko","floor":73,"turns":4},{"damage":0,"enemies":"Snake Plant","floor":74,"turns":2},{"damage":0,"enemies":"Centurion and Healer","floor":75,"turns":4},{"damage":33,"enemies":"Book of Stabbing","floor":77,"turns":3},{"damage":0,"enemies":"3 Cultists","floor":81,"turns":3},{"damage":0,"enemies":"Snake Plant","floor":82,"turns":1},{"damage":59,"enemies":"Automaton","floor":84,"turns":8},{"damage":0,"enemies":"3 Darklings","floor":86,"turns":2},{"damage":0,"enemies":"Orb Walker","floor":87,"turns":3},{"damage":0,"enemies":"2 Orb Walkers","floor":89,"turns":3},{"damage":97,"enemies":"Reptomancer","floor":92,"turns":3}],"seed_played":"-6087865997148082307","potions_obtained":[{"floor":13,"key":"Ancient Potion"},{"floor":16,"key":"Explosive Potion"},{"floor":20,"key":"SteroidPotion"},{"floor":22,"key":"Explosive Potion"},{"floor":31,"key":"PowerPotion"},{"floor":35,"key":"DistilledChaos"},{"floor":39,"key":"HeartOfIron"},{"floor":41,"key":"FearPotion"},{"floor":42,"key":"Swift Potion"},{"floor":50,"key":"Fruit Juice"},{"floor":55,"key":"SkillPotion"},{"floor":58,"key":"ColorlessPotion"},{"floor":65,"key":"Dexterity Potion"}],"is_trial":true,"path_per_floor":["M","?","?","M","?","R","E","R","T","$","?","M","E","$","R","B",null,"M","M","M","?","M","R","E","R","T","M","$","R","$","E","R","B",null,"M","?","$","M","M","R","E","M","T","E","?","$","?","M","R","B",null,"M","?","M","M","?","R","M","R","T","M","?","?","?","M","R","B",null,"M","M","?","?","M","M","M","R","E","?","?","$","M","M","R","B",null,"M","M","$","?","?","R","E"],"character_chosen":"IRONCLAD","items_purchased":["Uppercut","Metallicize","Akabeko","Dropkick","FossilizedHelix","Incense Burner"],"campfire_rested":4,"item_purchase_floors":[10,30,30,37,46,80],"current_hp_per_floor":[80,73,78,85,85,85,62,85,85,85,85,85,80,80,80,73,85,78,85,62,62,58,83,75,75,75,74,74,74,74,22,62,33,85,69,69,69,84,84,84,24,57,57,56,71,85,55,53,85,34,85,90,90,90,90,90,90,90,90,90,90,95,95,95,95,95,95,95,95,95,95,95,95,95,95,95,71,71,71,86,95,95,95,68,95,95,95,95,95,95,95,0,0],"gold":570,"neow_bonus":"","is_daily":false,"chose_seed":false,"campfire_upgraded":11,"win_rate":0.0,"timestamp":1611144411,"path_taken":["M","?","?","M","?","R","E","R","T","?","?","?","E","?","R","BOSS","M","M","M","?","M","R","E","R","T","M","$","R","$","E","R","BOSS","M","?","?","M","M","R","E","?","T","E","?","$","?","M","R","BOSS","M","?","M","M","?","R","M","R","T","M","?","?","?","M","R","BOSS","M","M","?","?","M","M","M","R","E","?","?","$","M","M","R","BOSS","M","M","$","?","?","R","E"],"items_purchased_type":["Card","Card","Relic","Card","Relic","Relic"],"build_version":"2020-12-22","purchased_purges":1,"victory":false,"max_hp_per_floor":[80,80,85,85,85,85,85,85,85,85,85,85,85,85,85,85,85,85,85,85,85,85,85,85,85,85,85,85,85,85,85,85,85,85,85,85,85,85,85,85,85,85,85,85,85,85,85,85,85,85,85,90,90,90,90,90,90,90,90,90,90,95,95,95,95,95,95,95,95,95,95,95,95,95,95,95,95,95,95,95,95,95,95,95,95,95,95,95,95,95,95,95,95],"card_choices":[{"not_picked":["Sword Boomerang","Clash"],"picked":"Shrug It Off","floor":1},{"not_picked":["Clothesline","Wild Strike"],"picked":"Discovery","floor":4},{"not_picked":["Wild Strike","Reckless Charge"],"picked":"Bandage Up","floor":7},{"not_picked":["Shrug It Off","Heavy Blade"],"picked":"Pummel","floor":12},{"not_picked":["Clothesline","Shrug It Off"],"picked":"Flex","floor":13},{"not_picked":["Bludgeon","Transmutation"],"picked":"The Bomb","floor":16},{"not_picked":["Perfected Strike","Wild Strike"],"picked":"Havoc","floor":18},{"not_picked":["Headbutt","True Grit"],"picked":"Wild Strike","floor":19},{"not_picked":["Clash","Anger"],"picked":"Armaments+1","floor":20},{"not_picked":["Uppercut","Heavy Blade"],"picked":"Disarm","floor":22},{"not_picked":["Pommel Strike","Body Slam+1"],"picked":"Searing Blow+1","floor":24},{"not_picked":["Infernal Blade","Finesse"],"picked":"Demon Form","floor":27},{"not_picked":["Combust","Fiend Fire"],"picked":"Bludgeon","floor":31},{"not_picked":["Magnetism","Immolate"],"picked":"Mayhem","floor":33},{"not_picked":["Feel No Pain+1","Body Slam+1"],"picked":"Iron Wave","floor":35},{"not_picked":["Havoc+1","Body Slam"],"picked":"Shrug It Off","floor":38},{"not_picked":["Clash+1","Cleave"],"picked":"Thunderclap+1","floor":39},{"not_picked":["Clothesline","Sword Boomerang+1"],"picked":"Flame Barrier+1","floor":41},{"not_picked":["True Grit+1","Battle Trance+1"],"picked":"Rampage+1","floor":42},{"not_picked":["Heavy Blade+1","Body Slam"],"picked":"Fire Breathing","floor":44},{"not_picked":["Flex+1","True Grit"],"picked":"Rage+1","floor":45},{"not_picked":["Pommel Strike","Armaments"],"picked":"Dark Embrace+1","floor":47},{"not_picked":["Heavy Blade","Clash+1"],"picked":"Uppercut","floor":48},{"not_picked":["Chrysalis","The Bomb"],"picked":"Immolate","floor":50},{"not_picked":["Anger","Clash"],"picked":"Cleave","floor":52},{"not_picked":["Cleave","True Grit"],"picked":"Twin Strike","floor":54},{"not_picked":["Clothesline","Havoc"],"picked":"Finesse","floor":55},{"not_picked":["Sever Soul","Cleave"],"picked":"The Bomb","floor":58},{"not_picked":["Hemokinesis","Uppercut"],"picked":"Metallicize","floor":61},{"not_picked":["Body Slam","True Grit"],"picked":"Entrench","floor":65},{"not_picked":["Fiend Fire","Immolate"],"picked":"Transmutation","floor":67},{"not_picked":["Blind","Anger"],"picked":"Discovery+1","floor":69},{"not_picked":["Armaments","Headbutt"],"picked":"Iron Wave+1","floor":70},{"not_picked":["Headbutt","Havoc"],"picked":"Shockwave","floor":73},{"not_picked":["Armaments","Sever Soul"],"picked":"Master of Strategy","floor":74},{"not_picked":["Sever Soul","Headbutt"],"picked":"Twin Strike","floor":75},{"not_picked":["Pommel Strike","Deep Breath"],"picked":"Rage","floor":77},{"not_picked":["Armaments","Purity"],"picked":"Hemokinesis","floor":81},{"not_picked":["Deep Breath","Finesse"],"picked":"Heavy Blade+1","floor":82},{"not_picked":["Bludgeon","Thinking Ahead"],"picked":"Secret Weapon","floor":84},{"not_picked":["Panacea","Cleave"],"picked":"Armaments+1","floor":86},{"not_picked":["Cleave","Feel No Pain+1"],"picked":"Sword Boomerang+1","floor":87},{"not_picked":["Armaments+1","Finesse"],"picked":"Spot Weakness","floor":89}],"player_experience":103297,"relics_obtained":[{"floor":7,"key":"Vajra"},{"floor":9,"key":"Blue Candle"},{"floor":13,"key":"Letter Opener"},{"floor":24,"key":"Regal Pillow"},{"floor":26,"key":"Bottled Flame"},{"floor":31,"key":"Du-Vu Doll"},{"floor":41,"key":"Meat on the Bone"},{"floor":43,"key":"MealTicket"},{"floor":44,"key":"Sundial"},{"floor":45,"key":"TungstenRod"},{"floor":47,"key":"Torii"},{"floor":51,"key":"Art of War"},{"floor":51,"key":"Kunai"},{"floor":51,"key":"Gambling Chip"},{"floor":60,"key":"Bottled Lightning"},{"floor":89,"key":"Champion Belt"}],"event_choices":[{"cards_removed":["Defend_R"],"damage_healed":0,"gold_gain":0,"player_choice":"Card Removal","damage_taken":7,"max_hp_gain":0,"max_hp_loss":0,"event_name":"Golden Wing","floor":2,"gold_loss":0},{"damage_healed":0,"gold_gain":0,"player_choice":"Donut","damage_taken":0,"max_hp_gain":5,"max_hp_loss":0,"event_name":"Big Fish","floor":3,"gold_loss":0},{"cards_removed":["Strike_R"],"damage_healed":0,"gold_gain":0,"player_choice":"Card Removal","damage_taken":0,"max_hp_gain":0,"max_hp_loss":0,"event_name":"The Cleric","floor":5,"gold_loss":50},{"cards_removed":["Defend_R"],"damage_healed":0,"gold_gain":0,"player_choice":"Offered Basic","damage_taken":0,"max_hp_gain":0,"max_hp_loss":0,"event_name":"Bonfire Elementals","floor":11,"gold_loss":0},{"damage_healed":0,"gold_gain":0,"player_choice":"Obtained Relic","damage_taken":0,"relics_obtained":["Turnip"],"max_hp_gain":0,"max_hp_loss":0,"event_name":"Addict","floor":21,"gold_loss":85},{"damage_healed":0,"gold_gain":0,"player_choice":"Ignored","damage_taken":0,"max_hp_gain":0,"max_hp_loss":0,"event_name":"Tomb of Lord Red Mask","floor":36,"gold_loss":0},{"damage_healed":0,"gold_gain":0,"player_choice":"Fight","damage_taken":0,"max_hp_gain":0,"max_hp_loss":0,"event_name":"MindBloom","floor":45,"gold_loss":0},{"damage_healed":0,"gold_gain":0,"player_choice":"Fight","damage_taken":0,"max_hp_gain":0,"max_hp_loss":0,"event_name":"Mysterious Sphere","floor":47,"gold_loss":0},{"damage_healed":0,"gold_gain":0,"cards_transformed":["Strike_R"],"player_choice":"Change","damage_taken":0,"max_hp_gain":0,"max_hp_loss":0,"event_name":"Living Wall","floor":53,"gold_loss":0,"cards_obtained":["Reckless Charge"]},{"damage_healed":0,"gold_gain":175,"player_choice":"AGREE","damage_taken":0,"max_hp_gain":0,"max_hp_loss":0,"event_name":"Liars Game","floor":56,"gold_loss":0,"cards_obtained":["Doubt"]},{"damage_healed":0,"gold_gain":0,"player_choice":"Donut","damage_taken":0,"max_hp_gain":5,"max_hp_loss":0,"event_name":"Big Fish","floor":62,"gold_loss":0},{"cards_removed":["Doubt"],"damage_healed":0,"gold_gain":0,"player_choice":"Card Removal","damage_taken":0,"max_hp_gain":0,"max_hp_loss":0,"event_name":"The Cleric","floor":63,"gold_loss":50},{"damage_healed":0,"gold_gain":0,"player_choice":"Take Wound","damage_taken":0,"relics_obtained":["Golden Idol"],"max_hp_gain":0,"max_hp_loss":0,"event_name":"Golden Idol","floor":64,"gold_loss":0,"cards_obtained":["Injury"]},{"damage_healed":0,"gold_gain":0,"player_choice":"Stole Relic","damage_taken":0,"relics_obtained":["Red Skull"],"max_hp_gain":0,"max_hp_loss":0,"event_name":"Addict","floor":71,"gold_loss":0,"cards_obtained":["Shame"]},{"damage_healed":0,"gold_gain":0,"player_choice":"Ignored","damage_taken":0,"max_hp_gain":0,"max_hp_loss":0,"event_name":"Ghosts","floor":72,"gold_loss":0},{"damage_healed":0,"gold_gain":0,"player_choice":"Inject Mutagens","damage_taken":0,"relics_obtained":["MutagenicStrength"],"max_hp_gain":0,"max_hp_loss":0,"event_name":"Drug Dealer","floor":78,"gold_loss":0},{"damage_healed":0,"gold_gain":0,"player_choice":"Gave Idol","damage_taken":0,"relics_obtained":["Bloody Idol"],"max_hp_gain":0,"max_hp_loss":0,"event_name":"Forgotten Altar","floor":79,"relics_lost":["Golden Idol"],"gold_loss":0},{"damage_healed":0,"gold_gain":0,"player_choice":"Fight","damage_taken":0,"max_hp_gain":0,"max_hp_loss":0,"event_name":"Mysterious Sphere","floor":89,"gold_loss":0},{"cards_removed":["Uppercut"],"damage_healed":0,"gold_gain":0,"player_choice":"Removed Attack","damage_taken":0,"max_hp_gain":0,"max_hp_loss":0,"event_name":"Falling","floor":90,"gold_loss":0}],"is_beta":false,"boss_relics":[{"not_picked":["Ectoplasm","Runic Pyramid"],"picked":"Empty Cage"},{"not_picked":["Black Star","Tiny House"],"picked":"Mark of Pain"},{"not_picked":["Velvet Choker","Black Blood"],"picked":"Calling Bell"},{"not_picked":["SacredBark","Runic Pyramid"],"picked":"Sozu"},{"not_picked":["Philosopher\u0027s Stone","Astrolabe"],"picked":"Runic Cube"}],"items_purged_floors":[88],"is_endless":true,"potions_floor_spawned":[13,16,20,22,31,35,39,41,42,50,55,58,65,69,73,77,84,86,87],"killed_by":"Reptomancer","ascension_level":0}}