{"host":"8rwquwrlbfkmmuup","time":1611182698,"event":{"mods":["BaseMod","Halation","Infinite Spire","Minty Spire (QoL Compilation)","Replay The Spire","Shop Mod","StSLib"],"gold_per_floor":[112,149,149,161,111,138,138,11,35,69,89,99,119,133,133,133,133],"floor_reached":16,"language":"ENG","playtime":672,"items_purged":["Strike_G"],"score":137,"play_id":"d60efa6c-b53b-4401-be32-56ffd370ba0b","local_time":"20210120144458","is_ascension_mode":false,"campfire_choices":[{"floor":7,"key":"RECALL"},{"floor":15,"key":"DIG"}],"circlet_count":0,"master_deck":["Strike_G","Strike_G","Strike_G","Defend_G","Defend_G","Defend_G","Defend_G","Defend_G","Survivor","Neutralize","Infinite Blades","Poisoned Stab","Regret","Deadly Poison","Noxious Fumes","Poisoned Stab","Acrobatics","Replay:Poison Smokescreen","Backflip","Catalyst"],"relics":["Ring of the Snake","NeowsBlessing","halation:VictoryRuler","halation:KoshaPiece","Replay:Bottled Snecko","Unceasing Top","Replay:Towering Pillar of Hats"],"acts_visited":["Exordium"],"potions_floor_usage":[10,16,16],"damage_taken":[{"damage":0,"enemies":"2 Louse","floor":1,"turns":1},{"damage":0,"enemies":"Small Slimes","floor":4,"turns":1},{"damage":0,"enemies":"Lagavulin","floor":6,"turns":2},{"damage":12,"enemies":"Gremlin Nob","floor":10,"turns":4},{"damage":10,"enemies":"Jaw Worm","floor":11,"turns":3},{"damage":4,"enemies":"Exordium Wildlife","floor":12,"turns":4},{"damage":10,"enemies":"2 Fungi Beasts","floor":13,"turns":4},{"damage":11,"enemies":"Red Slaver","floor":14,"turns":4},{"damage":40,"enemies":"Fading Forest","floor":16,"turns":8}],"seed_played":"-913153679859597448","potions_obtained":[{"floor":6,"key":"Poison Potion"},{"floor":10,"key":"Reflective Coating"},{"floor":13,"key":"Ancient Potion"}],"is_trial":false,"path_per_floor":["M","?","?","M","?","E","R","$","T","E","M","M","M","M","R","B"],"character_chosen":"THE_SILENT","items_purchased":["Poisoned Stab"],"campfire_rested":0,"item_purchase_floors":[8],"current_hp_per_floor":[70,70,70,70,70,70,70,70,70,58,48,44,34,23,23,0,0],"gold":133,"neow_bonus":"THREE_ENEMY_KILL","is_daily":false,"chose_seed":false,"campfire_upgraded":0,"win_rate":0.0,"timestamp":1611182698,"path_taken":["M","?","?","M","?","E","R","?","T","E","M","M","M","?","R","BOSS"],"items_purchased_type":["Card"],"build_version":"2020-12-22","purchased_purges":1,"victory":false,"max_hp_per_floor":[70,70,70,70,70,70,70,70,70,70,70,70,70,70,70,70,70],"card_choices":[{"not_picked":["Dagger Throw","Well Laid Plans"],"picked":"Infinite Blades","floor":1},{"not_picked":["Infinite Blades","Dodge and Roll"],"picked":"Poisoned Stab","floor":2},{"not_picked":["Prepared","Cloak And Dagger"],"picked":"Deadly Poison","floor":4},{"not_picked":["Slice","Crippling Poison"],"picked":"Noxious Fumes","floor":6},{"not_picked":["Heel Hook","Slice","Dagger Spray"],"picked":"SKIP","floor":10},{"not_picked":["Prepared","Eviscerate"],"picked":"Acrobatics","floor":11},{"not_picked":["ReplayTheSpireMod:Shiv Toss","ReplayTheSpireMod:From All Sides"],"picked":"Replay:Poison Smokescreen","floor":12},{"not_picked":["Dagger Throw","Fluid Movement"],"picked":"Backflip","floor":13},{"not_picked":["Flechettes","ReplayTheSpireMod:Exploit Weakness"],"picked":"Catalyst","floor":14}],"player_experience":67222,"relics_obtained":[{"floor":2,"key":"halation:VictoryRuler"},{"floor":6,"key":"Replay:Bottled Snecko"},{"floor":10,"key":"Unceasing Top"},{"floor":15,"key":"Replay:Towering Pillar of Hats"}],"event_choices":[{"damage_healed":0,"gold_gain":0,"player_choice":"Box","damage_taken":0,"relics_obtained":["halation:KoshaPiece"],"max_hp_gain":0,"max_hp_loss":0,"event_name":"Big Fish","floor":3,"gold_loss":0,"cards_obtained":["Regret"]},{"cards_removed":["Strike_G"],"damage_healed":0,"gold_gain":0,"player_choice":"Card Removal","damage_taken":0,"max_hp_gain":0,"max_hp_loss":0,"event_name":"The Cleric","floor":5,"gold_loss":50}],"is_beta":false,"boss_relics":[],"items_purged_floors":[8],"is_endless":false,"potions_floor_spawned":[6,10,13],"killed_by":"Fading Forest","ascension_level":0}}