{"host":"xc18ixkpjvqrt8st","time":1611176438,"event":{"mods":["Act Like it!","BaseMod","Better Match","Better Third Choice","Conspire","Hallownest","Hermit","Hubris","Infinite Spire","Minty Spire (QoL Compilation)","Replay The Spire","Robot Space Explorer","Shop Mod","Spicy Shops","StSLib","The Animator","The Jungle","The Marked"],"gold_per_floor":[117,117,141,141,157,157,157,157],"floor_reached":7,"language":"ENG","playtime":244,"items_purged":[],"score":43,"play_id":"e6de9814-9792-44ef-9e40-03a6eaf9df3b","local_time":"20210120150038","is_ascension_mode":true,"campfire_choices":[{"floor":6,"key":"RECALL"}],"circlet_count":0,"master_deck":["animator:Strike_Fate","animator:Defend_Fate","animator:Strike","animator:Strike","animator:Strike","animator:Defend","animator:Defend","animator:Defend","animator:Alexander","animator:Rider","animator:Ciel","animator:YaoHaDucy","animator:UneriGinkaku"],"relics":["animator:LivingPicture","animator:TheMissingPiece","hubris:Potato"],"acts_visited":["Exordium"],"potions_floor_usage":[],"damage_taken":[{"damage":4,"enemies":"2 Louse","floor":1,"turns":3},{"damage":6,"enemies":"Jaw Worm","floor":3,"turns":6},{"damage":0,"enemies":"conspire:RoseBush","floor":5,"turns":3},{"damage":32,"enemies":"Lagavulin","floor":7,"turns":6}],"seed_played":"1870535394052663787","potions_obtained":[{"floor":3,"key":"Fire Potion"}],"is_trial":false,"path_per_floor":["M","?","M","?","M","R","E"],"character_chosen":"THE_ANIMATOR","items_purchased":[],"campfire_rested":0,"item_purchase_floors":[],"current_hp_per_floor":[68,68,62,62,62,62,30,30],"gold":157,"neow_bonus":"TEN_PERCENT_HP_BONUS","is_daily":false,"chose_seed":false,"campfire_upgraded":0,"win_rate":0.0,"timestamp":1611176438,"path_taken":["M","?","M","?","?","R","E"],"items_purchased_type":[],"build_version":"2020-12-22","purchased_purges":0,"victory":false,"max_hp_per_floor":[72,72,72,72,72,72,72,72],"card_choices":[{"not_picked":["animator:Elsword","animator:Evileye"],"picked":"animator:Ciel","floor":1},{"not_picked":["animator:Kazuma","animator:Laby"],"picked":"animator:YaoHaDucy","floor":3},{"not_picked":["animator:Hitei","animator:Azekura"],"picked":"animator:UneriGinkaku","floor":5}],"player_experience":570550,"relics_obtained":[],"event_choices":[{"damage_healed":0,"gold_gain":0,"player_choice":"Gave Potion","damage_taken":0,"relics_obtained":["hubris:Potato"],"max_hp_gain":0,"max_hp_loss":0,"event_name":"WeMeetAgain","floor":4,"gold_loss":0}],"is_beta":false,"boss_relics":[],"items_purged_floors":[],"is_endless":false,"potions_floor_spawned":[3],"killed_by":"Lagavulin","ascension_level":1}}