{"host":"xx5zt3jtdyh8iun7","time":1611152578,"event":{"mods":["AchievementEnabler","Act Like it!","BaseMod","Gensokyo","Minty Spire (QoL Compilation)","StSLib","The Marked"],"gold_per_floor":[367,367,34,51,70,99,99,99,99,112,128,162,162,193,193,291,291,309,320,320,331,343,343,371,382,382,395,426,25,38,38,38,140,140,154,154,67,79,79,79],"floor_reached":39,"language":"ENG","playtime":7600,"items_purged":["theMarked:Strike","theMarked:Strike"],"score":443,"play_id":"12d6bd0e-09b6-41e8-ac92-21adeaa58fd2","local_time":"20210120152258","is_ascension_mode":false,"campfire_choices":[{"floor":8,"key":"REST"},{"data":"theMarked:ComboAttacks","floor":15,"key":"SMITH"},{"data":"theMarked:TakeOffHeels","floor":23,"key":"SMITH"},{"data":"theMarked:Abjuration","floor":32,"key":"SMITH"}],"circlet_count":0,"master_deck":["theMarked:Strike+1","theMarked:Strike+1","theMarked:Defend","theMarked:Defend","theMarked:Defend","theMarked:Defend","theMarked:SoldierOfQuellstein","theMarked:ResourceFulStrike","theMarked:ComboAttacks+1","theMarked:Improvise","theMarked:Abjuration","theMarked:SwordAndMagic","theMarked:HeightenedSenses","theMarked:TakeOffHeels+1","Parasite","theMarked:KeepCalmAndFightOn","theMarked:FavorableWinds","theMarked:MaelstromOfLightning+1","theMarked:Abjuration+1","theMarked:ElectricStrings","theMarked:RogueSparks","theMarked:HeritageOfTheMarked","theMarked:MysticalArsenal+1","theMarked:DispelDoubt","theMarked:Convert","theMarked:SummonStrength","Finesse","theMarked:Seal+1"],"relics":["theMarked:ArtifactOfAir","Matryoshka","Bird Faced Urn","Pantograph","theMarked:NailFile","Lantern","Bottled Lightning","SlaversCollar","Mercury Hourglass","PreservedInsect","Art of War","Kunai","theMarked:SpiritSword"],"acts_visited":["Exordium","TheCity","TheBeyond"],"potions_floor_usage":[16,16,19,22,24,27,33,33,39],"damage_taken":[{"damage":2,"enemies":"Small Slimes","floor":1,"turns":3},{"damage":2,"enemies":"2 Louse","floor":4,"turns":2},{"damage":0,"enemies":"Cultist","floor":5,"turns":3},{"damage":21,"enemies":"Lagavulin","floor":6,"turns":5},{"damage":0,"enemies":"Large Slime","floor":10,"turns":3},{"damage":13,"enemies":"2 Fungi Beasts","floor":11,"turns":3},{"damage":13,"enemies":"Gremlin Nob","floor":12,"turns":3},{"damage":5,"enemies":"3 Sentries","floor":14,"turns":5},{"damage":29,"enemies":"Hexaghost","floor":16,"turns":6},{"damage":13,"enemies":"2 Thieves","floor":18,"turns":4},{"damage":9,"enemies":"3 Byrds","floor":19,"turns":7},{"damage":21,"enemies":"Snake Plant","floor":21,"turns":3},{"damage":0,"enemies":"Shelled Parasite and Fungi","floor":22,"turns":3},{"damage":42,"enemies":"Slavers","floor":24,"turns":6},{"damage":12,"enemies":"Centurion and Healer","floor":25,"turns":7},{"damage":22,"enemies":"Snake Plant","floor":27,"turns":5},{"damage":26,"enemies":"Book of Stabbing","floor":28,"turns":3},{"damage":0,"enemies":"Snecko","floor":30,"turns":3},{"damage":41,"enemies":"Automaton","floor":33,"turns":7},{"damage":49,"enemies":"3 Darklings","floor":35,"turns":7},{"damage":27,"enemies":"3 Shapes","floor":38,"turns":4},{"damage":18,"enemies":"Spire Growth","floor":39,"turns":2}],"seed_played":"8979485088326655820","potions_obtained":[{"floor":6,"key":"SpeedPotion"},{"floor":10,"key":"Ancient Potion"},{"floor":14,"key":"Block Potion"},{"floor":18,"key":"Energy Potion"},{"floor":19,"key":"LiquidMemories"},{"floor":22,"key":"SpeedPotion"},{"floor":25,"key":"Block Potion"},{"floor":28,"key":"ColorlessPotion"},{"floor":33,"key":"CultistPotion"},{"floor":35,"key":"SteroidPotion"},{"floor":36,"key":"Energy Potion"},{"floor":36,"key":"BlessingOfTheForge"}],"is_trial":false,"path_per_floor":["M","?","$","M","M","E","?","R","T","M","M","E","?","E","R","B",null,"M","M","?","M","M","R","E","M","T","M","E","$","M","?","R","B",null,"M","?","$","M","M"],"character_chosen":"THE_DEFAULT","items_purchased":["Matryoshka","Kunai","Block Potion","Finesse"],"campfire_rested":1,"item_purchase_floors":[3,29,29,37],"current_hp_per_floor":[61,48,48,46,46,25,18,36,36,48,37,26,41,38,38,34,63,60,53,53,42,54,54,26,36,36,28,14,14,30,30,30,22,63,34,34,34,11,0,0],"gold":79,"neow_bonus":"TWO_FIFTY_GOLD","is_daily":false,"chose_seed":false,"campfire_upgraded":3,"win_rate":0.0,"timestamp":1611152578,"path_taken":["M","?","$","M","M","E","?","R","T","M","M","E","?","E","R","BOSS","M","M","?","?","M","R","E","M","T","M","E","$","M","?","R","BOSS","M","?","$","M","M"],"items_purchased_type":["Relic","Relic","Potion","Card"],"build_version":"2020-12-22","purchased_purges":2,"victory":false,"max_hp_per_floor":[63,63,63,63,63,63,63,63,63,63,63,63,63,63,63,63,63,63,63,63,63,63,63,63,63,63,63,63,63,63,63,63,63,63,63,63,63,63,63,63],"card_choices":[{"not_picked":["theMarked:TwofoldDefense","theMarked:CreepingChasm"],"picked":"theMarked:ResourceFulStrike","floor":1},{"not_picked":["theMarked:HeightenedSenses","theMarked:DeterminationOfTheMarked"],"picked":"theMarked:ComboAttacks","floor":4},{"not_picked":["theMarked:StartUp","theMarked:HeritageOfTheMarked"],"picked":"theMarked:Improvise","floor":5},{"not_picked":["theMarked:WastefulDefense","theMarked:Generate"],"picked":"theMarked:Abjuration","floor":6},{"not_picked":["theMarked:HeightenedSenses","theMarked:PowerFlow"],"picked":"theMarked:SwordAndMagic","floor":10},{"not_picked":["theMarked:Overthink","theMarked:WardOff"],"picked":"theMarked:HeightenedSenses","floor":11},{"not_picked":["theMarked:Aftermath","theMarked:Static"],"picked":"theMarked:TakeOffHeels","floor":12},{"not_picked":["theMarked:BanishingStrike","theMarked:Improvise"],"picked":"theMarked:KeepCalmAndFightOn","floor":14},{"not_picked":["theMarked:UnarmedFury","theMarked:MagicAdept"],"picked":"theMarked:FavorableWinds","floor":16},{"not_picked":["theMarked:ResourceFulStrike+1","theMarked:RepellingDischarge"],"picked":"theMarked:MaelstromOfLightning+1","floor":18},{"not_picked":["theMarked:WastefulDefense","theMarked:Electrify","theMarked:Overcharge"],"picked":"SKIP","floor":19},{"not_picked":["theMarked:WastefulAttack+1","theMarked:CreepingChasm"],"picked":"theMarked:ElectricStrings","floor":21},{"not_picked":["theMarked:CreepingChasm","theMarked:Parkour"],"picked":"theMarked:RogueSparks","floor":22},{"not_picked":["theMarked:KeepCalmAndFightOn","theMarked:ElectricStrings","theMarked:MaelstromOfLightning+1"],"picked":"SKIP","floor":24},{"not_picked":["theMarked:Parkour+1","theMarked:ChainLightning"],"picked":"theMarked:HeritageOfTheMarked","floor":25},{"not_picked":["theMarked:MaelstromOfLightning","theMarked:Aftermath"],"picked":"theMarked:MysticalArsenal+1","floor":27},{"not_picked":["theMarked:ElectricStrings","theMarked:HeightenedSenses"],"picked":"theMarked:DispelDoubt","floor":28},{"not_picked":["theMarked:GodGivenPower","theMarked:EmpowerWeapon+1"],"picked":"theMarked:Convert","floor":30},{"not_picked":["theMarked:SuspiciousRaven","theMarked:MuscleMemory"],"picked":"theMarked:SummonStrength","floor":33},{"not_picked":["theMarked:Static","theMarked:Reabsorb","theMarked:BanishingStrike+1"],"picked":"SKIP","floor":35},{"not_picked":["theMarked:LightningStrikesTwice+1","theMarked:Aftermath+1"],"picked":"theMarked:Seal+1","floor":38}],"player_experience":597434,"relics_obtained":[{"floor":6,"key":"Bird Faced Urn"},{"floor":9,"key":"Pantograph"},{"floor":9,"key":"theMarked:NailFile"},{"floor":12,"key":"Lantern"},{"floor":14,"key":"Bottled Lightning"},{"floor":24,"key":"Mercury Hourglass"},{"floor":26,"key":"PreservedInsect"},{"floor":28,"key":"Art of War"}],"event_choices":[{"damage_healed":0,"gold_gain":0,"player_choice":"Entered Light","damage_taken":13,"max_hp_gain":0,"max_hp_loss":0,"event_name":"Shining Light","floor":2,"gold_loss":0,"cards_upgraded":["theMarked:Strike","theMarked:Strike"]},{"cards_removed":["theMarked:Strike"],"damage_healed":0,"gold_gain":0,"player_choice":"Card Removal","damage_taken":7,"max_hp_gain":0,"max_hp_loss":0,"event_name":"Golden Wing","floor":7,"gold_loss":0},{"damage_healed":15,"gold_gain":0,"player_choice":"Healed and dodged fight","damage_taken":0,"max_hp_gain":0,"max_hp_loss":0,"event_name":"Mushrooms","floor":13,"gold_loss":0,"cards_obtained":["Parasite"]},{"damage_healed":0,"gold_gain":0,"player_choice":"1 cards matched","damage_taken":0,"max_hp_gain":0,"max_hp_loss":0,"event_name":"Match and Keep!","floor":20,"gold_loss":0,"cards_obtained":["theMarked:Abjuration"]},{"damage_healed":0,"gold_gain":0,"player_choice":"Ignored","damage_taken":0,"max_hp_gain":0,"max_hp_loss":0,"event_name":"Ghosts","floor":31,"gold_loss":0},{"damage_healed":0,"gold_gain":0,"player_choice":"Got Potions","damage_taken":0,"max_hp_gain":0,"max_hp_loss":0,"event_name":"Lab","floor":36,"gold_loss":0}],"is_beta":false,"boss_relics":[{"not_picked":["Tiny House","Velvet Choker"],"picked":"SlaversCollar"},{"not_picked":["Busted Crown","SacredBark"],"picked":"theMarked:SpiritSword"}],"items_purged_floors":[3,29],"is_endless":false,"potions_floor_spawned":[6,10,14,18,19,22,25,28,33,35],"killed_by":"Spire Growth","ascension_level":0}}