{"host":"0jfycbte0yldxyb4","time":1611121604,"event":{"mods":["2.2 Compatiblity","AchievementEnabler","Aspiration","BaseMod","Better Note","BetterRewards","Colored Map","Colored Powertips","GungeonMod","Hermit","Minty Spire (QoL Compilation)","StSLib","The Bladedancer","The Bug Knight","The Servant 0.9.4","The Wild Card"],"gold_per_floor":[113,132,132,132,145,145,164,175,175,175,190,190,31,61,61,61,61],"floor_reached":16,"language":"ENG","playtime":976,"items_purged":[],"score":92,"play_id":"3686e3a4-65cf-4a05-8c89-4b6aceb21cbb","local_time":"20210119234644","is_ascension_mode":false,"campfire_choices":[{"data":"blademaster:Strike","floor":6.0,"key":"SMITH"},{"floor":10,"key":"REST"},{"floor":12,"key":"REST"},{"data":"blademaster:Strike","floor":15,"key":"SMITH"}],"circlet_count":0,"master_deck":["blademaster:Strike+1","blademaster:Strike","blademaster:Strike","blademaster:Strike+1","blademaster:Defend","blademaster:Defend","blademaster:Defend","blademaster:Defend","blademaster:RagingBlow","blademaster:HighVoltage","blademaster:Flurry","blademaster:Bloodbath","blademaster:DragonStrike","blademaster:Quickstep","blademaster:WindSlash","blademaster:DeadlyDance+1","blademaster:ThunderingOpener","blademaster:ThunderSlash","blademaster:AspectOfLightning+1","blademaster:FuriousStrike"],"relics":["blademaster:DancersAmulet","NeowsBlessing","Vajra","Toxic Egg 2","Odd Mushroom"],"acts_visited":["Exordium"],"potions_floor_usage":[],"damage_taken":[{"damage":0.0,"enemies":"2 Louse","floor":1.0,"turns":2.0},{"damage":0.0,"enemies":"Small Slimes","floor":2.0,"turns":1.0},{"damage":0.0,"enemies":"Jaw Worm","floor":5.0,"turns":1.0},{"damage":19.0,"enemies":"Lots of Slimes","floor":7.0,"turns":4.0},{"damage":13.0,"enemies":"2 Fungi Beasts","floor":8.0,"turns":4.0},{"damage":22,"enemies":"Exordium Wildlife","floor":11,"turns":5},{"damage":12,"enemies":"The Mushroom Lair","floor":14,"turns":3},{"damage":47,"enemies":"The Guardian","floor":16,"turns":6}],"seed_played":"144603178414220654","potions_obtained":[{"floor":2.0,"key":"Block Potion"},{"floor":7.0,"key":"DemoMod:BlankPotion"},{"floor":14,"key":"FearPotion"}],"is_trial":false,"path_per_floor":["M","M","$","?","M","R","M","M","T","R","M","R","$","?","R","B"],"character_chosen":"THE_BLADEMASTER","items_purchased":["blademaster:ThunderingOpener","blademaster:ThunderSlash","blademaster:AspectOfLightning+1"],"campfire_rested":2,"item_purchase_floors":[13,13,13],"current_hp_per_floor":[75,75,75,68,68,68,49,36,36,58,36,58,58,46,46,0,0],"gold":61,"neow_bonus":"THREE_ENEMY_KILL","is_daily":false,"chose_seed":false,"campfire_upgraded":2,"win_rate":0.0,"timestamp":1611121604,"path_taken":["M","M","$","?","M","R","M","M","T","R","M","R","$","?","R","BOSS"],"items_purchased_type":["Card","Card","Card"],"build_version":"2020-12-22","purchased_purges":0,"victory":false,"max_hp_per_floor":[75,75,75,75,75,75,75,75,75,75,75,75,75,75,75,75,75],"card_choices":[{"not_picked":["blademaster:CombatPrep","blademaster:Sunder"],"picked":"blademaster:Flurry","floor":1.0},{"not_picked":["blademaster:ThunderingOpener","blademaster:Rupture"],"picked":"blademaster:Bloodbath","floor":2.0},{"not_picked":["blademaster:ParryingStrike","blademaster:WindSlash"],"picked":"blademaster:DragonStrike","floor":5.0},{"not_picked":["blademaster:Frenzy","blademaster:Flurry"],"picked":"blademaster:Quickstep","floor":7.0},{"not_picked":["blademaster:Frontflip","blademaster:Sharpen"],"picked":"blademaster:WindSlash","floor":8.0},{"not_picked":["blademaster:AirSlash","blademaster:Stability"],"picked":"blademaster:DeadlyDance+1","floor":11},{"not_picked":["blademaster:ParryingStrike","blademaster:DancingEdge"],"picked":"blademaster:FuriousStrike","floor":14}],"player_experience":871,"relics_obtained":[{"floor":9.0,"key":"Toxic Egg 2"},{"floor":14,"key":"Odd Mushroom"}],"event_choices":[{"damage_healed":0.0,"max_hp_gain":0.0,"max_hp_loss":0.0,"gold_gain":0.0,"event_name":"Scrap Ooze","player_choice":"Success","floor":4.0,"gold_loss":0.0,"damage_taken":7.0,"relics_obtained":["Vajra"]},{"damage_healed":0,"gold_gain":0,"player_choice":"Fought Mushrooms","damage_taken":0,"max_hp_gain":0,"max_hp_loss":0,"event_name":"Mushrooms","floor":14,"gold_loss":0}],"is_beta":false,"boss_relics":[],"items_purged_floors":[],"is_endless":false,"potions_floor_spawned":[2,7,14],"killed_by":"The Guardian","ascension_level":0}}