{"host":"0j49nvi4cbm626s8","time":1611141639,"event":{"mods":["AchievementEnabler","BaseMod","Highlight Path","Marisa????????","Minty Spire (QoL Compilation)"],"gold_per_floor":[111,131,181,200,200,200,226,241,290,322,322,354,367,22,22,539,539,638,638,459,486,208,243,243,243,313,345,345,402,534,564,564,564,564],"floor_reached":33,"language":"ENG","playtime":1728,"items_purged":["Strike_MRS","Defend_MRS","Defend_MRS"],"score":666,"play_id":"1c8118e3-62df-4dac-9ada-f3f475b4fdf6","local_time":"20210120122039","is_ascension_mode":true,"campfire_choices":[{"data":"MilkyWay","floor":6,"key":"SMITH"},{"data":"GalacticHalo","floor":11,"key":"SMITH"},{"floor":15,"key":"REST"},{"floor":24,"key":"REST"},{"data":"OortCloud","floor":28,"key":"SMITH"},{"floor":32,"key":"REST"}],"circlet_count":0,"master_deck":["AscendersBane","Defend_MRS","Defend_MRS","MasterSpark","UpSweep","AlicesGift","MilkyWay+1","Acceleration","GalacticHalo+1","EnergyFlow","MilkyWay","Robbery","GalacticHalo","EarthLightRay","RefractionSpark+1","FinalSpark+1","IllusionStar+1","Acceleration","OortCloud+1","AsteroidBelt"],"relics":["MiniHakkero","NeowsBlessing","AmplifyWand","Darkstone Periapt","Bronze Scales","Dream Catcher","Ornamental Fan","Regal Pillow","Astrolabe","PreservedInsect","Toy Ornithopter","Mercury Hourglass","StoneCalendar","Letter Opener","The Courier"],"acts_visited":["Exordium","TheCity"],"potions_floor_usage":[10,10,21,23,30,31],"damage_taken":[{"damage":0,"enemies":"2 Louse","floor":1,"turns":1},{"damage":0,"enemies":"Cultist","floor":2,"turns":1},{"damage":0,"enemies":"Small Slimes","floor":4,"turns":1},{"damage":21,"enemies":"Gremlin Nob","floor":7,"turns":4},{"damage":9,"enemies":"3 Louse","floor":8,"turns":4},{"damage":4,"enemies":"3 Sentries","floor":10,"turns":6},{"damage":19,"enemies":"Gremlin Nob","floor":12,"turns":4},{"damage":0,"enemies":"Large Slime","floor":13,"turns":4},{"damage":7,"enemies":"Hexaghost","floor":16,"turns":8},{"damage":16,"enemies":"Chosen","floor":18,"turns":8},{"damage":12,"enemies":"3 Byrds","floor":21,"turns":4},{"damage":17,"enemies":"Book of Stabbing","floor":23,"turns":5},{"damage":18,"enemies":"Slavers","floor":27,"turns":8},{"damage":20,"enemies":"Gremlin Leader","floor":29,"turns":7},{"damage":0,"enemies":"Centurion and Healer","floor":30,"turns":7},{"damage":27,"enemies":"Slavers","floor":31,"turns":3},{"damage":62,"enemies":"Collector","floor":33,"turns":6}],"seed_played":"6334491374105235530","potions_obtained":[{"floor":1,"key":"ShroomBrew"},{"floor":8,"key":"ShroomBrew"},{"floor":13,"key":"DistilledChaos"},{"floor":16,"key":"SpeedPotion"},{"floor":29,"key":"Block Potion"},{"floor":30,"key":"Strength Potion"}],"is_trial":false,"path_per_floor":["M","M","?","M","T","R","E","M","T","E","R","E","M","$","R","B",null,"M","?","$","M","$","E","R","?","T","E","R","E","M","E","R","B"],"character_chosen":"MARISA","items_purchased":["Robbery","Regal Pillow","GalacticHalo","OortCloud","PreservedInsect"],"campfire_rested":3,"item_purchase_floors":[14,14,14,20,22],"current_hp_per_floor":[63,63,63,63,63,63,42,33,33,29,29,10,10,10,46,43,63,51,51,51,43,43,30,66,46,46,32,32,16,25,7,44,0,0],"gold":564,"neow_bonus":"THREE_ENEMY_KILL","is_daily":false,"chose_seed":false,"campfire_upgraded":3,"win_rate":0.0,"timestamp":1611141639,"path_taken":["M","M","?","?","?","R","E","M","T","E","R","E","M","$","R","BOSS","M","?","$","M","$","E","R","?","T","E","R","E","M","E","R","BOSS"],"items_purchased_type":["Card","Relic","Card","Card","Relic"],"build_version":"2020-12-22","purchased_purges":3,"victory":false,"max_hp_per_floor":[70,70,70,70,70,70,70,70,70,70,70,70,70,70,70,70,70,70,70,70,70,70,70,70,75,75,75,75,75,75,75,75,75,75],"card_choices":[{"not_picked":["OneTimeOff","GrandCross"],"picked":"AlicesGift","floor":1},{"not_picked":["WitchOfGreed","UnstableBomb"],"picked":"MilkyWay","floor":2},{"not_picked":["SporeBomb","Occultation","LuminesStrike"],"picked":"SKIP","floor":4},{"not_picked":["UnstableBomb","IllusionStar"],"picked":"Acceleration","floor":7},{"not_picked":["MagicChant","ManaConvection"],"picked":"GalacticHalo","floor":8},{"not_picked":["StarBarrage","GasGiant","DarkSpark"],"picked":"SKIP","floor":10},{"not_picked":["GravityBeat","MysteriousBeam"],"picked":"EnergyFlow","floor":12},{"not_picked":["MeteoricShower","NonDirectionalLaser"],"picked":"MilkyWay","floor":13},{"not_picked":["MilkyWay","PowerUp"],"picked":"EarthLightRay","floor":15},{"not_picked":["PulseMagic","StarlightTyphoon"],"picked":"Acceleration","floor":18},{"not_picked":["6A+1","RefractionSpark","LuminesStrike"],"picked":"SKIP","floor":21},{"not_picked":["DC","ChargingUp"],"picked":"AsteroidBelt","floor":23},{"not_picked":["OneTimeOff","WitchOfGreed","MysteriousBeam"],"picked":"SKIP","floor":27},{"not_picked":["ChargeUpSpray","6A+1","ShootingEcho"],"picked":"SKIP","floor":29},{"not_picked":["DoubleSpark","IllusionStar","PulseMagic"],"picked":"SKIP","floor":30},{"not_picked":["Orbital","LuminesStrike","Robbery"],"picked":"SKIP","floor":31}],"player_experience":251136,"relics_obtained":[{"floor":5,"key":"AmplifyWand"},{"floor":7,"key":"Darkstone Periapt"},{"floor":9,"key":"Bronze Scales"},{"floor":10,"key":"Dream Catcher"},{"floor":12,"key":"Ornamental Fan"},{"floor":23,"key":"Toy Ornithopter"},{"floor":26,"key":"Mercury Hourglass"},{"floor":27,"key":"StoneCalendar"},{"floor":29,"key":"Letter Opener"},{"floor":31,"key":"The Courier"}],"event_choices":[{"damage_healed":0,"gold_gain":50,"player_choice":"Pray","damage_taken":0,"max_hp_gain":0,"max_hp_loss":0,"event_name":"Golden Shrine","floor":3,"gold_loss":0},{"damage_healed":0,"gold_gain":0,"player_choice":"Ignored","damage_taken":0,"max_hp_gain":0,"max_hp_loss":0,"event_name":"Vampires","floor":19,"gold_loss":0},{"damage_healed":0,"gold_gain":0,"player_choice":"Shed Blood","damage_taken":25,"max_hp_gain":5,"max_hp_loss":0,"event_name":"Forgotten Altar","floor":25,"gold_loss":0}],"is_beta":false,"boss_relics":[{"not_picked":["Snecko Eye","Fusion Hammer"],"picked":"Astrolabe"}],"items_purged_floors":[14,20,22],"is_endless":false,"potions_floor_spawned":[1,8,13,16,18,29,30],"killed_by":"Collector","ascension_level":15}}