{"host":"j4g6ia6asvpyu2b0","time":1611103157,"event":{"mods":["BaseMod","Colored Map","Minty Spire (QoL Compilation)","Permanent Neow","Quick Restart","Relic Stats","StSLib","Unceasing Turn Reminder"],"gold_per_floor":[115,115,22,41,52,84,84,112,188,188,188],"floor_reached":10,"language":"ENG","playtime":2537,"items_purged":[],"score":122,"play_id":"8571ed6b-d372-4e1e-b824-b1165b901e19","local_time":"20210119173917","is_ascension_mode":true,"campfire_choices":[{"data":"Creative AI","floor":7,"key":"SMITH"}],"circlet_count":0,"master_deck":["AscendersBane","Strike_B","Strike_B","Strike_B","Strike_B","Defend_B+1","Defend_B","Defend_B+1","Defend_B","Zap","Dualcast","Darkness","Cold Snap","Streamline","Coolheaded","Creative AI+1","Chill"],"relics":["Nuclear Battery","Mango","Bronze Scales"],"acts_visited":["Exordium"],"potions_floor_usage":[],"damage_taken":[{"damage":5,"enemies":"Cultist","floor":1,"turns":5},{"damage":11,"enemies":"Jaw Worm","floor":4,"turns":4},{"damage":0,"enemies":"2 Louse","floor":5,"turns":3},{"damage":13,"enemies":"Lagavulin","floor":6,"turns":5},{"damage":18,"enemies":"3 Sentries","floor":8,"turns":6},{"damage":20,"enemies":"Gremlin Nob","floor":10,"turns":3}],"seed_played":"-3101785995569187570","potions_obtained":[{"floor":1,"key":"PowerPotion"},{"floor":6,"key":"GamblersBrew"}],"is_trial":false,"path_per_floor":["M","?","$","M","M","E","R","E","T","E"],"character_chosen":"DEFECT","items_purchased":["Cold Snap","Streamline"],"campfire_rested":0,"item_purchase_floors":[3,3],"current_hp_per_floor":[63,48,48,37,37,38,38,20,20,0,0],"gold":188,"neow_bonus":"BOSS_RELIC","is_daily":false,"chose_seed":false,"campfire_upgraded":1,"win_rate":0.0,"timestamp":1611103157,"path_taken":["M","?","?","?","M","E","R","E","T","E"],"items_purchased_type":["Card","Card"],"build_version":"2020-12-22","purchased_purges":0,"victory":false,"max_hp_per_floor":[75,75,75,75,75,89,89,89,89,89,89],"relic_stats":{"counters":[6,26],"Bronze Scales":[3],"obtain_stats":[{"Bronze Scales":8,"Mango":6,"Cracked Core":0,"Nuclear Battery":0},{"Bronze Scales":5,"Mango":4,"Cracked Core":0,"Nuclear Battery":0},{"Bronze Scales":23,"Mango":17,"Cracked Core":0,"Nuclear Battery":0}]},"card_choices":[{"not_picked":["Conserve Battery","Reinforced Body"],"picked":"Darkness","floor":1},{"not_picked":["Force Field","Go for the Eyes","Beam Cell"],"picked":"SKIP","floor":4},{"not_picked":["Hologram","Stack"],"picked":"Coolheaded","floor":5},{"not_picked":["Gash","Leap"],"picked":"Creative AI","floor":6},{"not_picked":["Auto Shields","Sunder"],"picked":"Chill","floor":8}],"player_experience":868551,"relics_obtained":[{"floor":6,"key":"Mango"},{"floor":8,"key":"Bronze Scales"}],"event_choices":[{"damage_healed":0,"gold_gain":0,"player_choice":"Entered Light","damage_taken":15,"max_hp_gain":0,"max_hp_loss":0,"event_name":"Shining Light","floor":2,"gold_loss":0,"cards_upgraded":["Defend_B","Defend_B"]}],"is_beta":false,"boss_relics":[],"items_purged_floors":[],"is_endless":false,"potions_floor_spawned":[1,6],"killed_by":"Gremlin Nob","ascension_level":12}}