{"host":"8a3jzv7qxg3y7b6t","time":1611106787,"event":{"mods":["BaseMod","Better Third Choice","Downfall","Hermit","Minty Spire (QoL Compilation)","Relic Stats","StSLib","The Bug Knight","The Cursed"],"gold_per_floor":[99,118,128,128,128,139,185,213,231,216,16,44,54,67,80,80,80,80],"floor_reached":16,"language":"ENG","playtime":1247,"items_purged":[],"score":114,"play_id":"4a798f34-8828-43d5-9295-8319159b6c01","local_time":"20210119173947","is_ascension_mode":false,"campfire_choices":[{"floor":1.0,"key":"RECALL"},{"floor":11,"key":"REST"}],"circlet_count":0,"master_deck":["hexamod:Strike","hexamod:Strike","hexamod:Strike","hexamod:Defend","hexamod:Defend","hexamod:Defend","hexamod:Defend","hexamod:Sear","hexamod:Float","hexamod:SkipABeat","hexamod:HauntingEcho","hexamod:SpectersWail","downfall:Malfunctioning","hexamod:CatchUp","hexamod:SoulSteal","hexamod:FlamesFromBeyond","hexamod:ExtraCrispy","hexamod:FastForward","hexamod:FirstSeal","hexamod:BurningTouch"],"relics":["Cursed Key","downfall:BrokenWingStatue","Orichalcum","downfall:HeartBlessingRed","downfall:HeartBlessingGreen","HollowMod:LifeEnderRelic"],"acts_visited":["Exordium"],"potions_floor_usage":[],"damage_taken":[{"damage":1.0,"enemies":"2 Louse","floor":2.0,"turns":2.0},{"damage":1.0,"enemies":"Jaw Worm","floor":3.0,"turns":4.0},{"damage":8.0,"enemies":"Small Slimes","floor":6.0,"turns":3.0},{"damage":44.0,"enemies":"Gremlin Nob","floor":8.0,"turns":5.0},{"damage":9.0,"enemies":"Blue Slaver","floor":9.0,"turns":3.0},{"damage":0.0,"enemies":"downfall:FleeingMerchant","floor":10.0,"turns":4.0},{"damage":15,"enemies":"3 Sentries","floor":12,"turns":4},{"damage":2,"enemies":"Lots of Slimes","floor":13,"turns":2},{"damage":1,"enemies":"3 Louse","floor":14,"turns":3},{"damage":6,"enemies":"Blue Slaver","floor":15,"turns":3},{"damage":18,"enemies":"DF_ARCHETYPE_STREAMLINE","floor":16,"turns":4}],"seed_played":"-1539659957453013006","potions_obtained":[{"floor":2.0,"key":"Regen Potion"},{"floor":6.0,"key":"sneckomod:MuddlingPotion"},{"floor":13,"key":"Guardian:BlockOnCardUsePotion"}],"is_trial":false,"path_per_floor":["R","M","M","?","?","M","T","E","M","$","R","E","M","M","M","B"],"character_chosen":"THE_SPIRIT","items_purchased":[],"campfire_rested":1,"item_purchase_floors":[],"current_hp_per_floor":[70,69,68,68,68,60,60,28,19,19,40,25,23,22,23,5,5,5],"gold":80,"neow_bonus":"BOSS_RELIC","is_daily":false,"chose_seed":false,"campfire_upgraded":0,"win_rate":0.0,"timestamp":1611106787,"path_taken":["R","M","M","?","?","M","T","E","?","$","R","E","M","M","M","BOSS"],"items_purchased_type":[],"build_version":"2020-12-22","purchased_purges":0,"victory":false,"max_hp_per_floor":[70,70,70,70,70,70,70,70,70,70,70,70,70,70,70,70,70,70],"relic_stats":{"counters":[11,37],"Orichalcum":[36],"Cursed Key":1,"obtain_stats":[{"downfall:BrokenWingStatue":5,"HollowMod:LifeEnderRelic":12,"downfall:HeartBlessingRed":11,"downfall:HeartBlessingGreen":11,"Orichalcum":8,"Cursed Key":0,"hexamod:SpiritBrand":0},{"downfall:BrokenWingStatue":2,"HollowMod:LifeEnderRelic":7,"downfall:HeartBlessingRed":6,"downfall:HeartBlessingGreen":6,"Orichalcum":4,"Cursed Key":0,"hexamod:SpiritBrand":0},{"downfall:BrokenWingStatue":6,"HollowMod:LifeEnderRelic":25,"downfall:HeartBlessingRed":21,"downfall:HeartBlessingGreen":21,"Orichalcum":14,"Cursed Key":0,"hexamod:SpiritBrand":0}]},"card_choices":[{"not_picked":["hexamod:Incineration","hexamod:HeatCrush"],"picked":"hexamod:SkipABeat","floor":2.0},{"not_picked":["hexamod:GhostShield","hexamod:FastForward"],"picked":"hexamod:HauntingEcho","floor":3.0},{"not_picked":["hexamod:HauntingEcho","hexamod:ShieldOfDarkness"],"picked":"hexamod:SpectersWail","floor":6.0},{"not_picked":["hexamod:SwordOfDarkness","hexamod:ThermalTransfer"],"picked":"hexamod:CatchUp","floor":8.0},{"not_picked":["hexamod:SpectersWail","hexamod:HeatShield"],"picked":"hexamod:SoulSteal","floor":9.0},{"not_picked":["hexamod:GhostShield","hexamod:PowerFromBeyond"],"picked":"hexamod:FlamesFromBeyond","floor":10},{"not_picked":["hexamod:Hexaguard","hexamod:ParanormalForm"],"picked":"hexamod:ExtraCrispy","floor":12},{"not_picked":["hexamod:HeatMetal","hexamod:GhostShield"],"picked":"hexamod:FastForward","floor":13},{"not_picked":["hexamod:Firestarter","hexamod:BacktrackSmack"],"picked":"hexamod:FirstSeal","floor":14},{"not_picked":["hexamod:Hexaguard","hexamod:Incineration"],"picked":"hexamod:BurningTouch","floor":15}],"player_experience":620715,"relics_obtained":[{"floor":8.0,"key":"Orichalcum"},{"floor":12,"key":"HollowMod:LifeEnderRelic"}],"event_choices":[],"is_beta":false,"boss_relics":[],"items_purged_floors":[],"is_endless":false,"potions_floor_spawned":[2,6,13],"killed_by":"DF_ARCHETYPE_STREAMLINE","ascension_level":0}}