{"host":"a1u4jo6xlg3w0wsm","time":1611135977,"event":{"mods":["BaseMod","Better Third Choice","DeckTracker","Downfall","Hermit","Hubris","Minty Spire (QoL Compilation)","Rare Cards Sparkle","Replay The Spire","StSLib","The Cursed"],"gold_per_floor":[116,116,131,148,148,148,148,148,148,41,60,60,73,106,106,153,153,153],"floor_reached":17,"playtime":538,"items_purged":[],"score":216,"play_id":"ebcb1e4a-a8f9-4549-8fe1-a3d9fc87c032","local_time":"20210120224617","is_ascension_mode":true,"campfire_choices":[{"data":"Blade Dance","floor":6,"key":"SMITH"},{"data":"hermit:Snapshot","floor":8,"key":"SMITH"},{"data":"hermit:Grudge","floor":12,"key":"SMITH"},{"data":"Replay:Poison Smokescreen","floor":15,"key":"SMITH"}],"circlet_count":0,"master_deck":["hermit:Strike_Hermit","hermit:Strike_Hermit+1","hermit:Strike_Hermit","hermit:Strike_Hermit","hermit:Defend_Hermit","hermit:Defend_Hermit","hermit:Defend_Hermit","hermit:Defend_Hermit","hermit:Snapshot+1","hermit:Covet","Blade Dance+1","hermit:Grudge+1","hermit:Grudge","hermit:Glare","Quick Slash","Replay:Poison Smokescreen+1"],"relics":["hermit:Momento","NeowsBlessing","hubris:DisguiseKit","hubris:Icosahedron","Pantograph","Replay:Bottled Flurry","hubris:VirtuousBlindfold"],"acts_visited":["Exordium","TheCity"],"potions_floor_usage":[14,16],"damage_taken":[{"damage":0,"enemies":"2 Louse","floor":1,"turns":1},{"damage":0,"enemies":"Jaw Worm","floor":3,"turns":1},{"damage":0,"enemies":"Small Slimes","floor":4,"turns":1},{"damage":0,"enemies":"Looter","floor":11,"turns":2},{"damage":0,"enemies":"Exordium Wildlife","floor":13,"turns":3},{"damage":0,"enemies":"Gremlin Nob","floor":14,"turns":2},{"damage":37,"enemies":"Slime Boss","floor":16,"turns":10}],"seed_played":"-8305716740831520268","potions_obtained":[{"floor":3,"key":"champ:CounterPotion"},{"floor":14,"key":"Fire Potion"},{"floor":16,"key":"Toxic Potion"}],"is_trial":false,"path_per_floor":["M","?","M","M","?","R","?","R","T","$","M","R","M","E","R","B",null],"character_chosen":"HERMIT","items_purchased":["hermit:Grudge","hermit:Glare"],"campfire_rested":0,"item_purchase_floors":[10,10],"current_hp_per_floor":[75,75,75,75,75,75,75,75,75,75,75,75,75,75,75,38,75,75],"gold":153,"neow_bonus":"THREE_ENEMY_KILL","is_daily":false,"chose_seed":false,"campfire_upgraded":4,"win_rate":0.0,"timestamp":1611135977,"path_taken":["M","?","M","M","?","R","?","R","T","?","?","R","M","E","R","BOSS"],"items_purchased_type":["Card","Card"],"build_version":"2020-12-13","purchased_purges":0,"victory":false,"max_hp_per_floor":[75,75,75,75,75,75,75,75,75,75,75,75,75,75,75,75,75,75],"card_choices":[{"not_picked":["hermit:SprayPray","hermit:TrackingShot","hermit:Snipe"],"picked":"SKIP","floor":1},{"not_picked":["hermit:TrackingShot","hermit:Roulette","hermit:WideOpen","Underhanded Strike"],"picked":"SKIP","floor":3},{"not_picked":["hermit:Coalescence","hermit:HighCaliber","hermit:LoneWolf"],"picked":"Blade Dance","floor":4},{"not_picked":["hermit:Roulette","hermit:TrackingShot","hermit:Malice","Cloak And Dagger"],"picked":"SKIP","floor":11},{"not_picked":["hermit:DeadMansHand","hermit:WideOpen","hermit:TakeAim"],"picked":"Quick Slash","floor":13},{"not_picked":["hermit:Magnum","hermit:ItchyTrigger","hermit:Grudge"],"picked":"Replay:Poison Smokescreen","floor":14}],"player_experience":374221,"relics_obtained":[{"floor":9,"key":"Pantograph"},{"floor":14,"key":"Replay:Bottled Flurry"}],"event_choices":[],"is_beta":false,"boss_relics":[{"not_picked":["Replay:Bronze Core","hubris:HollowSoul"],"picked":"hubris:VirtuousBlindfold"}],"items_purged_floors":[],"is_endless":false,"potions_floor_spawned":[3,14,16],"ascension_level":4}}