{"host":"nbmmy2ys5j9alw05","time":1611127893,"event":{"mods":["AchievementEnabler","BaseMod","Bestiary","Better Vampires","Colored Map","Colored Powertips","Googly Eyes","Minty Spire (QoL Compilation)","Quick Restart","StSLib","The Hierophant","The IronCluck","everything is the same but u backflip on backflip"],"gold_per_floor":[112,112,123,143,68,68,128,128,204,239,239,274,287,287,287,386,386,406,505,260,280,480,480,480,480],"floor_reached":24,"language":"ENG","playtime":758,"items_purged":["Strike_R","Strike_R"],"score":293,"play_id":"c5560602-88af-4bfb-b0be-36ba22b4f1a1","local_time":"20210119233133","is_ascension_mode":true,"campfire_choices":[{"data":"Searing Blow","floor":6,"key":"SMITH"},{"data":"Searing Blow+1","floor":8,"key":"SMITH"},{"floor":15,"key":"REST"},{"data":"Armaments","floor":23,"key":"SMITH"}],"circlet_count":0,"master_deck":["Strike_R","Strike_R","Defend_R","Defend_R+1","Defend_R","Defend_R+1","Bash","Searing Blow+2","Spot Weakness","Hemokinesis","Shrug It Off","Flex","Disarm","Metallicize","Demon Form","Armaments+1"],"relics":["Black Blood","PreservedInsect","Boot","Darkstone Periapt","Ancient Tea Set","Art of War"],"acts_visited":["Exordium","TheCity"],"potions_floor_usage":[1,7,7,7,12,12,13,20],"damage_taken":[{"damage":5,"enemies":"Small Slimes","floor":1,"turns":4},{"damage":6,"enemies":"Jaw Worm","floor":3,"turns":5},{"damage":7,"enemies":"2 Louse","floor":4,"turns":3},{"damage":2,"enemies":"Gremlin Nob","floor":7,"turns":2},{"damage":26,"enemies":"Lagavulin","floor":10,"turns":6},{"damage":22,"enemies":"Gremlin Nob","floor":12,"turns":4},{"damage":12,"enemies":"Exordium Thugs","floor":13,"turns":4},{"damage":34,"enemies":"Hexaghost","floor":16,"turns":11},{"damage":28,"enemies":"Spheric Guardian","floor":18,"turns":5},{"damage":20,"enemies":"Shell Parasite","floor":21,"turns":6},{"damage":64,"enemies":"3 Cultists","floor":24,"turns":5}],"seed_played":"-1994470783422840753","potions_obtained":[{"floor":1,"key":"EntropicBrew"},{"floor":4,"key":"DistilledChaos"},{"floor":16,"key":"Swift Potion"},{"floor":18,"key":"SpeedPotion"},{"floor":21,"key":"Strength Potion"}],"is_trial":false,"path_per_floor":["M","?","M","M","$","R","?","R","T","E","?","E","M","?","R","B",null,"M","?","$","M","?","R","M"],"character_chosen":"IRONCLAD","items_purchased":["CultistPotion","BloodPotion"],"campfire_rested":1,"item_purchase_floors":[20,20],"current_hp_per_floor":[73,57,57,56,56,56,60,60,60,40,40,40,34,34,58,30,68,52,52,68,60,60,60,0,0],"gold":480,"neow_bonus":"RANDOM_COMMON_RELIC","is_daily":false,"chose_seed":false,"campfire_upgraded":3,"win_rate":0.0,"timestamp":1611127893,"path_taken":["M","?","M","M","$","R","?","R","T","E","?","E","M","?","R","BOSS","M","?","$","M","?","R","M"],"items_purchased_type":["Potion","Potion"],"build_version":"2020-12-22","purchased_purges":2,"victory":false,"max_hp_per_floor":[80,80,80,80,80,80,80,80,80,80,80,80,80,80,80,80,80,80,80,80,80,80,80,80,80],"card_choices":[{"not_picked":["Whirlwind","Body Slam"],"picked":"Searing Blow","floor":1},{"not_picked":["Power Through","Heavy Blade"],"picked":"Spot Weakness","floor":3},{"not_picked":["Flame Barrier","Anger"],"picked":"Hemokinesis","floor":4},{"not_picked":["Dropkick","Body Slam"],"picked":"Shrug It Off","floor":7},{"not_picked":["Wild Strike","Clash"],"picked":"Flex","floor":10},{"not_picked":["Twin Strike","Headbutt"],"picked":"Disarm","floor":12},{"not_picked":["Thunderclap","Headbutt"],"picked":"Metallicize","floor":13},{"not_picked":["Feed","Berserk"],"picked":"Demon Form","floor":16},{"not_picked":["Wild Strike","Clothesline","Dropkick+1"],"picked":"SKIP","floor":18},{"not_picked":["Havoc","Pommel Strike+1"],"picked":"Armaments","floor":21}],"player_experience":492427,"relics_obtained":[{"floor":7,"key":"Boot"},{"floor":9,"key":"Darkstone Periapt"},{"floor":10,"key":"Ancient Tea Set"},{"floor":12,"key":"Art of War"}],"event_choices":[{"damage_healed":0,"gold_gain":0,"player_choice":"Entered Light","damage_taken":16,"max_hp_gain":0,"max_hp_loss":0,"event_name":"Shining Light","floor":2,"gold_loss":0,"cards_upgraded":["Defend_R","Defend_R"]},{"damage_healed":0,"gold_gain":0,"player_choice":"Searched \u00272\u0027 times","damage_taken":0,"max_hp_gain":0,"max_hp_loss":0,"event_name":"Dead Adventurer","floor":7,"gold_loss":0},{"damage_healed":0,"gold_gain":0,"player_choice":"Ignored","damage_taken":0,"max_hp_gain":0,"max_hp_loss":0,"event_name":"Golden Idol","floor":11,"gold_loss":0},{"cards_removed":["Strike_R"],"damage_healed":0,"gold_gain":0,"player_choice":"Purged","damage_taken":0,"max_hp_gain":0,"max_hp_loss":0,"event_name":"Purifier","floor":14,"gold_loss":0},{"damage_healed":0,"gold_gain":99,"player_choice":"Stole From Cult","damage_taken":0,"max_hp_gain":0,"max_hp_loss":0,"event_name":"Nest","floor":19,"gold_loss":0},{"damage_healed":0,"gold_gain":200,"player_choice":"Gold","damage_taken":0,"max_hp_gain":0,"max_hp_loss":0,"event_name":"Wheel of Change","floor":22,"gold_loss":0}],"is_beta":false,"boss_relics":[{"not_picked":["Tiny House","Coffee Dripper"],"picked":"Black Blood"}],"items_purged_floors":[5,20],"is_endless":false,"potions_floor_spawned":[1,4,16,18,21],"killed_by":"3 Cultists","ascension_level":9}}