{"host":"f5y45f7z7ziu0smp","time":1611144480,"event":{"mods":["100% Spire Juice","AchievementEnabler","BaseMod","CapriCore","Custom Start","Marisa£¨Ùöéë¡¡Øª×âÞÞ£©","Minty Spire (QoL Compilation)","Permanent Neow","StSLib","SuperFastMode","¡¼?Úª?ø«¡½REMEMod"],"gold_per_floor":[614,614,614,614,614,614,614,614,696,696,1071,1071,1071,1033,1033,1133,1133,1148,1167,1367,1387,1111,1111,1139,1168,1217,1217,1244,1172,0,19,19,324,324,534,534,779,861,732,732,787,647,671,671,671,501,415,461,461,482,482,682,334,376,400],"floor_reached":56,"language":"KOR","playtime":923,"items_purged":["Doubt","Shame","Pain","Pain","Parasite"],"score":1631,"play_id":"b879ad65-1596-4403-a81b-70ec4103e398","local_time":"20210120210800","daily_mods":["Flight","Lethality"],"is_ascension_mode":false,"campfire_choices":[{"data":"Adaptation","floor":6,"key":"SMITH"},{"data":"Tantrum","floor":7,"key":"SMITH"},{"data":"REME_HeartOfCthun","floor":8,"key":"SMITH"},{"data":"FlurryOfBlows","floor":10,"key":"SMITH"},{"data":"REME_PuzzleBox","floor":12,"key":"SMITH"},{"data":"InnerPeace","floor":13,"key":"SMITH"},{"data":"REME_MawOfCthun","floor":15,"key":"SMITH"},{"floor":23,"key":"RECALL"},{"floor":27,"key":"REST"},{"floor":32,"key":"REST"},{"floor":40,"key":"REST"},{"floor":49,"key":"REST"},{"floor":52,"key":"REST"}],"circlet_count":0,"master_deck":["REME_PuzzleBox+1","REME_MawOfCthun+1","REME_HeartOfCthun+1","REME_CthunTheShattered+1","FlurryOfBlows+1","FlurryOfBlows+1","Tantrum+1","InnerPeace+1","Indignation+1","Adaptation+1","REME_HeartOfCthun","REME_BodyOfCthun+1","MentalFortress"],"relics":["PureWater","REME_ComplimentaryCards","REME_DuelDisc","Membership Card","REME_DemonsWealth","Old Coin","Bag of Marbles","Gremlin Horn","Medical Kit","PreservedInsect","Vajra","Whetstone","Blue Candle","Shuriken","Philosopher\u0027s Stone","Lantern","Bag of Preparation","Sling","TeardropLocket","Singing Bowl","VioletLotus","Gambling Chip","Bottled Tornado","Fusion Hammer","FossilizedHelix","HornCleat","Tiny Chest","White Beast Statue","Omamori","Bronze Scales","REME_ChargedStone","Unceasing Top","REME_ArchaeologicalTools","HandDrill","Dream Catcher","Damaru","Eternal Feather","TungstenRod","War Paint","Kunai"],"acts_visited":["Exordium","TheCity","TheBeyond","TheEnding"],"potions_floor_usage":[50,54,55,55,55,55,55],"damage_taken":[{"damage":1,"enemies":"2 Louse","floor":1,"turns":2},{"damage":0,"enemies":"The Guardian","floor":16,"turns":1},{"damage":0,"enemies":"Shell Parasite","floor":18,"turns":1},{"damage":0,"enemies":"3 Byrds","floor":19,"turns":1},{"damage":0,"enemies":"3 Cultists","floor":21,"turns":1},{"damage":0,"enemies":"Slavers","floor":24,"turns":1},{"damage":0,"enemies":"Gremlin Leader","floor":25,"turns":1},{"damage":0,"enemies":"REME_1_Revenger","floor":28,"turns":1},{"damage":0,"enemies":"Centurion and Healer","floor":31,"turns":1},{"damage":0,"enemies":"Automaton","floor":33,"turns":1},{"damage":0,"enemies":"Orb Walker","floor":35,"turns":1},{"damage":1,"enemies":"2 Orb Walkers","floor":37,"turns":1},{"damage":0,"enemies":"3 Shapes","floor":41,"turns":1},{"damage":0,"enemies":"Sphere and 2 Shapes","floor":48,"turns":1},{"damage":0,"enemies":"Time Eater","floor":50,"turns":1},{"damage":0,"enemies":"Shield and Spear","floor":54,"turns":1},{"damage":44,"enemies":"The Heart","floor":55,"turns":3}],"seed_played":"6631200451785442001","potions_obtained":[{"floor":1,"key":"StancePotion"},{"floor":25,"key":"EntropicBrew"},{"floor":28,"key":"Dexterity Potion"},{"floor":54,"key":"Fruit Juice"}],"is_trial":true,"path_per_floor":["M","?","?","?","$","R","R","R","T","R","?","R","R","$","R","B",null,"M","M","?","M","$","R","E","E","T","R","E","$","?","M","R","B",null,"M","?","?","T","$","R","M","$","T","?","T","$","$","M","R","B",null,"R","$","E","B",null],"character_chosen":"WATCHER","items_purchased":["FossilizedHelix","HornCleat","Bronze Scales","HandDrill","Dream Catcher","REME_HeartOfCthun","REME_BodyOfCthun","TungstenRod","MentalFortress","War Paint"],"campfire_rested":5,"item_purchase_floors":[22,22,29,39,42,46,47,53,53,53],"current_hp_per_floor":[71,64,52,38,38,38,38,38,38,38,38,38,38,38,38,38,72,74,74,74,74,74,74,76,78,78,78,78,78,78,78,78,78,78,78,78,77,77,77,78,80,80,80,76,76,76,76,78,80,80,80,80,77,84,40],"gold":400,"neow_bonus":"","is_daily":false,"chose_seed":false,"campfire_upgraded":7,"win_rate":0.0,"timestamp":1611144480,"path_taken":["M","?","?","?","$","R","R","R","T","R","?","R","R","?","R","BOSS","M","?","?","?","$","R","E","E","T","R","E","$","?","M","R","BOSS","M","?","?","?","$","R","?","?","T","?","?","$","$","?","R","BOSS","R","$","E","BOSS"],"items_purchased_type":["Relic","Relic","Relic","Relic","Relic","Card","Card","Relic","Card","Relic"],"build_version":"2020-12-22","purchased_purges":5,"victory":true,"max_hp_per_floor":[72,72,72,72,72,72,72,72,72,72,72,72,72,72,72,72,72,74,74,74,74,74,74,76,78,78,78,78,78,78,78,78,78,78,78,78,78,78,78,78,80,80,80,76,76,76,76,78,80,80,80,80,77,84,84],"card_choices":[{"not_picked":["WaveOfTheHand","FollowUp","FlyingSleeves"],"picked":"Writhe","floor":1},{"not_picked":["FlurryOfBlows","Evaluate","JustLucky","Clumsy"],"picked":"Singing Bowl","floor":18},{"not_picked":["Fasting2+1","FollowUp","Tantrum","Doubt"],"picked":"SKIP","floor":19},{"not_picked":["EmptyBody+1","REME_Repentance","DeceiveReality","Decay"],"picked":"SKIP","floor":21},{"not_picked":["EmptyFist","BowlingBash","REME_WorshipGod","Injury"],"picked":"Singing Bowl","floor":24},{"not_picked":["Sanctity","Fasting2","Halt","Injury"],"picked":"Singing Bowl","floor":25},{"not_picked":["LikeWater","Meditate+1","EmptyFist"],"picked":"Normality","floor":28},{"not_picked":["Halt","FlurryOfBlows","REME_Repentance"],"picked":"Doubt","floor":31},{"not_picked":["Alpha","REME_CRH","Vault"],"picked":"Shame","floor":33},{"not_picked":["FollowUp","FlurryOfBlows+1","Prostrate+1"],"picked":"Pain","floor":35},{"not_picked":["EmptyFist+1","Evaluate+1","Meditate+1"],"picked":"Pain","floor":37},{"not_picked":["Halt+1","SashWhip+1","Wireheading","Pain"],"picked":"Singing Bowl","floor":41},{"not_picked":["FollowUp","EmptyBody","ThirdEye+1","Normality"],"picked":"Singing Bowl","floor":48},{"not_picked":["BowlingBash+1","JustLucky+1","Ragnarok","Injury"],"picked":"Singing Bowl","floor":49},{"not_picked":["FollowUp","ClearTheMind+1","Halt"],"picked":"Parasite","floor":52},{"not_picked":["JustLucky+1","Consecrate+1","Pray","Pain"],"picked":"Singing Bowl","floor":54}],"player_experience":144591,"relics_obtained":[{"floor":9,"key":"Bottled Tornado"},{"floor":24,"key":"Tiny Chest"},{"floor":25,"key":"White Beast Statue"},{"floor":28,"key":"Omamori"},{"floor":37,"key":"Unceasing Top"},{"floor":38,"key":"REME_ArchaeologicalTools"},{"floor":43,"key":"Damaru"},{"floor":45,"key":"Eternal Feather"},{"floor":54,"key":"Kunai"}],"event_choices":[{"cards_removed":["Writhe"],"damage_healed":0,"gold_gain":0,"player_choice":"Card Removal","damage_taken":7,"max_hp_gain":0,"max_hp_loss":0,"event_name":"Golden Wing","floor":2,"gold_loss":0},{"damage_healed":0,"gold_gain":0,"player_choice":"Success","damage_taken":12,"relics_obtained":["Gambling Chip"],"max_hp_gain":0,"max_hp_loss":0,"event_name":"Scrap Ooze","floor":3,"gold_loss":0},{"damage_healed":0,"gold_gain":0,"player_choice":"Entered Light","damage_taken":14,"max_hp_gain":0,"max_hp_loss":0,"event_name":"Shining Light","floor":4,"gold_loss":0,"cards_upgraded":["Indignation","REME_CthunTheShattered"]},{"damage_healed":0,"gold_gain":175,"player_choice":"AGREE","damage_taken":0,"max_hp_gain":0,"max_hp_loss":0,"event_name":"Liars Game","floor":11,"gold_loss":0,"cards_obtained":["Doubt"]},{"damage_healed":0,"gold_gain":200,"player_choice":"Gold","damage_taken":0,"max_hp_gain":0,"max_hp_loss":0,"event_name":"Wheel of Change","floor":20,"gold_loss":0},{"damage_healed":0,"gold_gain":0,"player_choice":"Paid Fearfully","damage_taken":0,"max_hp_gain":0,"max_hp_loss":0,"event_name":"Masked Bandits","floor":30,"gold_loss":1172},{"cards_removed":["REME_EyeOfCthun"],"damage_healed":0,"gold_gain":0,"player_choice":"Removed Attack","damage_taken":0,"max_hp_gain":0,"max_hp_loss":0,"event_name":"Falling","floor":36,"gold_loss":0},{"damage_healed":0,"gold_gain":0,"player_choice":"Fight","damage_taken":0,"max_hp_gain":0,"max_hp_loss":0,"event_name":"Mysterious Sphere","floor":37,"gold_loss":0},{"damage_healed":0,"gold_gain":0,"player_choice":"Max HP","damage_taken":0,"max_hp_gain":0,"max_hp_loss":4,"event_name":"Winding Halls","floor":44,"gold_loss":0}],"is_beta":false,"boss_relics":[{"not_picked":["HolyWater","Coffee Dripper"],"picked":"Fusion Hammer"},{"not_picked":["SacredBark","Black Star"],"picked":"REME_ChargedStone"}],"items_purged_floors":[14,39,42,46,53],"is_endless":false,"potions_floor_spawned":[1,25,28,31,33,35,37,41,48,54],"ascension_level":0}}