{"host":"nt5s8w9te9kjrjx1","time":1611182640,"event":{"mods":["100% Spire Juice","2.2 Compatiblity","A Penny For Your Troubles","Abigail Mod","AchievementEnabler","Act Like it!","Aspiration","BaseMod","Better Altar","Better Match","Better Note","Better Sensory Stone","Better Skull","Better Third Choice","Better Vampires","Better-Laid Plans","BetterRewards","CapriCore","Card Forge","Colored Powertips","Conspire","Curses Come First","Displayed Cursed Tome","Energized Spire","Evolution","Gensokyo","Gold Saver","Good Game Mod","GungeonMod","Halation","Hallownest","Hermit","HexUI Lib","Highlight Path","HololiveMod","Hubris","Infinite Spire","Jess\u0027s Bottle","Jorbs\u0027s Wanderer Trilogy","Koishi","Luminous","Mari Mod (Legacy)","Mari\u0027s V1 Patch","Marisa????????","Marked Mod","Mimic Mod","Minty Spire (QoL Compilation)","MostiFishMod","Pale of the Ancients","Quick Restart","Rare Cards Sparkle","Reimu??????","Remilia??????","Reorder Act Four","Replay The Spire","Retaliation","Shade Mod","Small Relic Pack","Spicy Shops","Spikes Relics","Spire Arcade","StS++","StSLib","Steal the Spire","The Administrix","The Animator","The Blue Laboratory","The Caster","The Construct","The Cursed","The Gatherer","The Jungle","The Marked","The Mystic","The Necromancer","The Sage","The Servant 0.9.4","The Wild Card","TheVacant","Transform Curses","Uncapped","Virulent Crown","WarShipGirlsR/????R mod","vexMod"],"gold_per_floor":[30078,30095,29033,29047,28150,28183,28199,28216,28216,28216,28228,28253,28253,28265,28265,28361,28361,28380,28391,28406,27084,27102,27134,27144,27144,27144,27172,27172,27204,27004,27018,27018,27161,27161,27171,27202,27219,27194,24154,24154,24179,24229,24259,24323,18578,18578,18613,18635,18635,18658],"floor_reached":51,"language":"ENG","playtime":4686,"items_purged":["Looming Evil","Shade:GreaterAnimation+1"],"score":1310,"play_id":"4b459991-a4c0-4e87-90ec-013f36ad355c","local_time":"20210120224400","is_ascension_mode":false,"campfire_choices":[{"data":"Hololive_Strike","floor":15,"key":"SMITH"},{"data":"Hololive_CallManoAloe","floor":25,"key":"SMITH"},{"floor":32,"key":"REST"},{"data":"Hololive_CallTsunomakiWatame","floor":40,"key":"SMITH"},{"data":"Hololive_CallMomosuzuNene+1","floor":49,"key":"SMITH"}],"circlet_count":0,"master_deck":["Hololive_Strike+1","Hololive_Strike+1","Hololive_Defend+1","Hololive_Defend+1","Hololive_OvertimeWork+1","Hololive_CallTokoyamiTowa+1","Hololive_CallFriendA+1","Hololive_CallAmaneKanata+1","Hololive_CallNatsuiroMatsuri+1","Hololive_CallNekomataOkayu+1","Eruption+1","Hololive_LuckPotion+1","Hololive_SummonFox+1","Hololive_CallHoshimachiSuisei+1","MostiFishMod:ButterFly+1","MostiFishMod:Galeforce+1","Hololive_OvertimeWork+1","Hololive_LuckPotion+1","Hololive_Yoholoon+1","Hololive_OvertimeWork+1","Hololive_CallMurasakiShion+1","Hololive_CallArtia+1","Hololive_Trident+1","Hololive_SoulCatcher+1","Hololive_IdolExercise+1","Hololive_LuckPotion+1","Hololive_FlareMind+1","Hololive_AWSL","Hololive_Breathe+1","Hololive_CallTsunomakiWatame+1","Hololive_RevenueBasedLive+1","Hololive_CallShirakamiFubuki+1","Hololive_CallManoAloe+1","Hololive_LuckPotion+1","Hololive_FlyingPonyTail+1","ReplayTheSpireMod:Black Plague+1","Hololive_Rebound+1","conspire:SpireCoStock+1","conspire:SpireCoStock+1","conspire:SpireCoStock+1","conspire:SpireCoStock+1","Hololive_OvertimeWork+1","Hololive_Thief+1","Hololive_CallAyundaRisu+1","Hololive_CallTsunomakiWatame+1","Hololive_CallShiranuiFlare+1","Hololive_OvertimeWork+1","Hololive_OvertimeWork+1","Hololive_Breathe+1","Hololive_LuckPotion+1","Hololive_LuckPotion+1","Hololive_FlyingPonyTail+1","Hololive_Sequa+1","Hololive_CallShirakamiFubuki+1","Hololive_MaximGun+1","Hololive_Breathe+1","Metamorphosis+1","Hololive_CallMurasakiShion+1","Hololive_CallOmaruPolka+1","Hololive_CallMinatoAqua+1","Hololive_CallKiryuuCoco+1","Hololive_CallMomosuzuNene+2","Hololive_CallShishiroBotan+1","Hololive_CallTokoyamiTowa+1","Hololive_CallOzoraSubaru+1","Hololive_CallUsadaPekora+1","Hololive_CallYuzukiChoco+1","Hololive_SummonFox+1","Hololive_CallMinatoAqua+1","Hololive_CallAZKi+1"],"relics":["Hololive_TheStar","Hammer of Thor","Seething Fire","Anvil of the Gods","EVO:Axolotl","DaveBox","REME:ComplimentaryCards","Jackal-EndForJourney","SynthV:TestCard","aspiration:HummingbirdHeart","Darkstone Periapt","ReplayTheSpireMod:CursedCoin","vexMod:FocusSash","hubris:TinFlute","ReplayTheSpireMod:Lightbulb","vexMod:Cooldron","infinitespire:Lucky Rock","Smiling Mask","DemoMod:GlassGuonStoneRelic","infinitespire:WardingShard","StSpp:GiftCard","MariMod:MariFestivalBadge","Gambling Chip","Durian","Dodecahedron","vexMod:PaidLearning","DemoMod:MonsterBlood","CrazyTorch:ReiMu","Centennial Puzzle","The Courier","InkBottle","relicPack:KazumaCape","hubris:TenFootPole","RuthlessExorcism:ReiMu","Medical Kit","halation:AfternoonTea","TentaclePot:ReiMu","LugNut","Pocketwatch","Kunai","Boot","infinitespire:EmpoweringShard","Happy Flower","RollingBoulder","Whetstone","DemoMod:WhiteGuonStone","Mastiff:ReiMu","hubris:Potato","Blue Doll","Chameleon Ring","RetroEgg","Pet Ghost","Iron Hammer","infinitespire:Joker Card","vexMod:PlasmaPancake","aspiration:VileToxins","Dream Catcher","infinitespire:Satchel","Eternal Feather","Hololive_LightStick","Oddly Smooth Stone","Replay:Lucky Slots","vexMod:MemoryStick","halation:BlackBeret","War Paint","Lantern","Replay:Wax Seal","DemoMod:ClearGuonStone","Vajra","Gremlin Food","halation:PrussianBluePaint","StSpp:PetrifiedCaterpillar","Du-Vu Doll","halation:IllGainedPizza","DemoMod:Metronome","Orichalcum","conspire:DecoderRing","ReplayFunnel","Bag of Marbles","SynthV","relicPack:DarknessArmor","ReplayTheSpireMod:TigerMarble","Frozen Egg 2","Bag of Preparation","Replay:WaspNest","Pen Nib","ShockBauble","infinitespire:Midas Blood","SynthV:C4"],"acts_visited":["Exordium","TheCity","TheBeyond"],"potions_floor_usage":[],"damage_taken":[{"damage":8,"enemies":"infinitespire:Voidling","floor":1,"turns":5},{"damage":1,"enemies":"Jaw Worm","floor":2,"turns":3},{"damage":0,"enemies":"2 Louse","floor":4,"turns":2},{"damage":5,"enemies":"Lagavulin","floor":6,"turns":5},{"damage":0,"enemies":"2 Fungi Beasts","floor":7,"turns":2},{"damage":0,"enemies":"Red Slaver","floor":8,"turns":2},{"damage":0,"enemies":"3 Louse","floor":11,"turns":2},{"damage":0,"enemies":"3 Sentries","floor":12,"turns":4},{"damage":0,"enemies":"Blue Slaver","floor":14,"turns":2},{"damage":0,"enemies":"Slime Boss","floor":16,"turns":4},{"damage":0,"enemies":"3 Byrds","floor":18,"turns":3},{"damage":0,"enemies":"Spheric Guardian","floor":19,"turns":2},{"damage":0,"enemies":"Snecko","floor":20,"turns":3},{"damage":0,"enemies":"Snake Plant","floor":22,"turns":2},{"damage":0,"enemies":"Gremlin Leader","floor":23,"turns":3},{"damage":0,"enemies":"3 Cultists","floor":24,"turns":3},{"damage":0,"enemies":"Centurion and Healer","floor":27,"turns":3},{"damage":0,"enemies":"Nightmare","floor":29,"turns":3},{"damage":0,"enemies":"Sentry and Sphere","floor":31,"turns":3},{"damage":0,"enemies":"Champ","floor":33,"turns":4},{"damage":0,"enemies":"Orb Walker","floor":35,"turns":1},{"damage":0,"enemies":"3 Darklings","floor":36,"turns":3},{"damage":0,"enemies":"Sphere and 2 Shapes","floor":37,"turns":1},{"damage":0,"enemies":"Giant Head","floor":41,"turns":4},{"damage":0,"enemies":"Mind Bloom Boss Battle","floor":42,"turns":3},{"damage":0,"enemies":"4 Shapes","floor":43,"turns":3},{"damage":0,"enemies":"4 Shapes","floor":44,"turns":2},{"damage":0,"enemies":"3 Darklings","floor":47,"turns":1},{"damage":0,"enemies":"Writhing Mass","floor":48,"turns":1},{"damage":0,"enemies":"Awakened One","floor":50,"turns":5}],"seed_played":"3953257120132004454","potions_obtained":[{"floor":6,"key":"EntropicBrew"},{"floor":7,"key":"EntropicBrew"},{"floor":11,"key":"EntropicBrew"}],"is_trial":false,"path_per_floor":["M","M","$","M","$","E","M","M","T","?","M","E","?","M","R","B",null,"M","M","M","$","M","E","M","R","T","M","?","NM","?","M","R","B",null,"M","M","M","?","$","R","E","?","MIM","M","$","?","M","M","R","B",null],"character_chosen":"Hololive_HololiveCharacter","items_purchased":["aspiration:HummingbirdHeart","Darkstone Periapt","ReplayTheSpireMod:CursedCoin","vexMod:FocusSash","Hololive_CallHoshimachiSuisei","MostiFishMod:ButterFly","MostiFishMod:Galeforce","hubris:TinFlute","ReplayTheSpireMod:Lightbulb","vexMod:Cooldron","infinitespire:Lucky Rock","Hololive_LuckPotion","Hololive_Yoholoon","Hololive_OvertimeWork","Gambling Chip","Durian","Dodecahedron","vexMod:PaidLearning","DemoMod:MonsterBlood","CrazyTorch:ReiMu","Hololive_RevenueBasedLive","hubris:TenFootPole","RuthlessExorcism:ReiMu","Medical Kit","halation:AfternoonTea","TentaclePot:ReiMu","LugNut","Hololive_OvertimeWork","Hololive_OvertimeWork","Hololive_Breathe","Hololive_LuckPotion","Hololive_LuckPotion","Hololive_FlyingPonyTail","Pocketwatch","Kunai","Boot","infinitespire:EmpoweringShard","Happy Flower","RollingBoulder","Whetstone","DemoMod:WhiteGuonStone","Mastiff:ReiMu","hubris:Potato","Blue Doll","Chameleon Ring","RetroEgg","Pet Ghost","aspiration:VileToxins","Dream Catcher","infinitespire:Satchel","Eternal Feather","Hololive_LightStick","Oddly Smooth Stone","Replay:Lucky Slots","vexMod:MemoryStick","halation:BlackBeret","War Paint","Lantern","Replay:Wax Seal","DemoMod:ClearGuonStone","Vajra","Gremlin Food","halation:PrussianBluePaint","StSpp:PetrifiedCaterpillar","Du-Vu Doll","halation:IllGainedPizza","DemoMod:Metronome","Orichalcum","conspire:DecoderRing","ReplayFunnel","Bag of Marbles","SynthV","relicPack:DarknessArmor","ReplayTheSpireMod:TigerMarble","Frozen Egg 2","Bag of Preparation","Replay:WaspNest","Pen Nib","ShockBauble","infinitespire:Midas Blood","SynthV:C4","Metamorphosis+1","Hololive_CallMurasakiShion+1","Hololive_CallOmaruPolka+1","Hololive_CallMinatoAqua+1","Hololive_CallKiryuuCoco+1","Hololive_CallMomosuzuNene+1","Hololive_CallShishiroBotan+1","Hololive_CallTokoyamiTowa+1","Hololive_CallOzoraSubaru+1","Hololive_CallUsadaPekora+1","Hololive_CallYuzukiChoco+1","Hololive_SummonFox"],"campfire_rested":1,"item_purchase_floors":[3,3,3,3,3,3,3,5,5,5,5,5,5,5,21,21,21,21,21,21,21,39,39,39,39,39,39,39,39,39,39,39,39,39,39,39,39,39,39,39,39,39,39,39,39,39,39,45,45,45,45,45,45,45,45,45,45,45,45,45,45,45,45,45,45,45,45,45,45,45,45,45,45,45,45,45,45,45,45,45,45,45,45,45,45,45,45,45,45,45,45,45,45],"current_hp_per_floor":[30,29,35,39,39,44,44,44,44,49,49,49,49,49,49,49,49,49,50,51,63,64,65,66,66,66,67,67,68,68,69,69,70,70,71,72,73,73,73,73,74,75,82,83,83,83,84,85,85,86],"gold":18658,"neow_bonus":"TEN_PERCENT_HP_BONUS","is_daily":false,"chose_seed":false,"campfire_upgraded":4,"win_rate":0.0,"timestamp":1611182640,"path_taken":["M","M","$","?","$","E","M","M","T","?","M","E","?","M","R","BOSS","M","M","M","$","M","E","M","R","T","M","?","NM","?","M","R","BOSS","M","M","M","?","$","R","E","?","MIM","?","?","?","?","M","R","BOSS"],"items_purchased_type":["Relic","Relic","Relic","Relic","Card","Card","Card","Relic","Relic","Relic","Relic","Card","Card","Card","Relic","Relic","Relic","Relic","Relic","Relic","Card","Relic","Relic","Relic","Relic","Relic","Relic","Card","Card","Card","Card","Card","Card","Relic","Relic","Relic","Relic","Relic","Relic","Relic","Relic","Relic","Relic","Relic","Relic","Relic","Relic","Relic","Relic","Relic","Relic","Relic","Relic","Relic","Relic","Relic","Relic","Relic","Relic","Relic","Relic","Relic","Relic","Relic","Relic","Relic","Relic","Relic","Relic","Relic","Relic","Relic","Relic","Relic","Relic","Relic","Relic","Relic","Relic","Relic","Relic","Card","Card","Card","Card","Card","Card","Card","Card","Card","Card","Card","Card"],"build_version":"2020-12-22","purchased_purges":2,"victory":true,"max_hp_per_floor":[38,38,44,44,44,44,44,44,44,49,49,49,49,49,49,49,49,49,50,51,63,64,65,66,66,66,67,67,68,68,69,69,70,70,71,72,73,73,73,73,74,75,82,83,83,83,84,85,85,86],"card_choices":[{"not_picked":["Hololive_CallKiryuuCoco","Hololive_Rebound","Hololive_HuntDinosaur"],"picked":"Hololive_LuckPotion","floor":1},{"not_picked":["Hololive_CocoNews","Hololive_Drill","Hololive_LuckPotion","Hololive_Trident","Hololive_HuntDinosaur"],"picked":"Hololive_SummonFox","floor":2},{"not_picked":["Hololive_HuntDinosaur","Hololive_StrengthChampion","Hololive_HighAtkLowDef","Hololive_SoulCatcher","Hololive_CallMoonaHoshinova"],"picked":"Hololive_OvertimeWork","floor":4},{"not_picked":["Hololive_CallDoris","Hololive_Thief","Hololive_HuntDinosaur","Hololive_SoulCatcher","Hololive_CallTokinoSora"],"picked":"Hololive_CallMurasakiShion","floor":6},{"not_picked":["Hololive_HuntDinosaur","Hololive_Teleport","Hololive_DevilCharm","Hololive_Trident","Hololive_CandyCastle"],"picked":"Hololive_CallArtia","floor":7},{"not_picked":["Hololive_CocoNews","Hololive_LuckPotion","Hololive_ScarfAndHalo","Hololive_CallSpadeEcho","Hololive_CallAkaiHaato"],"picked":"Hololive_Trident","floor":8},{"not_picked":["Hololive_Psychosis","Hololive_Drill","Hololive_CallAyundaRisu","Hololive_FlyingPonyTail","Hololive_ManjiGathering"],"picked":"Hololive_SoulCatcher","floor":11},{"not_picked":["Hololive_Teleport","Hololive_Rebound","Hololive_WolfAndLamb","Hololive_StrengthChampion","Hololive_CocoNews"],"picked":"Hololive_IdolExercise","floor":12},{"not_picked":["Hololive_HuntDinosaur","Hololive_CallNatsuiroMatsuri","Hololive_Psychosis","Hololive_CallAiraniIofifteen","Hololive_CallAZKi"],"picked":"Hololive_LuckPotion","floor":14},{"not_picked":["Hololive_ASMR","Hololive_StarCraft","Hololive_DDD","Hololive_WolfAndLamb","Hololive_IdolExercise"],"picked":"Hololive_FlareMind","floor":16},{"not_picked":["Hololive_Trident+1","Hololive_Yoholoon","Hololive_HuntDinosaur","Hololive_CallRosalyn+1","Hololive_Sequa"],"picked":"Hololive_AWSL","floor":18},{"not_picked":["Hololive_HuntDinosaur+1","Hololive_ILoveYou","Hololive_Drill","Hololive_RevenueBasedLive","Hololive_CallDoris"],"picked":"Hololive_Breathe","floor":19},{"not_picked":["Hololive_CallYogiri","Hololive_CallShishiroBotan+1","Hololive_CallAZKi","Hololive_Rebound","Hololive_DevilCharm"],"picked":"Hololive_CallTsunomakiWatame","floor":20},{"not_picked":["Hololive_CocoNews","Hololive_Psychosis","Hololive_Breathe","Hololive_RevenueBasedLive","Hololive_StrengthChampion"],"picked":"Hololive_CallShirakamiFubuki","floor":22},{"not_picked":["Hololive_CocoNews","Hololive_Rebound","Hololive_CallYuzukiChoco","Hololive_LuckPotion","Hololive_Trident"],"picked":"Hololive_CallManoAloe","floor":23},{"not_picked":["Hololive_RevenueBasedLive","Hololive_Sequa+1","Hololive_FlyingPonyTail+1","Hololive_CallNakiriAyame+1","Hololive_Psychosis"],"picked":"Hololive_LuckPotion","floor":24},{"not_picked":["Hololive_CallMurasakiShion","Hololive_CocoNews","Hololive_Drill+1","Hololive_OvertimeWork","Hololive_Watashimo+1"],"picked":"Hololive_FlyingPonyTail+1","floor":27},{"not_picked":["hubris:Rewind","ReplayTheSpireMod:Chaos Vortex"],"picked":"ReplayTheSpireMod:Black Plague","floor":29},{"not_picked":["Hololive_CocoNews+1","Hololive_StrengthChampion","Hololive_Drill","Hololive_FlyingPonyTail","Hololive_CallShiroganeNoel"],"picked":"Hololive_Rebound+1","floor":29},{"not_picked":["Hololive_Rebound","Hololive_CallKiryuuCoco","Hololive_Drill","Hololive_CallYukihanaLamy","Hololive_CallMurasakiShion"],"picked":"Hololive_OvertimeWork","floor":31},{"not_picked":["Hololive_DDD","Hololive_StarCraft","Hololive_WolfAndLamb","Hololive_IdolExercise","Hololive_Nanodesu"],"picked":"Hololive_Thief","floor":33},{"not_picked":["Hololive_Sequa+1","Hololive_HuntDinosaur","Hololive_Breathe+1","Hololive_CallAkaiHaato+1","Hololive_Rebound"],"picked":"Hololive_CallAyundaRisu+1","floor":35},{"not_picked":["Hololive_RevenueBasedLive","Hololive_CocoNews+1","Hololive_StrengthChampion","Hololive_CallManoAloe","Hololive_Sequa+1"],"picked":"Hololive_CallTsunomakiWatame","floor":36},{"not_picked":["Hololive_RevenueBasedLive","Hololive_ScarfAndHalo","Hololive_Breathe","Hololive_CallNekomataOkayu+1","Hololive_Trident+1"],"picked":"Hololive_CallShiranuiFlare+1","floor":37},{"not_picked":["Hololive_CallMurasakiShion","Hololive_Drill","Hololive_FlyingPonyTail","Hololive_Breathe","Hololive_Trident+1"],"picked":"Hololive_Sequa","floor":41},{"not_picked":["Hololive_RevenueBasedLive+1","Hololive_Psychosis","Hololive_CallFriendA+1","Hololive_CallAkiRosenthal","Hololive_CallKiryuuCoco"],"picked":"Hololive_CallShirakamiFubuki","floor":42},{"not_picked":["Hololive_CallAkaiHaato","Hololive_CocoNews+1","Hololive_BringToTrial","Hololive_CallInugamiKorone","Hololive_Teleport+1"],"picked":"Hololive_MaximGun","floor":43},{"not_picked":["Hololive_CallShirakamiFubuki","Hololive_Rebound","Hololive_StrengthChampion+1","Hololive_LuckPotion+1","Hololive_RevenueBasedLive"],"picked":"Hololive_Breathe+1","floor":44},{"not_picked":["Hololive_Trident+1","Hololive_HuntDinosaur","Hololive_CallNakiriAyame+1","Hololive_Sequa+1","Hololive_CallManoAloe+1"],"picked":"Hololive_CallMinatoAqua+1","floor":47},{"not_picked":["Hololive_Teleport+1","Hololive_CocoNews+1","Hololive_StrengthChampion+1","Hololive_CallInugamiKorone+1","Hololive_ScarfAndHalo"],"picked":"Hololive_CallAZKi+1","floor":48}],"player_experience":184366,"relics_obtained":[{"floor":1,"key":"SynthV:TestCard"},{"floor":6,"key":"Smiling Mask"},{"floor":9,"key":"infinitespire:WardingShard"},{"floor":12,"key":"StSpp:GiftCard"},{"floor":23,"key":"Centennial Puzzle"},{"floor":26,"key":"The Courier"},{"floor":29,"key":"InkBottle"},{"floor":41,"key":"Iron Hammer"},{"floor":42,"key":"infinitespire:Joker Card"},{"floor":43,"key":"vexMod:PlasmaPancake"}],"event_choices":[{"damage_healed":0,"gold_gain":0,"player_choice":"Donut","damage_taken":0,"max_hp_gain":5,"max_hp_loss":0,"event_name":"Big Fish","floor":10,"gold_loss":0},{"cards_removed":["Hololive_LuckPotion"],"damage_healed":0,"gold_gain":0,"player_choice":"Give","damage_taken":0,"max_hp_gain":0,"max_hp_loss":0,"event_name":"betterNote:BetterNote","floor":28,"gold_loss":0,"cards_obtained":["None"]},{"damage_healed":0,"gold_gain":0,"player_choice":"Invest 4","damage_taken":0,"max_hp_gain":0,"max_hp_loss":0,"event_name":"conspire:Investor","floor":30,"gold_loss":0},{"damage_healed":0,"gold_gain":0,"player_choice":"Fight","damage_taken":0,"max_hp_gain":0,"max_hp_loss":0,"event_name":"MindBloom","floor":42,"gold_loss":0},{"damage_healed":0,"gold_gain":0,"player_choice":"Upgraded","damage_taken":0,"max_hp_gain":0,"max_hp_loss":0,"event_name":"Upgrade Shrine","floor":46,"gold_loss":0,"cards_upgraded":["Hololive_SummonFox"]}],"is_beta":false,"boss_relics":[{"not_picked":["Hololive_TopUpMoneyS","energizedSpire:RedRose"],"picked":"MariMod:MariFestivalBadge"},{"not_picked":["halation:CatFaceCupcake","Velvet Choker"],"picked":"relicPack:KazumaCape"}],"items_purged_floors":[3,45],"is_endless":false,"potions_floor_spawned":[6,7,11,12,22,23,27,33,37,42,44],"ascension_level":0}}