{"host":"65a95dzim48ko8ke","time":1611141958,"event":{"mods":["Astrologer","BaseMod","Colored Powertips","Minty Spire (QoL Compilation)","Permanent Neow","Quick Restart","Rare Cards Sparkle","Replay The Spire","StSLib"],"gold_per_floor":[115,115,115,128,128,198,236,236,236,256,256,256],"floor_reached":11,"language":"ENG","playtime":366,"items_purged":[],"score":88,"play_id":"796b0226-2c04-49eb-94c1-68b6efaf1c1f","local_time":"20210120202558","is_ascension_mode":true,"campfire_choices":[{"data":"astrologer:Observe","floor":8,"key":"SMITH"}],"circlet_count":0,"master_deck":["astrologer:Strike","astrologer:Strike","astrologer:Strike","astrologer:Defend","astrologer:Defend","astrologer:Defend","astrologer:Defend","astrologer:NorthStar","astrologer:TheFool","astrologer:StarOfRegret","astrologer:MeteorShower","astrologer:Observe+1","astrologer:Conjunction","astrologer:Still"],"relics":["Velvet Choker","Golden Idol","SsserpentHead","Frozen Egg 2","Darkstone Periapt"],"acts_visited":["Exordium"],"potions_floor_usage":[7,11,11],"damage_taken":[{"damage":0,"enemies":"Jaw Worm","floor":1,"turns":3},{"damage":0,"enemies":"Small Slimes","floor":4,"turns":3},{"damage":0,"enemies":"Cultist","floor":6,"turns":4},{"damage":29,"enemies":"Lagavulin","floor":7,"turns":8},{"damage":0,"enemies":"Blue Slaver","floor":10,"turns":4},{"damage":24,"enemies":"Gremlin Nob","floor":11,"turns":4}],"seed_played":"1163361193053063609","potions_obtained":[{"floor":4,"key":"Dexterity Potion"},{"floor":6,"key":"DuplicationPotion"},{"floor":10,"key":"SpeedPotion"}],"is_trial":false,"path_per_floor":["M","?","?","M","?","M","E","R","T","M","E"],"character_chosen":"ASTROLOGER","items_purchased":[],"campfire_rested":0,"item_purchase_floors":[],"current_hp_per_floor":[70,53,53,53,53,53,24,24,24,24,0,0],"gold":256,"neow_bonus":"BOSS_RELIC","is_daily":false,"chose_seed":false,"campfire_upgraded":1,"win_rate":0.0,"timestamp":1611141958,"path_taken":["M","?","?","?","?","?","E","R","T","M","E"],"items_purchased_type":[],"build_version":"2020-12-22","purchased_purges":0,"victory":false,"max_hp_per_floor":[70,70,70,70,70,70,70,70,70,70,70,70],"card_choices":[{"not_picked":["astrologer:Moonlight","astrologer:ReadTheStars"],"picked":"astrologer:StarOfRegret","floor":1},{"not_picked":["astrologer:Eclipse","astrologer:Radiance"],"picked":"astrologer:MeteorShower","floor":4},{"not_picked":["astrologer:FrozenStar","astrologer:Sunrise"],"picked":"astrologer:Observe","floor":6},{"not_picked":["astrologer:Eclipse","astrologer:GlassStar"],"picked":"astrologer:Conjunction","floor":7},{"not_picked":["astrologer:SolarFlare","astrologer:TheHierophant"],"picked":"astrologer:Still","floor":10}],"player_experience":325347,"relics_obtained":[{"floor":7,"key":"Frozen Egg 2"},{"floor":9,"key":"Darkstone Periapt"}],"event_choices":[{"damage_healed":0,"gold_gain":0,"player_choice":"Take Damage","damage_taken":17,"relics_obtained":["Golden Idol"],"max_hp_gain":0,"max_hp_loss":0,"event_name":"Golden Idol","floor":2,"gold_loss":0},{"cards_removed":["astrologer:Strike"],"damage_healed":0,"gold_gain":0,"player_choice":"Offered Basic","damage_taken":0,"max_hp_gain":0,"max_hp_loss":0,"event_name":"Bonfire Elementals","floor":3,"gold_loss":0},{"damage_healed":0,"gold_gain":0,"player_choice":"Trade","damage_taken":0,"relics_obtained":["SsserpentHead"],"max_hp_gain":0,"max_hp_loss":0,"event_name":"FaceTrader","floor":5,"gold_loss":0}],"is_beta":false,"boss_relics":[],"items_purged_floors":[],"is_endless":false,"potions_floor_spawned":[4,6,10],"killed_by":"Gremlin Nob","ascension_level":4}}