{"host":"c2vrdknshfutmcsq","time":1611177056,"event":{"mods":["BaseMod","Minty Spire (QoL Compilation)"],"gold_per_floor":[110,110,130,130,55,55,86,99,180,0,11,86,86,111,111,184,184,202,202,27,40,53,53,86,106,130,142,142],"floor_reached":27,"language":"ENG","playtime":1860,"items_purged":["Strike_B","Strike_B"],"score":505,"play_id":"ea03b2c8-b23a-4cc2-aafb-9fe3e26cd49d","local_time":"20210120221056","is_ascension_mode":true,"campfire_choices":[{"data":"Zap","floor":6.0,"key":"SMITH"},{"data":"Reinforced Body","floor":13.0,"key":"SMITH"},{"floor":15.0,"key":"REST"},{"floor":23.0,"key":"REST"}],"circlet_count":0,"master_deck":["AscendersBane","Strike_B","Strike_B","Defend_B","Defend_B","Defend_B","Defend_B","Zap+1","Dualcast+1","Aggregate","Compile Driver","Reinforced Body+1","Core Surge","Rip and Tear","Ball Lightning","Chill","All For One","Ball Lightning","Lockon","Genetic Algorithm","Defragment","Melter","Beam Cell+1","Hologram+1"],"relics":["Cracked Core","NeowsBlessing","CultistMask","Toy Ornithopter","HornCleat","Potion Belt","Inserter","Nilry\u0027s Codex","Molten Egg 2","MawBank"],"acts_visited":["Exordium","TheCity"],"potions_floor_usage":[24,24,24],"damage_taken":[{"damage":0.0,"enemies":"Small Slimes","floor":1.0,"turns":1.0},{"damage":0.0,"enemies":"Cultist","floor":3.0,"turns":1.0},{"damage":0.0,"enemies":"3 Sentries","floor":7.0,"turns":1.0},{"damage":0.0,"enemies":"2 Louse","floor":8.0,"turns":3.0},{"damage":0.0,"enemies":"Looter","floor":11.0,"turns":3.0},{"damage":17.0,"enemies":"Gremlin Nob","floor":14.0,"turns":4.0},{"damage":21.0,"enemies":"The Guardian","floor":16.0,"turns":12.0},{"damage":0.0,"enemies":"Spheric Guardian","floor":18.0,"turns":3.0},{"damage":17.0,"enemies":"2 Thieves","floor":21.0,"turns":3.0},{"damage":20.0,"enemies":"Cultist and Chosen","floor":22.0,"turns":6.0},{"damage":48,"enemies":"Gremlin Leader","floor":24,"turns":9},{"damage":7,"enemies":"Snecko","floor":25,"turns":4},{"damage":31,"enemies":"Book of Stabbing","floor":27,"turns":3}],"seed_played":"-2647962526007593899","potions_obtained":[{"floor":7.0,"key":"Regen Potion"},{"floor":11.0,"key":"Strength Potion"},{"floor":14.0,"key":"LiquidMemories"},{"floor":16.0,"key":"PowerPotion"},{"floor":18.0,"key":"AttackPotion"},{"floor":21.0,"key":"Explosive Potion"},{"floor":22.0,"key":"Regen Potion"},{"floor":25,"key":"Ancient Potion"}],"is_trial":false,"path_per_floor":["M","?","M","?","$","R","E","M","T","$","M","?","R","E","R","B",null,"M","?","$","M","M","R","E","M","T","E"],"character_chosen":"DEFECT","items_purchased":["Rip and Tear","Lockon","Genetic Algorithm"],"campfire_rested":2,"item_purchase_floors":[10,20,20],"current_hp_per_floor":[64,64,64,64,64,64,64,64,64,64,64,53,53,36,57,36,62,67,46,46,34,19,40,36,29,29,0,0],"gold":142,"neow_bonus":"THREE_ENEMY_KILL","is_daily":false,"chose_seed":false,"campfire_upgraded":2,"win_rate":0.0,"timestamp":1611177056,"path_taken":["M","?","M","?","$","R","E","M","T","$","?","?","R","E","R","BOSS","M","?","$","M","M","R","E","M","T","E"],"items_purchased_type":["Card","Card","Card"],"build_version":"2020-12-22","purchased_purges":2,"victory":false,"max_hp_per_floor":[71,71,71,71,71,71,71,71,71,71,71,71,71,71,71,71,71,71,71,71,71,71,71,71,71,71,71,71],"card_choices":[{"not_picked":["Redo","Compile Driver"],"picked":"Aggregate","floor":1.0},{"not_picked":["Go for the Eyes","Beam Cell"],"picked":"Compile Driver","floor":3.0},{"not_picked":["Defragment","Compile Driver"],"picked":"Reinforced Body","floor":7.0},{"not_picked":["Leap","Compile Driver"],"picked":"Core Surge","floor":8.0},{"not_picked":["Stack","Reinforced Body"],"picked":"Ball Lightning","floor":11.0},{"not_picked":["Steam Power","Consume"],"picked":"Chill","floor":14.0},{"not_picked":["Rainbow","Amplify"],"picked":"All For One","floor":16.0},{"not_picked":["Streamline","Coolheaded"],"picked":"Ball Lightning","floor":18.0},{"not_picked":["Fusion","Hologram+1"],"picked":"Defragment","floor":21.0},{"not_picked":["Leap","Rip and Tear"],"picked":"Melter","floor":22.0},{"not_picked":["Gash+1","Hyperbeam+1"],"picked":"Beam Cell+1","floor":24},{"not_picked":["Reinforced Body","Redo"],"picked":"Hologram+1","floor":25}],"player_experience":1290314,"relics_obtained":[{"floor":7.0,"key":"Toy Ornithopter"},{"floor":9.0,"key":"HornCleat"},{"floor":14.0,"key":"Potion Belt"},{"floor":19.0,"key":"Nilry\u0027s Codex"},{"floor":24,"key":"Molten Egg 2"},{"floor":26,"key":"MawBank"}],"event_choices":[{"damage_healed":0.0,"max_hp_gain":0.0,"max_hp_loss":0.0,"gold_gain":0.0,"event_name":"Living Wall","player_choice":"Grow","floor":2.0,"gold_loss":0.0,"damage_taken":0.0,"cards_upgraded":["Dualcast"]},{"damage_healed":0.0,"max_hp_gain":0.0,"max_hp_loss":0.0,"gold_gain":0.0,"event_name":"FaceTrader","player_choice":"Trade","floor":4.0,"gold_loss":0.0,"damage_taken":0.0,"relics_obtained":["CultistMask"]},{"damage_healed":0.0,"max_hp_gain":0.0,"max_hp_loss":0.0,"gold_gain":75.0,"event_name":"World of Goop","player_choice":"Gather Gold","floor":12.0,"gold_loss":0.0,"damage_taken":11.0},{"damage_healed":0.0,"max_hp_gain":0.0,"max_hp_loss":0.0,"gold_gain":0.0,"event_name":"Cursed Tome","player_choice":"Obtained Book","floor":19.0,"gold_loss":0.0,"damage_taken":21.0}],"is_beta":false,"boss_relics":[{"not_picked":["Astrolabe","Coffee Dripper"],"picked":"Inserter"}],"items_purged_floors":[5,10],"is_endless":false,"potions_floor_spawned":[7,11,14,16,18,21,22,25],"killed_by":"Book of Stabbing","ascension_level":18}}