{"host":"z9mq1tf06lkrncmk","time":1611168225,"event":{"mods":["BaseMod","Downfall","Minty Spire (QoL Compilation)","StSLib"],"gold_per_floor":[119,194,39,54,54,89,89,100,100,100,100,113,145,160,160,263,313,328,328,360,360,340,340,373,391,391,391,391,411,421,336,336,441,441,453,470,470,488,498,498,532,543,543,543,360,371,385,402,402,402,402],"floor_reached":50,"language":"ENG","playtime":4067,"items_purged":["Strike_P","Strike_P"],"score":664,"play_id":"975e6d7d-6319-4f24-9a6c-c0cb709d62a9","local_time":"20210120134345","is_ascension_mode":true,"campfire_choices":[{"floor":7,"key":"REST"},{"data":"PathToVictory","floor":10,"key":"SMITH"},{"floor":15,"key":"REST"},{"floor":23,"key":"REST"},{"data":"DevaForm","floor":28,"key":"SMITH"},{"floor":32,"key":"REST"},{"floor":40,"key":"REST"},{"floor":44,"key":"REST"},{"data":"PathToVictory","floor":49,"key":"SMITH"}],"circlet_count":0,"master_deck":["Strike_P","Strike_P","Defend_P","Defend_P","Defend_P","Defend_P","Eruption+1","Vigilance","CrushJoints+1","BattleHymn","PathToVictory+1","PathToVictory+1","Meditate+1","DevaForm+1","DeusExMachina+1","Fasting2","Evaluate+1","Ghostly+1","Ghostly+1","Ghostly+1","Ghostly+1","Ghostly+1","ForeignInfluence+1"],"relics":["PureWater","Lizard Tail","Nunchaku","Toxic Egg 2","Toy Ornithopter","Tiny House","Red Mask","The Courier","Shuriken","Mummified Hand","SlaversCollar","Akabeko","Bag of Marbles"],"acts_visited":["Exordium","TheCity","TheBeyond"],"potions_floor_usage":[6,13,18,20,24,30,33,33,36,39,41,46,48,50,50],"damage_taken":[{"damage":0,"enemies":"Small Slimes","floor":1,"turns":3},{"damage":0,"enemies":"2 Louse","floor":4,"turns":2},{"damage":17,"enemies":"Lagavulin","floor":6,"turns":5},{"damage":7,"enemies":"Jaw Worm","floor":8,"turns":2},{"damage":0,"enemies":"2 Fungi Beasts","floor":12,"turns":3},{"damage":0,"enemies":"Gremlin Nob","floor":13,"turns":2},{"damage":13,"enemies":"Large Slime","floor":14,"turns":5},{"damage":41,"enemies":"Hexaghost","floor":16,"turns":8},{"damage":11,"enemies":"Spheric Guardian","floor":18,"turns":3},{"damage":62,"enemies":"Masked Bandits","floor":20,"turns":5},{"damage":1,"enemies":"2 Thieves","floor":22,"turns":4},{"damage":3,"enemies":"Book of Stabbing","floor":24,"turns":4},{"damage":1,"enemies":"Shelled Parasite and Fungi","floor":25,"turns":5},{"damage":1,"enemies":"Snecko","floor":29,"turns":4},{"damage":1,"enemies":"Centurion and Healer","floor":30,"turns":6},{"damage":48,"enemies":"Automaton","floor":33,"turns":9},{"damage":9,"enemies":"Orb Walker","floor":35,"turns":3},{"damage":3,"enemies":"3 Shapes","floor":36,"turns":6},{"damage":2,"enemies":"Maw","floor":38,"turns":6},{"damage":28,"enemies":"4 Shapes","floor":39,"turns":5},{"damage":0,"enemies":"Reptomancer","floor":41,"turns":5},{"damage":2,"enemies":"Transient","floor":42,"turns":5},{"damage":1,"enemies":"Writhing Mass","floor":46,"turns":7},{"damage":4,"enemies":"Spire Growth","floor":47,"turns":5},{"damage":4,"enemies":"4 Shapes","floor":48,"turns":8},{"damage":52,"enemies":"Awakened One","floor":50,"turns":10}],"seed_played":"473487238860556735","potions_obtained":[{"floor":1,"key":"AttackPotion"},{"floor":12,"key":"GamblersBrew"},{"floor":16,"key":"AttackPotion"},{"floor":17,"key":"PowerPotion"},{"floor":20,"key":"CultistPotion"},{"floor":22,"key":"Strength Potion"},{"floor":24,"key":"AttackPotion"},{"floor":25,"key":"Strength Potion"},{"floor":30,"key":"BottledMiracle"},{"floor":35,"key":"AttackPotion"},{"floor":36,"key":"AttackPotion"},{"floor":42,"key":"LiquidMemories"},{"floor":47,"key":"Guardian:BlockOnCardUsePotion"}],"is_trial":false,"path_per_floor":["M","?","$","M","?","E","R","M","T","R","?","M","E","M","R","B",null,"M","?","?","?","M","R","E","M","T","?","R","M","M","?","R","B",null,"M","M","?","M","M","R","E","M","T","R","$","M","M","M","R","B"],"character_chosen":"WATCHER","items_purchased":["BattleHymn","AttackPotion","DuplicationPotion"],"campfire_rested":6,"item_purchase_floors":[3,45,45],"current_hp_per_floor":[65,54,54,54,54,37,56,49,49,49,54,54,54,41,62,21,75,64,64,7,7,6,17,19,18,18,18,18,17,21,21,32,18,37,28,30,30,28,5,16,21,19,19,30,30,34,30,31,31,0,0],"gold":402,"neow_bonus":"ONE_RARE_RELIC","is_daily":false,"chose_seed":false,"campfire_upgraded":3,"win_rate":0.0,"timestamp":1611168225,"path_taken":["M","?","$","M","?","E","R","M","T","R","?","M","E","M","R","BOSS","M","?","?","?","M","R","E","?","T","?","R","M","M","?","R","BOSS","M","M","?","M","?","R","E","M","T","R","$","M","M","?","R","BOSS"],"items_purchased_type":["Card","Potion","Potion"],"build_version":"2020-12-22","purchased_purges":2,"victory":false,"max_hp_per_floor":[65,65,65,65,65,65,65,65,65,65,70,70,70,70,70,70,75,75,75,75,37,37,37,37,37,37,37,37,37,37,37,37,37,37,37,37,37,37,37,37,37,37,37,37,37,37,37,37,37,37,37],"card_choices":[{"not_picked":["WreathOfFlame","SashWhip"],"picked":"CrushJoints","floor":1},{"not_picked":["Crescendo","CrushJoints"],"picked":"PathToVictory","floor":4},{"not_picked":["Brilliance","Sanctity"],"picked":"PathToVictory","floor":6},{"not_picked":["Prostrate","Protect","EmptyFist"],"picked":"SKIP","floor":8},{"not_picked":["BattleHymn","FlurryOfBlows"],"picked":"Meditate+1","floor":12},{"not_picked":["Vault+1","BattleHymn"],"picked":"DevaForm","floor":13},{"not_picked":["JustLucky","Halt+1","FlyingSleeves"],"picked":"SKIP","floor":14},{"not_picked":["Judgement+1","ConjureBlade+1"],"picked":"DeusExMachina+1","floor":16},{"not_picked":["FlyingSleeves","Consecrate"],"picked":"Fasting2","floor":17},{"not_picked":["Consecrate","ThirdEye+1"],"picked":"Evaluate+1","floor":18},{"not_picked":["CutThroughFate","Nirvana","CrushJoints"],"picked":"SKIP","floor":22},{"not_picked":["Adaptation+1","BattleHymn+1","BowlingBash"],"picked":"SKIP","floor":24},{"not_picked":["JustLucky","ThirdEye+1","Halt+1"],"picked":"SKIP","floor":25},{"not_picked":["WheelKick","EmptyBody+1","Pray+1"],"picked":"SKIP","floor":29},{"not_picked":["SashWhip","Study","CarveReality"],"picked":"SKIP","floor":30},{"not_picked":["WreathOfFlame+1","Indignation+1"],"picked":"ForeignInfluence+1","floor":35},{"not_picked":["Adaptation","Evaluate+1","SashWhip+1"],"picked":"SKIP","floor":36},{"not_picked":["CutThroughFate","ClearTheMind+1","FollowUp+1"],"picked":"SKIP","floor":38},{"not_picked":["ClearTheMind+1","EmptyFist+1","Study"],"picked":"SKIP","floor":39},{"not_picked":["Collect+1","ThirdEye+1","SashWhip+1"],"picked":"SKIP","floor":41},{"not_picked":["CrushJoints+1","FlurryOfBlows+1","FollowUp+1"],"picked":"SKIP","floor":42},{"not_picked":["Wish+1","BowlingBash+1","CarveReality+1"],"picked":"SKIP","floor":46},{"not_picked":["Prostrate+1","Weave","CrushJoints+1"],"picked":"SKIP","floor":47},{"not_picked":["DeceiveReality+1","WreathOfFlame+1","WheelKick+1"],"picked":"SKIP","floor":48}],"player_experience":368569,"relics_obtained":[{"floor":6,"key":"Nunchaku"},{"floor":9,"key":"Toxic Egg 2"},{"floor":13,"key":"Toy Ornithopter"},{"floor":20,"key":"Red Mask"},{"floor":24,"key":"The Courier"},{"floor":26,"key":"Shuriken"},{"floor":41,"key":"Akabeko"},{"floor":43,"key":"Bag of Marbles"}],"event_choices":[{"damage_healed":0,"gold_gain":75,"player_choice":"Gather Gold","damage_taken":11,"max_hp_gain":0,"max_hp_loss":0,"event_name":"World of Goop","floor":2,"gold_loss":0},{"damage_healed":0,"gold_gain":0,"player_choice":"Grow","damage_taken":0,"max_hp_gain":0,"max_hp_loss":0,"event_name":"Living Wall","floor":5,"gold_loss":0,"cards_upgraded":["Eruption"]},{"damage_healed":0,"gold_gain":0,"player_choice":"Donut","damage_taken":0,"max_hp_gain":5,"max_hp_loss":0,"event_name":"Big Fish","floor":11,"gold_loss":0},{"damage_healed":0,"gold_gain":0,"player_choice":"Fought Bandits","damage_taken":0,"max_hp_gain":0,"max_hp_loss":0,"event_name":"Masked Bandits","floor":20,"gold_loss":0},{"damage_healed":0,"gold_gain":0,"player_choice":"Became a Ghost","damage_taken":0,"max_hp_gain":0,"max_hp_loss":38,"event_name":"Ghosts","floor":21,"gold_loss":0,"cards_obtained":["Ghostly","Ghostly","Ghostly","Ghostly","Ghostly"]},{"damage_healed":0,"gold_gain":0,"player_choice":"Obtained Relic","damage_taken":0,"relics_obtained":["Mummified Hand"],"max_hp_gain":0,"max_hp_loss":0,"event_name":"Addict","floor":31,"gold_loss":85},{"damage_healed":0,"gold_gain":0,"player_choice":"Ignored","damage_taken":0,"max_hp_gain":0,"max_hp_loss":0,"event_name":"Transmorgrifier","floor":37,"gold_loss":0}],"is_beta":false,"boss_relics":[{"not_picked":["VioletLotus","Pandora\u0027s Box"],"picked":"Tiny House"},{"not_picked":["SacredBark","Cursed Key"],"picked":"SlaversCollar"}],"items_purged_floors":[3,45],"is_endless":false,"potions_floor_spawned":[1,12,16,20,22,24,25,30,35,36,42,47],"killed_by":"Awakened One","ascension_level":3}}