{"host":"hi7fki77kkmhrce8","time":1611104740,"event":{"mods":["AchievementEnabler","BaseMod","Colored Map","Colored Powertips","Downfall","Minty Spire (QoL Compilation)","Relic Stats","StSLib","SuperFastMode"],"gold_per_floor":[99,99,99,99,115,125,125,125,125,125,135,135,146,162,174,174,174,174],"floor_reached":16,"language":"ENG","playtime":636,"items_purged":[],"score":92,"play_id":"c6de3278-d718-4514-a7ec-da53a452d850","local_time":"20210119200540","is_ascension_mode":false,"campfire_choices":[{"data":"bronze:Replicate","floor":1,"key":"SMITH"},{"data":"bronze:BuggyMess","floor":8,"key":"SMITH"},{"data":"bronze:Allocate","floor":12,"key":"SMITH"}],"circlet_count":0,"master_deck":["bronze:Strike","bronze:Strike","bronze:Strike","bronze:Strike","bronze:Defend","bronze:Defend","bronze:Defend","bronze:Defend","bronze:Replicate+1","bronze:Goto","bronze:BuggyMess+1","bronze:Deprecate","bronze:BugBarrage","bronze:Return","bronze:OilSpill","bronze:Allocate+1","bronze:Break","bronze:OilSpill","bronze:DelayedGuard"],"relics":["bronze:BronzeCore","downfall:HeartsMalice","Nunchaku"],"acts_visited":["Exordium"],"potions_floor_usage":[14,15],"damage_taken":[{"damage":0,"enemies":"Cultist","floor":2,"turns":1},{"damage":0,"enemies":"Small Slimes","floor":3,"turns":1},{"damage":0,"enemies":"Jaw Worm","floor":4,"turns":1},{"damage":2,"enemies":"Blue Slaver","floor":5,"turns":4},{"damage":21,"enemies":"Large Slime","floor":6,"turns":8},{"damage":15,"enemies":"Exordium Thugs","floor":11,"turns":3},{"damage":8,"enemies":"Red Slaver","floor":13,"turns":3},{"damage":0,"enemies":"2 Fungi Beasts","floor":14,"turns":2},{"damage":6,"enemies":"Exordium Wildlife","floor":15,"turns":3},{"damage":24,"enemies":"SI_SHIV_ARCHETYPE","floor":16,"turns":3}],"seed_played":"7133643631596968703","potions_obtained":[{"floor":5,"key":"FearPotion"},{"floor":11,"key":"Energy Potion"},{"floor":14,"key":"AttackPotion"}],"is_trial":false,"path_per_floor":["R","M","M","M","M","M","T","R","?","?","M","R","M","M","M","B"],"character_chosen":"THE_AUTOMATON","items_purchased":[],"campfire_rested":0,"item_purchase_floors":[],"current_hp_per_floor":[70,70,70,70,68,47,47,47,52,52,37,37,29,29,23,0,0,0],"gold":174,"neow_bonus":"THREE_ENEMY_KILL","is_daily":false,"chose_seed":false,"campfire_upgraded":3,"win_rate":0.0,"timestamp":1611104740,"path_taken":["R","M","M","M","M","M","T","R","?","?","M","R","M","?","M","BOSS"],"items_purchased_type":[],"build_version":"2020-12-22","purchased_purges":0,"victory":false,"max_hp_per_floor":[70,70,70,70,70,70,70,70,75,75,75,75,75,75,75,75,75,75],"relic_stats":{"Nunchaku":[3],"counters":[10,26],"obtain_stats":[{"Nunchaku":7,"bronze:BronzeCore":0,"downfall:HeartsMalice":0},{"Nunchaku":5,"bronze:BronzeCore":0,"downfall:HeartsMalice":0},{"Nunchaku":12,"bronze:BronzeCore":0,"downfall:HeartsMalice":0}]},"card_choices":[{"not_picked":["bronze:Invalidate","bronze:GetLatest"],"picked":"bronze:BuggyMess","floor":2},{"not_picked":["bronze:Return","bronze:WhirlingStrike"],"picked":"bronze:Deprecate","floor":3},{"not_picked":["bronze:ChildClass","bronze:Shield"],"picked":"bronze:BugBarrage","floor":4},{"not_picked":["bronze:BitShift","bronze:DelayedSlice"],"picked":"bronze:Return","floor":5},{"not_picked":["bronze:CutThrough","bronze:Overheat"],"picked":"bronze:OilSpill","floor":6},{"not_picked":["bronze:Shield","bronze:Overload"],"picked":"bronze:Allocate","floor":11},{"not_picked":["bronze:FineTuning","bronze:BitShift"],"picked":"bronze:Break","floor":13},{"not_picked":["bronze:BugBarrage","bronze:BronzeArmor"],"picked":"bronze:OilSpill","floor":14},{"not_picked":["bronze:Shell","bronze:Flail"],"picked":"bronze:DelayedGuard","floor":15}],"player_experience":138780,"relics_obtained":[{"floor":7,"key":"Nunchaku"}],"event_choices":[{"damage_healed":0,"gold_gain":0,"player_choice":"Donut","damage_taken":0,"max_hp_gain":5,"max_hp_loss":0,"event_name":"Big Fish","floor":9,"gold_loss":0}],"is_beta":false,"boss_relics":[],"items_purged_floors":[],"is_endless":false,"potions_floor_spawned":[5,11,14],"killed_by":"SI_SHIV_ARCHETYPE","ascension_level":0}}