{"host":"b3acx0fd85ri4t7i","time":1611151176,"event":{"mods":["BaseMod","Colored Powertips","Minty Spire (QoL Compilation)","Quick Restart","Relic Stats","StSLib","[功能]功能增强和修复MOD"],"gold_per_floor":[116,126,12,87,87,99,129,129,129,129,129,164,185,217,217,289,289,306,172,187,112,112,142,156,190,190,91,126,126,126,145,145,219,219,230,230,22,71,71,71,103,103,103,103,103],"floor_reached":44,"language":"ZHS","playtime":1685,"items_purged":["Strike_G","Strike_G","Strike_G","Strike_G","Strike_G","Defend_G","Defend_G","Defend_G","Defend_G","Defend_G","Terror","Footwork","Survivor","Bane+1"],"score":1162,"play_id":"712eab1e-8db9-40de-aee4-6fdd47188608","local_time":"20210120215936","is_ascension_mode":true,"campfire_choices":[{"floor":8.0,"key":"REST"},{"floor":10.0,"key":"RECALL"},{"floor":15.0,"key":"REST"},{"data":"Bouncing Flask","floor":32.0,"key":"SMITH"},{"floor":40.0,"key":"REST"}],"circlet_count":0,"master_deck":["AscendersBane","Neutralize+1","Backflip+1","Noxious Fumes+1","Poisoned Stab+1","Tools of the Trade","Bane+1","Bane+1","Bouncing Flask+1","After Image+1","Bouncing Flask+1","After Image+1","Catalyst"],"relics":["Black Star","Matryoshka","Toy Ornithopter","Kunai","Snake Skull","Bag of Marbles","Whetstone","Molten Egg 2","Odd Mushroom","Darkstone Periapt","Boot","Sozu","Bottled Tornado","Orrery","Bronze Scales","Paper Crane","Blue Candle","Meat on the Bone","Thread and Needle","Juzu Bracelet","Medical Kit","MealTicket","Ancient Tea Set","Pear","The Courier","Empty Cage","DollysMirror","Gambling Chip","Lantern","CaptainsWheel","Nunchaku","StrikeDummy","Bag of Preparation"],"acts_visited":["Exordium","TheCity","TheBeyond"],"potions_floor_usage":[],"damage_taken":[{"damage":2.0,"enemies":"Small Slimes","floor":1.0,"turns":5.0},{"damage":0.0,"enemies":"2 Louse","floor":2.0,"turns":4.0},{"damage":0.0,"enemies":"Cultist","floor":6.0,"turns":4.0},{"damage":32.0,"enemies":"Gremlin Nob","floor":7.0,"turns":4.0},{"damage":8.0,"enemies":"3 Sentries","floor":12.0,"turns":5.0},{"damage":8.0,"enemies":"The Mushroom Lair","floor":13.0,"turns":3.0},{"damage":0.0,"enemies":"Gremlin Nob","floor":14.0,"turns":3.0},{"damage":21.0,"enemies":"Slime Boss","floor":16.0,"turns":8.0},{"damage":0.0,"enemies":"Chosen","floor":18.0,"turns":3.0},{"damage":0.0,"enemies":"3 Byrds","floor":20.0,"turns":2.0},{"damage":28.0,"enemies":"Slavers","floor":23.0,"turns":4.0},{"damage":0.0,"enemies":"Snake Plant","floor":24.0,"turns":2.0},{"damage":9.0,"enemies":"Book of Stabbing","floor":25.0,"turns":3.0},{"damage":14.0,"enemies":"Slavers","floor":28.0,"turns":4.0},{"damage":29.0,"enemies":"Shelled Parasite and Fungi","floor":31.0,"turns":2.0},{"damage":8.0,"enemies":"Automaton","floor":33.0,"turns":6.0},{"damage":33.0,"enemies":"3 Darklings","floor":35.0,"turns":4.0},{"damage":52.0,"enemies":"2 Orb Walkers","floor":38.0,"turns":4.0},{"damage":13.0,"enemies":"Nemesis","floor":41.0,"turns":5.0},{"damage":56,"enemies":"Reptomancer","floor":44,"turns":2}],"seed_played":"5357662969876927886","potions_obtained":[{"floor":1.0,"key":"SkillPotion"},{"floor":2.0,"key":"SteroidPotion"},{"floor":7.0,"key":"Fire Potion"},{"floor":7.0,"key":"LiquidBronze"},{"floor":14.0,"key":"Strength Potion"},{"floor":16.0,"key":"Fire Potion"}],"is_trial":false,"path_per_floor":["M","M","$","?","?","M","E","R","T","R","?","E","?","E","R","B",null,"M","$","M","?","?","E","M","E","T","$","E","?","T","M","R","B",null,"M","?","$","?","?","R","E","?","T","E"],"character_chosen":"THE_SILENT","items_purchased":["Matryoshka","Poisoned Stab","Bottled Tornado","Orrery","Bronze Scales","Juzu Bracelet","Medical Kit","MealTicket","DollysMirror","Gambling Chip","Lantern"],"campfire_rested":3,"item_purchase_floors":[3,3,19,19,19,27,27,27,37,37,37],"current_hp_per_floor":[57,57,57,46,46,46,14,33,33,33,13,15,7,7,26,10,52,52,52,57,57,57,29,29,20,20,20,28,76,76,47,47,39,67,46,46,61,21,21,43,42,42,42,0,0],"gold":103,"neow_bonus":"BOSS_RELIC","is_daily":false,"chose_seed":false,"campfire_upgraded":1,"win_rate":0.0,"timestamp":1611151176,"path_taken":["M","M","$","?","?","M","E","R","T","R","?","E","?","E","R","BOSS","M","$","M","?","?","E","?","E","T","?","E","?","?","M","R","BOSS","M","?","$","?","?","R","E","?","T","E"],"items_purchased_type":["Relic","Card","Relic","Relic","Relic","Relic","Relic","Relic","Relic","Relic","Relic"],"build_version":"2020-12-22","purchased_purges":14,"victory":false,"max_hp_per_floor":[66,66,66,66,66,66,66,66,66,66,66,66,66,66,66,66,66,66,66,66,66,66,66,66,66,66,66,76,76,76,76,76,76,76,76,76,76,76,76,76,76,72,72,72,72],"relic_stats":{"Darkstone Periapt":0,"counters":[20,77],"Blue Candle":[1],"Snake Skull":[166],"Juzu Bracelet":3,"Bag of Preparation":[2],"Whetstone":["Poisoned Stab","Neutralize"],"Boot":[69],"Medical Kit":[10],"Sozu":14,"Nunchaku":[0],"Bronze Scales":[138],"Gambling Chip":[6],"MealTicket":15,"Black Star":7,"Kunai":[28],"obtain_stats":[{"Darkstone Periapt":14,"Lantern":37,"Snake Skull":9,"Juzu Bracelet":27,"Bag of Preparation":43,"Whetstone":12,"Bottled Tornado":19,"Boot":14,"Ancient Tea Set":28,"Empty Cage":34,"Sozu":17,"Nunchaku":41,"Matryoshka":3,"DollysMirror":37,"Gambling Chip":37,"MealTicket":27,"Kunai":7,"Ring of the Snake":0,"Pear":28,"Blue Candle":23,"Thread and Needle":25,"The Courier":30,"Odd Mushroom":13,"Paper Crane":23,"Medical Kit":27,"CaptainsWheel":38,"Bronze Scales":19,"Orrery":19,"Molten Egg 2":12,"Black Star":0,"Bag of Marbles":9,"StrikeDummy":41,"Toy Ornithopter":7,"Meat on the Bone":25},{"Darkstone Periapt":7,"Lantern":17,"Snake Skull":4,"Juzu Bracelet":13,"Bag of Preparation":19,"Whetstone":5,"Bottled Tornado":9,"Boot":7,"Ancient Tea Set":14,"Empty Cage":16,"Sozu":8,"Nunchaku":19,"Matryoshka":2,"DollysMirror":17,"Gambling Chip":17,"MealTicket":13,"Kunai":4,"Ring of the Snake":0,"Pear":14,"Blue Candle":11,"Thread and Needle":13,"The Courier":14,"Odd Mushroom":6,"Paper Crane":11,"Medical Kit":13,"CaptainsWheel":18,"Bronze Scales":9,"Orrery":9,"Molten Egg 2":5,"Black Star":0,"Bag of Marbles":4,"StrikeDummy":19,"Toy Ornithopter":4,"Meat on the Bone":13},{"Darkstone Periapt":28,"Lantern":66,"Snake Skull":17,"Juzu Bracelet":50,"Bag of Preparation":75,"Whetstone":22,"Bottled Tornado":39,"Boot":28,"Ancient Tea Set":54,"Empty Cage":62,"Sozu":36,"Nunchaku":75,"Matryoshka":9,"DollysMirror":66,"Gambling Chip":66,"MealTicket":50,"Kunai":17,"Ring of the Snake":0,"Pear":54,"Blue Candle":45,"Thread and Needle":50,"The Courier":54,"Odd Mushroom":25,"Paper Crane":45,"Medical Kit":50,"CaptainsWheel":70,"Bronze Scales":39,"Orrery":39,"Molten Egg 2":22,"Black Star":0,"Bag of Marbles":17,"StrikeDummy":75,"Toy Ornithopter":17,"Meat on the Bone":50}],"Toy Ornithopter":20,"Meat on the Bone":48},"card_choices":[{"not_picked":["Crippling Poison","Terror"],"picked":"Backflip","floor":1.0},{"not_picked":["Deflect","Reflex"],"picked":"Noxious Fumes","floor":2.0},{"not_picked":["Sucker Punch","Setup"],"picked":"Terror","floor":6.0},{"not_picked":["Leg Sweep","Quick Slash","Deflect"],"picked":"SKIP","floor":7.0},{"not_picked":["Heel Hook+1","Cloak And Dagger","Flechettes+1"],"picked":"SKIP","floor":12.0},{"not_picked":["Doppelganger","Outmaneuver"],"picked":"Footwork","floor":13.0},{"not_picked":["Leg Sweep","Quick Slash+1"],"picked":"Backstab+1","floor":14.0},{"not_picked":["Storm of Steel","Doppelganger"],"picked":"Tools of the Trade","floor":16.0},{"not_picked":["Quick Slash+1","Terror+1"],"picked":"Bane+1","floor":18.0},{"not_picked":["Quick Slash+1","Predator+1"],"picked":"Backstab+1","floor":19.0},{"not_picked":["Dagger Spray+1","Footwork"],"picked":"Escape Plan","floor":19.0},{"not_picked":["Predator+1","Distraction","Well Laid Plans"],"picked":"SKIP","floor":20.0},{"not_picked":["Backflip","Cloak And Dagger","Tools of the Trade"],"picked":"SKIP","floor":23.0},{"not_picked":["Deadly Poison","Crippling Poison","Dagger Throw+1"],"picked":"SKIP","floor":24.0},{"not_picked":["Sucker Punch+1","Dagger Spray+1"],"picked":"Bane+1","floor":25.0},{"not_picked":["Cloak And Dagger","Deadly Poison"],"picked":"Underhanded Strike+1","floor":28.0},{"not_picked":["Dagger Spray+1","Quick Slash+1"],"picked":"Bouncing Flask","floor":31.0},{"not_picked":["Die Die Die+1","Phantasmal Killer"],"picked":"After Image","floor":33.0},{"not_picked":["Footwork+1","Acrobatics"],"picked":"Bane+1","floor":35.0},{"not_picked":["Infinite Blades","Dash+1"],"picked":"Catalyst","floor":41.0}],"player_experience":316499,"relics_obtained":[{"floor":7.0,"key":"Toy Ornithopter"},{"floor":7.0,"key":"Kunai"},{"floor":9.0,"key":"Snake Skull"},{"floor":9.0,"key":"Bag of Marbles"},{"floor":12.0,"key":"Whetstone"},{"floor":12.0,"key":"Molten Egg 2"},{"floor":13.0,"key":"Odd Mushroom"},{"floor":14.0,"key":"Darkstone Periapt"},{"floor":14.0,"key":"Boot"},{"floor":23.0,"key":"Paper Crane"},{"floor":23.0,"key":"Blue Candle"},{"floor":25.0,"key":"Meat on the Bone"},{"floor":25.0,"key":"Thread and Needle"},{"floor":28.0,"key":"Ancient Tea Set"},{"floor":28.0,"key":"Pear"},{"floor":30.0,"key":"The Courier"},{"floor":38.0,"key":"CaptainsWheel"},{"floor":41.0,"key":"Nunchaku"},{"floor":41.0,"key":"StrikeDummy"},{"floor":43.0,"key":"Bag of Preparation"}],"event_choices":[{"damage_healed":0.0,"max_hp_gain":0.0,"max_hp_loss":0.0,"gold_gain":75.0,"event_name":"World of Goop","player_choice":"Gather Gold","floor":4.0,"gold_loss":0.0,"damage_taken":11.0},{"damage_healed":0.0,"max_hp_gain":0.0,"max_hp_loss":0.0,"gold_gain":0.0,"event_name":"Liars Game","player_choice":"Ignored","floor":5.0,"gold_loss":0.0,"damage_taken":0.0},{"damage_healed":0.0,"max_hp_gain":0.0,"max_hp_loss":0.0,"gold_gain":0.0,"event_name":"Shining Light","player_choice":"Entered Light","floor":11.0,"gold_loss":0.0,"damage_taken":20.0,"cards_upgraded":["Backflip","Noxious Fumes"]},{"damage_healed":0.0,"max_hp_gain":0.0,"max_hp_loss":0.0,"gold_gain":0.0,"event_name":"Mushrooms","player_choice":"Fought Mushrooms","floor":13.0,"gold_loss":0.0,"damage_taken":0.0},{"cards_removed":["Escape Plan"],"damage_healed":0.0,"max_hp_gain":0.0,"max_hp_loss":0.0,"gold_gain":0.0,"event_name":"Beggar","player_choice":"Gave Gold","floor":21.0,"gold_loss":75.0,"damage_taken":0.0},{"damage_healed":0.0,"max_hp_gain":0.0,"max_hp_loss":0.0,"gold_gain":0.0,"event_name":"Lab","player_choice":"Got Potions","floor":22.0,"gold_loss":0.0,"damage_taken":0.0},{"cards_removed":["Backstab"],"damage_healed":48.0,"max_hp_gain":0.0,"max_hp_loss":0.0,"gold_gain":0.0,"event_name":"Bonfire Elementals","player_choice":"Offered Uncommon","floor":29.0,"gold_loss":0.0,"damage_taken":0.0},{"damage_healed":0.0,"max_hp_gain":0.0,"max_hp_loss":0.0,"gold_gain":0.0,"event_name":"Upgrade Shrine","player_choice":"Upgraded","floor":36.0,"gold_loss":0.0,"damage_taken":0.0,"cards_upgraded":["After Image"]},{"damage_healed":0.0,"max_hp_gain":0.0,"max_hp_loss":0.0,"gold_gain":0.0,"event_name":"Mysterious Sphere","player_choice":"Fight","floor":38.0,"gold_loss":0.0,"damage_taken":0.0},{"damage_healed":0.0,"max_hp_gain":0.0,"max_hp_loss":0.0,"gold_gain":0.0,"event_name":"Duplicator","player_choice":"Copied","floor":39.0,"gold_loss":0.0,"damage_taken":0.0,"cards_obtained":["After Image"]},{"damage_healed":0.0,"max_hp_gain":0.0,"max_hp_loss":4.0,"gold_gain":0.0,"event_name":"Winding Halls","player_choice":"Max HP","floor":42.0,"gold_loss":0.0,"damage_taken":0.0}],"is_beta":false,"boss_relics":[{"not_picked":["Astrolabe","WristBlade"],"picked":"Sozu"},{"not_picked":["Pandora\u0027s Box","Runic Pyramid"],"picked":"Empty Cage"}],"items_purged_floors":[3,3,3,3,3,3,3,3,3,3,19,19,19,37],"is_endless":false,"potions_floor_spawned":[1,2,7,7,14,16,18,20,23,25,25,28,28,31,33,33,35,38],"killed_by":"Reptomancer","ascension_level":20}}