{"host":"627up2rvtmm0cf0r","time":1611155793,"event":{"mods":["100% Spire Juice","ATMod(°¢èªMod)","Act Like it!","BaseMod","Better Vampires","CapriCore","Card Filter","Card Forge","Colored Powertips","DeckTracker","Dota2Spire","Downfall","Energized Spire","Friendly Minions","Highlight Path","Infinite Spire","Jedi Mod","Marked Mod","Mimic Mod","Minty Spire (QoL Compilation)","MostiFishMod","Permanent Neow","Practice Mode","Quick Restart","Relic Stats","Shop Mod","Spicy Shops","StSLib","SuperFastMode","TestMod","The Blackbeard","The Marked","¡¾ÒÅÎï¿¨ÅÆ¡¿REMEMod","²ÐÁôÖ®Îï","óô»ðÖ¸ÄÏ"],"gold_per_floor":[99,9,9,159,172,172,172,4,4,34,34,63,83,113,130,130,130,130],"floor_reached":16,"language":"ZHS","playtime":565,"items_purged":["downfall:Icky"],"score":133,"play_id":"5b6e0951-3cc4-4281-8d58-0be348543e34","local_time":"20210120231633","is_ascension_mode":true,"campfire_choices":[{"data":"Guardian:TwinSlam","floor":1,"key":"SMITH"},{"data":"Guardian:CurlUp","floor":9,"key":"SMITH"},{"floor":11,"key":"RECALL"}],"circlet_count":0,"master_deck":["Guardian:Strike_Guardian","Guardian:Strike_Guardian","Guardian:Strike_Guardian","Guardian:Defend_Guardian","Guardian:Defend_Guardian","Guardian:Defend_Guardian","Guardian:Defend_Guardian","Guardian:CurlUp+1","Guardian:TwinSlam+1"],"relics":["Guardian:ModeShifter","Hammer of Thor","Seething Fire","Anvil of the Gods","DaveBox","testmod-TestBox","REME_ComplimentaryCards","AT_ATBox","testmod-DeterminationOfClimber","ThornShield","Lee\u0027s Waffle","AT_ForceNature","Bag of Marbles","infinitespire:BottledMercury","Dota2Spire:PowerTreads","Dota2Spire:MaskOfMadness","Lantern","Centennial Puzzle"],"acts_visited":["Exordium"],"potions_floor_usage":[16,16],"damage_taken":[{"damage":0,"enemies":"downfall:FleeingMerchant","floor":2,"turns":4},{"damage":4,"enemies":"Jaw Worm","floor":5,"turns":3},{"damage":0,"enemies":"downfall:FleeingMerchant","floor":8,"turns":4},{"damage":20,"enemies":"Lagavulin","floor":10,"turns":5},{"damage":20,"enemies":"3 Sentries","floor":12,"turns":11},{"damage":5,"enemies":"Small Slimes","floor":13,"turns":2},{"damage":16,"enemies":"Gremlin Nob","floor":14,"turns":4},{"damage":0,"enemies":"2 Louse","floor":15,"turns":2},{"damage":24,"enemies":"DF_ARCHETYPE_STREAMLINE","floor":16,"turns":3}],"seed_played":"6512935358628075879","potions_obtained":[{"floor":10,"key":"jedi:wingpotion"},{"floor":12,"key":"testmod-TestPotion"},{"floor":13,"key":"Fire Potion"}],"is_trial":false,"path_per_floor":["R","$","?","?","M","?","T","$","R","E","R","E","M","E","M","B"],"character_chosen":"GUARDIAN","items_purchased":["Lee\u0027s Waffle","Dota2Spire:PowerTreads"],"campfire_rested":0,"item_purchase_floors":[2,8],"current_hp_per_floor":[80,87,87,87,83,76,76,76,76,56,56,36,37,23,23,0,0,0],"gold":130,"neow_bonus":"REMOVE_CARD","is_daily":false,"chose_seed":false,"campfire_upgraded":2,"win_rate":0.0,"timestamp":1611155793,"path_taken":["R","$","?","?","M","?","T","?","R","E","R","E","?","E","M","BOSS"],"items_purchased_type":["Relic","Relic"],"build_version":"2020-12-22","purchased_purges":1,"victory":false,"max_hp_per_floor":[80,87,87,87,87,87,87,87,87,87,87,87,87,87,87,87,87,87],"relic_stats":{"Lee\u0027s Waffle":7,"Centennial Puzzle":[0],"counters":[9,38],"obtain_stats":[{"AT_ForceNature":3,"infinitespire:BottledMercury":7,"Dota2Spire:MaskOfMadness":10,"Lee\u0027s Waffle":2,"Dota2Spire:PowerTreads":8,"Lantern":12,"testmod-TestBox":0,"AT_ATBox":0,"DaveBox":0,"Guardian:ModeShifter":0,"Hammer of Thor":0,"Seething Fire":0,"ThornShield":0,"Centennial Puzzle":14,"Anvil of the Gods":0,"testmod-DeterminationOfClimber":0,"Bag of Marbles":6,"REME_ComplimentaryCards":0},{"AT_ForceNature":1,"infinitespire:BottledMercury":2,"Dota2Spire:MaskOfMadness":4,"Lee\u0027s Waffle":1,"Dota2Spire:PowerTreads":3,"Lantern":5,"testmod-TestBox":0,"AT_ATBox":0,"DaveBox":0,"Guardian:ModeShifter":0,"Hammer of Thor":0,"Seething Fire":0,"ThornShield":0,"Centennial Puzzle":7,"Anvil of the Gods":0,"testmod-DeterminationOfClimber":0,"Bag of Marbles":2,"REME_ComplimentaryCards":0},{"AT_ForceNature":4,"infinitespire:BottledMercury":7,"Dota2Spire:MaskOfMadness":16,"Lee\u0027s Waffle":4,"Dota2Spire:PowerTreads":11,"Lantern":27,"testmod-TestBox":0,"AT_ATBox":0,"DaveBox":0,"Guardian:ModeShifter":0,"Hammer of Thor":0,"Seething Fire":0,"ThornShield":0,"Centennial Puzzle":33,"Anvil of the Gods":0,"testmod-DeterminationOfClimber":0,"Bag of Marbles":7,"REME_ComplimentaryCards":0}]},"card_choices":[{"not_picked":["Guardian:RollAttack","Guardian:Gem_Lightblue","Guardian:TemporalShield"],"picked":"SKIP","floor":2},{"not_picked":["Guardian:Recover","Guardian:ShieldCharger","Guardian:Gem_Red"],"picked":"SKIP","floor":5},{"not_picked":["Guardian:SpikerProtocol","Guardian:Preprogram","Guardian:MultiBeam"],"picked":"SKIP","floor":8},{"not_picked":["Guardian:SpikerProtocol","Guardian:Emergency","Guardian:FastForward"],"picked":"SKIP","floor":10},{"not_picked":["Guardian:SpikerProtocol","Guardian:Emergency","Guardian:FastForward"],"picked":"SKIP","floor":10},{"not_picked":["Guardian:TimeCapacitor","Guardian:TemporalStrike","Guardian:ArmoredProtocol"],"picked":"SKIP","floor":12},{"not_picked":["Guardian:RollAttack","Guardian:FloatingOrbs","Guardian:Gem_Green"],"picked":"SKIP","floor":13},{"not_picked":["Guardian:StasisField","Guardian:Gem_Red","Guardian:AncientConstruct"],"picked":"SKIP","floor":14},{"not_picked":["Guardian:RollAttack","Guardian:Gem_Cyan","Guardian:Gem_Green"],"picked":"SKIP","floor":15}],"player_experience":129146,"relics_obtained":[{"floor":3,"key":"AT_ForceNature"},{"floor":7,"key":"infinitespire:BottledMercury"},{"floor":10,"key":"Dota2Spire:MaskOfMadness"},{"floor":12,"key":"Lantern"},{"floor":14,"key":"Centennial Puzzle"}],"event_choices":[{"damage_healed":0,"gold_gain":0,"player_choice":"Success","damage_taken":7,"relics_obtained":["Bag of Marbles"],"max_hp_gain":0,"max_hp_loss":0,"event_name":"Scrap Ooze","floor":6,"gold_loss":0}],"is_beta":false,"boss_relics":[],"items_purged_floors":[8],"is_endless":false,"potions_floor_spawned":[10,12,13],"killed_by":"DF_ARCHETYPE_STREAMLINE","ascension_level":3}}