{"host":"gbjphby09ecsfbbs","time":1611182225,"event":{"mods":["AchievementEnabler","BaseMod","Downfall","GifTheSpireLib","Minty Spire (QoL Compilation)","StSLib","The Animator","The Bug Knight","The Cursed","The Saiyan","The Servant 0.9.4"],"gold_per_floor":[99,114,131,131,11,42,118,18,33,33,48,64,64,64,77,179,179,179,190,190,202,218,247,247,265,280,280,380,380,414,414,424,525,525,525,536,554,568,418,160,160,134,167,67,95,109,122,122,139,139],"floor_reached":51,"language":"ENG","playtime":8721,"items_purged":[],"score":751,"play_id":"7b4704ed-f001-4115-8d55-0cd5471decd2","local_time":"20210120143705","is_ascension_mode":false,"campfire_choices":[{"data":"bronze:Goto","floor":1,"key":"SMITH"},{"data":"bronze:Replicate","floor":8,"key":"SMITH"},{"data":"bronze:Virus","floor":13,"key":"SMITH"},{"data":"bronze:HardenedForm","floor":18,"key":"SMITH"},{"data":"bronze:Assembly","floor":27,"key":"SMITH"},{"data":"bronze:HardenedForm","floor":29,"key":"SMITH"},{"data":"bronze:HardenedForm","floor":35,"key":"SMITH"},{"data":"1","floor":44,"key":"LIFT"}],"circlet_count":0,"master_deck":["bronze:Strike","bronze:Strike","bronze:Strike","bronze:Defend","bronze:Defend+1","bronze:Defend","bronze:Defend","bronze:Replicate+1","bronze:Goto+1","bronze:Repair+1","bronze:Frontload","bronze:Flail","bronze:Optimize+1","bronze:Virus+1","bronze:CutThrough","bronze:Assembly+1","bronze:DelayedGuard","bronze:HardenedForm+1","bronze:Branch","bronze:WhirlingStrike","bronze:CutThrough","bronze:DecaBeam","bronze:HardenedForm+1","bronze:BronzeOrb","bronze:HardenedForm+1","bronze:FineTuning","bronze:Shell","expansioncontent:QuickStudy","bronze:Optimize","bronze:FineTuning"],"relics":["bronze:BronzeCore","Happy Flower","Eternal Feather","downfall:HeartBlessingGreen","MealTicket","Empty Cage","Bronze Scales","Lizard Tail","Strawberry","bronze:BottledCode","Busted Crown","Girya","Omamori","downfall:HeartBlessingBlue","Smiling Mask"],"acts_visited":["Exordium","TheCity","TheBeyond"],"potions_floor_usage":[23,33,50,50,50],"damage_taken":[{"damage":9,"enemies":"2 Louse","floor":2,"turns":3},{"damage":0,"enemies":"Small Slimes","floor":3,"turns":3},{"damage":0,"enemies":"downfall:FleeingMerchant","floor":5,"turns":4},{"damage":21,"enemies":"Lagavulin","floor":6,"turns":10},{"damage":1,"enemies":"Jaw Worm","floor":9,"turns":2},{"damage":2,"enemies":"Large Slime","floor":11,"turns":4},{"damage":0,"enemies":"Blue Slaver","floor":12,"turns":5},{"damage":0,"enemies":"Lots of Slimes","floor":15,"turns":2},{"damage":1,"enemies":"WA_ARCHETYPE_RETAIN","floor":16,"turns":8},{"damage":0,"enemies":"Chosen","floor":19,"turns":6},{"damage":12,"enemies":"Shelled Parasite and Fungi","floor":21,"turns":4},{"damage":8,"enemies":"Sentry and Sphere","floor":22,"turns":5},{"damage":4,"enemies":"Book of Stabbing","floor":23,"turns":5},{"damage":8,"enemies":"Centurion and Healer","floor":25,"turns":4},{"damage":6,"enemies":"Shelled Parasite and Fungi","floor":26,"turns":3},{"damage":4,"enemies":"Shelled Parasite and Fungi","floor":28,"turns":4},{"damage":1,"enemies":"HollowMod:Nosk","floor":30,"turns":7},{"damage":9,"enemies":"Snecko","floor":32,"turns":4},{"damage":13,"enemies":"DF_ARCHETYPE_CLAW","floor":33,"turns":8},{"damage":16,"enemies":"3 Darklings","floor":36,"turns":3},{"damage":2,"enemies":"3 Shapes","floor":37,"turns":3},{"damage":0,"enemies":"Maw","floor":38,"turns":6},{"damage":0,"enemies":"downfall:FleeingMerchant","floor":40,"turns":4},{"damage":14,"enemies":"downfall:FleeingMerchant","floor":42,"turns":4},{"damage":14,"enemies":"Reptomancer","floor":43,"turns":6},{"damage":5,"enemies":"HollowMod:StalkingDevout","floor":45,"turns":5},{"damage":0,"enemies":"4 Shapes","floor":46,"turns":3},{"damage":4,"enemies":"Spire Growth","floor":47,"turns":6},{"damage":0,"enemies":"Maw","floor":49,"turns":6},{"damage":53,"enemies":"IC_BLOCK_ARCHETYPE","floor":50,"turns":13}],"seed_played":"4934461233054032185","potions_obtained":[{"floor":3,"key":"Strength Potion"},{"floor":11,"key":"Dexterity Potion"},{"floor":15,"key":"bronze:CleanCodePotion"},{"floor":19,"key":"BlessingOfTheForge"},{"floor":21,"key":"LiquidBronze"},{"floor":25,"key":"DuplicationPotion"},{"floor":37,"key":"Fire Potion"},{"floor":38,"key":"champ:CounterPotion"},{"floor":47,"key":"hexamod:SoulburnPotion"}],"is_trial":false,"path_per_floor":["R","M","M","?","$","E","T","R","M","?","M","M","R","?","M","B",null,"R","M","?","M","M","E","T","M","M","R","?","R","E","?","M","B",null,"R","M","M","M","?","$","T","$","E","R","E","M","M","?","M","B",null],"character_chosen":"THE_AUTOMATON","items_purchased":["bronze:Flail","bronze:Optimize","expansioncontent:QuickStudy","bronze:Optimize","bronze:FineTuning","Girya"],"campfire_rested":0,"item_purchase_floors":[5,5,40,40,42,42],"current_hp_per_floor":[77,68,75,75,77,56,56,65,71,71,75,77,77,74,74,76,77,77,77,77,75,77,76,76,77,71,77,75,77,83,74,74,71,74,74,58,66,74,84,84,84,70,67,94,94,94,90,90,94,51],"gold":139,"neow_bonus":"TEN_PERCENT_HP_BONUS","is_daily":false,"chose_seed":false,"campfire_upgraded":7,"win_rate":0.0,"timestamp":1611182225,"path_taken":["R","M","M","?","$","E","T","R","M","?","M","M","R","?","M","BOSS","R","M","?","M","M","E","T","M","M","R","?","R","E","?","M","BOSS","R","M","M","M","?","$","T","$","E","R","E","?","M","?","M","BOSS"],"items_purchased_type":["Card","Card","Card","Card","Card","Relic"],"build_version":"2020-12-22","purchased_purges":0,"victory":true,"max_hp_per_floor":[77,77,77,77,77,77,77,77,77,77,77,77,77,77,77,77,77,77,77,77,77,77,77,77,77,77,77,77,77,84,74,74,74,74,74,74,74,74,84,84,84,84,84,94,94,94,94,94,94,94],"card_choices":[{"not_picked":["bronze:BugBarrage","bronze:Allocate"],"picked":"bronze:Repair","floor":2},{"not_picked":["bronze:Invalidate","bronze:Branch"],"picked":"bronze:Frontload","floor":3},{"not_picked":["bronze:BuggyMess","bronze:WildBeam","bronze:ItsAFeature"],"picked":"SKIP","floor":5},{"not_picked":["bronze:WhirlingStrike","bronze:Branch"],"picked":"bronze:Virus","floor":6},{"not_picked":["bronze:BugBarrage","bronze:FollowUp"],"picked":"bronze:CutThrough","floor":9},{"not_picked":["bronze:Repulsor","bronze:Shield"],"picked":"bronze:Assembly","floor":11},{"not_picked":["bronze:Flail","bronze:Shield"],"picked":"bronze:Allocate","floor":12},{"not_picked":["bronze:DarkDash","bronze:Frontload"],"picked":"bronze:DelayedGuard","floor":15},{"not_picked":["bronze:CleanCode","bronze:Virus"],"picked":"bronze:HardenedForm","floor":16},{"not_picked":["bronze:OilSpill","bronze:Allocate+1"],"picked":"bronze:Branch","floor":19},{"not_picked":["bronze:WildBeam","bronze:Deprecate","bronze:Safeguard"],"picked":"SKIP","floor":21},{"not_picked":["bronze:BuggyMess","bronze:Invalidate+1","bronze:OilSpill"],"picked":"SKIP","floor":22},{"not_picked":["bronze:WildBeam","bronze:Philosophize"],"picked":"bronze:WhirlingStrike","floor":23},{"not_picked":["bronze:Deprecate","bronze:Overheat"],"picked":"bronze:CutThrough","floor":25},{"not_picked":["bronze:DarkDash+1","bronze:BugBarrage+1","bronze:Branch"],"picked":"SKIP","floor":26},{"not_picked":[],"picked":"bronze:DecaBeam","floor":28},{"not_picked":["bronze:NullPointer+1","bronze:Iterate"],"picked":"bronze:HardenedForm","floor":28},{"not_picked":["bronze:BitShift","bronze:Shield","bronze:Backtrace+1"],"picked":"SKIP","floor":30},{"not_picked":["bronze:Repair","bronze:BuggyMess+1"],"picked":"bronze:BronzeOrb","floor":32},{"not_picked":["bronze:ThunderWave","bronze:FindAndReplace"],"picked":"bronze:HardenedForm","floor":33},{"not_picked":[],"picked":"bronze:FineTuning","floor":36},{"not_picked":["bronze:Allocate"],"picked":"SKIP","floor":37},{"not_picked":["bronze:BugBarrage+1"],"picked":"SKIP","floor":38},{"not_picked":[],"picked":"bronze:Shell","floor":40},{"not_picked":["bronze:Fortify"],"picked":"SKIP","floor":42},{"not_picked":["bronze:Fortify"],"picked":"SKIP","floor":43},{"not_picked":["bronze:NullPointer"],"picked":"SKIP","floor":45},{"not_picked":["bronze:Frontload+1"],"picked":"SKIP","floor":46},{"not_picked":["bronze:BronzeArmor+1"],"picked":"SKIP","floor":47},{"not_picked":["bronze:Frontload"],"picked":"SKIP","floor":49}],"player_experience":99338,"relics_obtained":[{"floor":6,"key":"Happy Flower"},{"floor":7,"key":"Eternal Feather"},{"floor":23,"key":"Bronze Scales"},{"floor":24,"key":"Lizard Tail"},{"floor":30,"key":"Strawberry"},{"floor":43,"key":"Omamori"},{"floor":45,"key":"Smiling Mask"}],"event_choices":[{"damage_healed":0,"gold_gain":0,"player_choice":"Success","damage_taken":3,"relics_obtained":["MealTicket"],"max_hp_gain":0,"max_hp_loss":0,"event_name":"Scrap Ooze","floor":14,"gold_loss":0}],"is_beta":false,"boss_relics":[{"not_picked":["Astrolabe","Velvet Choker"],"picked":"Empty Cage"},{"not_picked":["Tiny House","Sozu"],"picked":"Busted Crown"}],"items_purged_floors":[],"is_endless":false,"potions_floor_spawned":[3,11,15,19,21,25,37,38,45,46,47],"ascension_level":0}}