{"host":"7tqog9fnhs0gxmti","time":1611133910,"event":{"mods":["AchievementEnabler","Act Like it!","Astrologer","BaseMod","Beaked The Cultist","CapriCore","Colored Map","Colored Powertips","Hermit","Highlight Path","Minty Spire (QoL Compilation)","Quick Restart","Random Character Button","Rare Cards Sparkle","Robot Space Explorer","Somnambulant","StSLib","The Blackbeard","The Bug Knight","The Construct","The Cursed","The Disciple","The Gatherer","The Hayseed","The Immortal","The Marked","Wandering Minibosses","everything is the same but u backflip on backflip"],"gold_per_floor":[115,132,152,152,54,85,96,196,196,222,222,146,165,202,202,324,324,361,387,387,486,9,9,9,64,64,64,95,155,0,0,0,125,125,140,215,215,258,238,238,238,238],"floor_reached":40,"language":"ENG","playtime":1418,"items_purged":["blackbeard:BlackbeardStrike"],"score":457,"play_id":"0f6e9b9a-28e0-4c4b-81aa-80da6dbee686","local_time":"20210120171150","is_ascension_mode":false,"campfire_choices":[{"data":"blackbeard:BrownPants","floor":11,"key":"SMITH"},{"floor":15,"key":"REST"},{"data":"blackbeard:DoubleCannonball","floor":24,"key":"SMITH"},{"floor":27,"key":"REST"},{"floor":32,"key":"REST"}],"circlet_count":0,"master_deck":["blackbeard:BlackbeardStrike","blackbeard:BlackbeardStrike","blackbeard:BlackbeardStrike","blackbeard:IntimidatingStrike","blackbeard:BlackbeardDefend","blackbeard:BlackbeardDefend","blackbeard:BlackbeardDefend","blackbeard:BlackbeardDefend","blackbeard:Cutlass","blackbeard:CloakAndCannonball","blackbeard:RearmingStrike","blackbeard:BrownPants+1","blackbeard:Sword","blackbeard:ReapersScythe","blackbeard:Eyepatch","blackbeard:GoldenStrike","blackbeard:WeaponProficiency","blackbeard:Bandana","blackbeard:Spear","blackbeard:Lifeboat","blackbeard:DoubleCannonball+1","blackbeard:PowderKeg","blackbeard:InfiniteBarrage+1","blackbeard:RearmingStrike","blackbeard:PirateStrength+1","TheSimpletonMod:Nettles","blackbeard:Shrapnel","blackbeard:FinalBarrage","blackbeard:DoubleCannonball+1","blackbeard:BeatUp"],"relics":["blackbeard:LoadTheCannons","blackbeard:WhitePearl","Lizard Tail","Potion Belt","Cursed Key","Frozen Egg 2","Juzu Bracelet","Nloth\u0027s Gift","Nunchaku","Matryoshka","Unceasing Top","Sozu","TungstenRod"],"acts_visited":["Exordium","TheCity","TheBeyond"],"potions_floor_usage":[6,6,16,19,29,29],"damage_taken":[{"damage":0,"enemies":"Cultist","floor":1,"turns":4},{"damage":0,"enemies":"Small Slimes","floor":2,"turns":4},{"damage":1,"enemies":"Jaw Worm","floor":3,"turns":3},{"damage":17,"enemies":"3 Sentries","floor":6,"turns":7},{"damage":10,"enemies":"2 Fungi Beasts","floor":7,"turns":3},{"damage":4,"enemies":"Gremlin Nob","floor":10,"turns":4},{"damage":22,"enemies":"Exordium Thugs","floor":13,"turns":5},{"damage":10,"enemies":"Looter","floor":14,"turns":2},{"damage":37,"enemies":"Slime Boss","floor":16,"turns":12},{"damage":11,"enemies":"Spheric Guardian","floor":18,"turns":4},{"damage":14,"enemies":"Shell Parasite","floor":19,"turns":3},{"damage":40,"enemies":"Gremlin Leader","floor":25,"turns":7},{"damage":10,"enemies":"Chosen and Byrds","floor":28,"turns":5},{"damage":30,"enemies":"Book of Stabbing","floor":29,"turns":5},{"damage":75,"enemies":"Automaton","floor":33,"turns":9},{"damage":23,"enemies":"Orb Walker","floor":35,"turns":3},{"damage":37,"enemies":"Mind Bloom Boss Battle","floor":36,"turns":5},{"damage":12,"enemies":"3 Darklings","floor":38,"turns":5},{"damage":8,"enemies":"Reptomancer","floor":40,"turns":2}],"seed_played":"-3350857738019882268","potions_obtained":[{"floor":1,"key":"BlessingOfTheForge"},{"floor":2,"key":"LiquidBronze"},{"floor":14,"key":"DistilledChaos"},{"floor":16,"key":"Fire Potion"},{"floor":25,"key":"blackbeard:RumPotion"},{"floor":29,"key":"Fruit Juice"}],"is_trial":false,"path_per_floor":["M","M","M","T","$","E","M","?","T","E","R","$","M","M","R","B",null,"M","M","?","?","$","?","R","E","T","R","M","E","?","$","R","B",null,"M","?","?","M","?","E"],"character_chosen":"BLACKBEARD_CLASS","items_purchased":["blackbeard:Sword","blackbeard:WeaponProficiency","Frozen Egg 2","blackbeard:InfiniteBarrage+1","Juzu Bracelet","blackbeard:RearmingStrike"],"campfire_rested":3,"item_purchase_floors":[5,12,22,22,22,22],"current_hp_per_floor":[82,82,81,81,81,64,54,54,54,50,50,50,28,18,42,5,82,71,57,57,57,57,57,57,17,17,41,31,6,6,6,32,29,87,64,27,27,15,15,7,7,7],"gold":238,"neow_bonus":"TEN_PERCENT_HP_BONUS","is_daily":false,"chose_seed":false,"campfire_upgraded":2,"win_rate":0.0,"timestamp":1611133910,"path_taken":["M","?","?","?","$","E","?","?","T","E","R","$","?","M","R","BOSS","M","M","?","?","$","?","R","E","T","R","M","E","?","$","R","BOSS","M","?","?","M","?","E"],"items_purchased_type":["Card","Card","Relic","Card","Relic","Card"],"build_version":"2020-12-22","purchased_purges":1,"victory":false,"max_hp_per_floor":[82,82,82,82,82,82,82,82,82,82,82,82,82,82,82,82,82,82,82,82,82,82,82,82,82,82,82,82,87,87,87,87,87,87,87,87,87,87,87,87,87,87],"card_choices":[{"not_picked":["blackbeard:Eyepatch","blackbeard:BlindAttacks"],"picked":"blackbeard:CloakAndCannonball","floor":1},{"not_picked":["blackbeard:Recklessness","blackbeard:PowderKeg"],"picked":"blackbeard:RearmingStrike","floor":2},{"not_picked":["blackbeard:Toast","blackbeard:BlindAttacks"],"picked":"blackbeard:BrownPants","floor":3},{"not_picked":["blackbeard:AgileStrike","blackbeard:RemoveScurvy"],"picked":"blackbeard:ReapersScythe","floor":6},{"not_picked":["blackbeard:Rum","blackbeard:Sharpening"],"picked":"blackbeard:Eyepatch","floor":7},{"not_picked":["blackbeard:VengefulSpirit","blackbeard:UndeadForm"],"picked":"blackbeard:GoldenStrike","floor":10},{"not_picked":["blackbeard:Dagger","blackbeard:Toast"],"picked":"blackbeard:Bandana","floor":13},{"not_picked":["blackbeard:JollyRoger","blackbeard:Upgrade"],"picked":"blackbeard:Spear","floor":14},{"not_picked":["blackbeard:Intoxication","blackbeard:GoldenGuillotine"],"picked":"blackbeard:Lifeboat","floor":16},{"not_picked":["blackbeard:RearmingStrike","blackbeard:DoubleBottom","blackbeard:Recklessness+1"],"picked":"SKIP","floor":18},{"not_picked":["blackbeard:PiratesWill","blackbeard:CannonballSupply"],"picked":"blackbeard:DoubleCannonball","floor":19},{"not_picked":["blackbeard:PiratesWill","blackbeard:GoldenGuillotine"],"picked":"blackbeard:PirateStrength+1","floor":25},{"not_picked":["blackbeard:TacticalRetreat","blackbeard:HumongousCannonball"],"picked":"blackbeard:Shrapnel","floor":28},{"not_picked":["blackbeard:DelayedPain","blackbeard:Fencing","blackbeard:WiseDefense"],"picked":"SKIP","floor":29},{"not_picked":["blackbeard:PirateStrength+1","blackbeard:Parrot+1"],"picked":"blackbeard:FinalBarrage","floor":33},{"not_picked":["blackbeard:BrownPants+1","blackbeard:Revenge+1"],"picked":"blackbeard:DoubleCannonball+1","floor":35},{"not_picked":["blackbeard:WiseDefense","blackbeard:RearmingStrike"],"picked":"blackbeard:BeatUp","floor":36},{"not_picked":["blackbeard:WoodenLeg+1","blackbeard:Sword","blackbeard:RearmingStrike+1"],"picked":"SKIP","floor":38}],"player_experience":834500,"relics_obtained":[{"floor":4,"key":"blackbeard:WhitePearl"},{"floor":6,"key":"Lizard Tail"},{"floor":9,"key":"Shuriken"},{"floor":10,"key":"Potion Belt"},{"floor":25,"key":"Nunchaku"},{"floor":26,"key":"Matryoshka"},{"floor":29,"key":"Unceasing Top"},{"floor":36,"key":"TungstenRod"}],"event_choices":[{"damage_healed":0,"gold_gain":100,"player_choice":"Gold","damage_taken":0,"max_hp_gain":0,"max_hp_loss":0,"event_name":"Wheel of Change","floor":8,"gold_loss":0},{"damage_healed":0,"gold_gain":0,"player_choice":"Read","damage_taken":0,"max_hp_gain":0,"max_hp_loss":0,"event_name":"The Library","floor":20,"gold_loss":0,"cards_obtained":["blackbeard:PowderKeg"]},{"damage_healed":0,"gold_gain":99,"player_choice":"Stole From Cult","damage_taken":0,"max_hp_gain":0,"max_hp_loss":0,"event_name":"Nest","floor":21,"gold_loss":0},{"damage_healed":0,"gold_gain":0,"player_choice":"Traded Relic","damage_taken":0,"relics_obtained":["Nloth\u0027s Gift"],"max_hp_gain":0,"max_hp_loss":0,"event_name":"N\u0027loth","floor":23,"relics_lost":["Shuriken"],"gold_loss":0},{"damage_healed":0,"gold_gain":0,"player_choice":"Paid Fearfully","damage_taken":0,"max_hp_gain":0,"max_hp_loss":0,"event_name":"Masked Bandits","floor":30,"gold_loss":155},{"damage_healed":0,"gold_gain":0,"player_choice":"Fight","damage_taken":0,"max_hp_gain":0,"max_hp_loss":0,"event_name":"MindBloom","floor":36,"gold_loss":0},{"damage_healed":0,"gold_gain":0,"player_choice":"Ignored","damage_taken":0,"max_hp_gain":0,"max_hp_loss":0,"event_name":"Tomb of Lord Red Mask","floor":37,"gold_loss":0},{"damage_healed":0,"gold_gain":0,"player_choice":"Bought 1 Potion","damage_taken":0,"max_hp_gain":0,"max_hp_loss":0,"event_name":"The Woman in Blue","floor":39,"gold_loss":0}],"is_beta":false,"boss_relics":[{"not_picked":["Astrolabe","Tiny House"],"picked":"Cursed Key"},{"not_picked":["Empty Cage","blackbeard:SoberMinded"],"picked":"Sozu"}],"items_purged_floors":[5],"is_endless":false,"potions_floor_spawned":[1,2,14,16,25,29,36,38],"killed_by":"Reptomancer","ascension_level":0}}