{"host":"oc9z8cublggqyfxu","time":1611132885,"event":{"mods":["AchievementEnabler","Act Like it!","Aspiration","BaseMod","Colored Map","Colored Powertips","Dota2Spire","Friendly Minions","Gensokyo","GifTheSpireLib","Hallownest","Hermit","Highlight Path","Infinite Spire","KinomotoSakuraMod(木之本樱)","Koishi","Lobotomy","LobotomyExtend","Marisa（F雨　魔理沙）","Minty Spire (QoL Compilation)","Quick Restart","Rare Cards Sparkle","Relic Stats","Remilia（蕾米莉亚）","Replay The Spire","RumiaBox-露米娅的神秘盒子","Spicy Shops","StSLib","The Administrix","The Animator","The Blackbeard","The Bug Knight","The Cursed","The Hierophant","The Mystic","The Runesmith","The Servant 0.9.4","Yakumo Yukari mod","Youmu（魂魄妖梦）","Yuyuko","vexMod","【功能Mod】混沌之环修复补丁","【功能Mod】聪明的最终Boss"],"gold_per_floor":[274,66,83,99,409,409,423,423,423,423,423,423,423,423,423,54,54,74,74],"floor_reached":18,"language":"ZHS","playtime":781,"items_purged":["Clumsy"],"score":115,"play_id":"eeab50e4-3217-4e12-9efd-43b6ea7125f6","local_time":"20210120165445","is_ascension_mode":true,"campfire_choices":[{"floor":6,"key":"REST"},{"floor":10,"key":"REST"},{"floor":14,"key":"REST"},{"data":"Neutralize","floor":17,"key":"SMITH"}],"circlet_count":0,"master_deck":["Strike_G","Strike_G","Strike_G","Strike_G","Strike_G","Defend_G","Defend_G","Defend_G","Defend_G","Defend_G","Survivor","Neutralize+1","SnowQueen","Dagger Spray","FieryBird","Heel Hook"],"relics":["Ring of the Snake","CogitoBucket","RabbitCall","LetterFromLob","aspiration:TomeofQuesting","infinitespire:Joker Card","Gensokyo:NagashiBinaDoll","Mirror","Replay:Bandana","Boot","Gensokyo:Companionship"],"acts_visited":["Gensokyo:Gensokyo"],"potions_floor_usage":[18,18],"damage_taken":[{"damage":11,"enemies":"Gensokyo:Gryphon","floor":1,"turns":4},{"damage":5,"enemies":"Gensokyo:Python","floor":3,"turns":5},{"damage":14,"enemies":"Gensokyo:3_Fairies","floor":4,"turns":8},{"damage":38,"enemies":"Gensokyo:2_Rabbits","floor":5,"turns":4},{"damage":21,"enemies":"Gensokyo:Kitsune","floor":7,"turns":5},{"damage":45,"enemies":"Gensokyo:Yukari","floor":18,"turns":11}],"seed_played":"-7347281956395300222","potions_obtained":[{"floor":5,"key":"GamblersBrew"},{"floor":7,"key":"PowerPotion"}],"is_trial":false,"path_per_floor":["M","COS","M","M","M","R","M","?","T","R","?","PTL","PTL","R","?","$","R","B"],"character_chosen":"THE_SILENT","items_purchased":["Replay:Bandana","Boot"],"campfire_rested":3,"item_purchase_floors":[16,16],"current_hp_per_floor":[59,59,54,40,2,23,2,2,2,23,23,23,23,44,44,44,44,0,0],"gold":74,"neow_bonus":"","is_daily":false,"chose_seed":false,"campfire_upgraded":1,"win_rate":0.0,"timestamp":1611132885,"path_taken":["M","COS","M","M","M","R","M","?","T","R","?","PTL","PTL","R","?","?","R","BOSS"],"items_purchased_type":["Relic","Relic"],"build_version":"2020-12-22","purchased_purges":1,"victory":false,"max_hp_per_floor":[70,70,70,70,70,70,70,70,70,70,70,70,70,70,70,70,70,70,70],"relic_stats":{"counters":[6,37],"Boot":[35],"obtain_stats":[{"RabbitCall":0,"CogitoBucket":0,"Replay:Bandana":16,"Gensokyo:Companionship":18,"aspiration:TomeofQuesting":4,"infinitespire:Joker Card":7,"Gensokyo:NagashiBinaDoll":8,"LetterFromLob":1,"Mirror":9,"Boot":16,"Ring of the Snake":0},{"RabbitCall":0,"CogitoBucket":0,"Replay:Bandana":5,"Gensokyo:Companionship":6,"aspiration:TomeofQuesting":3,"infinitespire:Joker Card":5,"Gensokyo:NagashiBinaDoll":5,"LetterFromLob":1,"Mirror":5,"Boot":5,"Ring of the Snake":0},{"RabbitCall":0,"CogitoBucket":0,"Replay:Bandana":26,"Gensokyo:Companionship":27,"aspiration:TomeofQuesting":11,"infinitespire:Joker Card":23,"Gensokyo:NagashiBinaDoll":26,"LetterFromLob":4,"Mirror":26,"Boot":26,"Ring of the Snake":0}],"Ring of the Snake":[12]},"card_choices":[{"not_picked":["PunishingBird","UniverseFragment","FairyFestival"],"picked":"Singing Bowl","floor":1},{"not_picked":["BlackSwan","BeautyBeast"],"picked":"SnowQueen","floor":1},{"not_picked":["Draining Mist","ReplayTheSpireMod:The Works"],"picked":"Dagger Spray","floor":1},{"not_picked":["Bloodbath","WallGazer","FairyFestival"],"picked":"Singing Bowl","floor":3},{"not_picked":["Underhanded Strike","Quick Slash","Sucker Punch"],"picked":"SKIP","floor":3},{"not_picked":["WallGazer","VoidDream","Wellcheers"],"picked":"Singing Bowl","floor":4},{"not_picked":["BeautyBeast","CrumblingArmor"],"picked":"FieryBird","floor":4},{"not_picked":["Prepared","Distraction","Crippling Poison"],"picked":"SKIP","floor":4},{"not_picked":["GalaxyChild","Porccubus","ShyLook"],"picked":"Singing Bowl","floor":5},{"not_picked":["Prepared","Flying Knee","Dodge and Roll"],"picked":"SKIP","floor":5},{"not_picked":["OldLady","FairyFestival","Scorched"],"picked":"Singing Bowl","floor":7},{"not_picked":["Quick Slash","Deadly Poison"],"picked":"Heel Hook","floor":7}],"player_experience":346188,"relics_obtained":[{"floor":1,"key":"LetterFromLob"},{"floor":9,"key":"Mirror"}],"event_choices":[],"is_beta":false,"boss_relics":[],"items_purged_floors":[16],"is_endless":false,"potions_floor_spawned":[5,7],"killed_by":"Gensokyo:Yukari","ascension_level":3}}