{"host":"lip44byzewa3adv8","time":1611186505,"event":{"mods":["BaseMod","Curses Come First","Minty Spire (QoL Compilation)","Relic Sorter","Relic Stats","StSLib","Synergy Search"],"gold_per_floor":[110,128,128,140,156,183,202,202,202],"floor_reached":8,"language":"ENG","playtime":447,"items_purged":[],"score":75,"play_id":"12604d4f-8bdb-4031-b3c9-4d1e6ba1efdc","local_time":"20210120184825","is_ascension_mode":true,"campfire_choices":[],"circlet_count":0,"master_deck":["Strike_G","Strike_G","Strike_G","Strike_G","Defend_G","Defend_G","Defend_G","Defend_G","Defend_G","Survivor","Neutralize","All Out Attack","Dodge and Roll","Cloak And Dagger","Flying Knee","Dagger Spray","Caltrops","Acrobatics"],"relics":["Runic Pyramid","Bottled Lightning"],"acts_visited":["Exordium"],"potions_floor_usage":[6,8],"damage_taken":[{"damage":1,"enemies":"Small Slimes","floor":1,"turns":4},{"damage":0,"enemies":"Cultist","floor":2,"turns":4},{"damage":0,"enemies":"Jaw Worm","floor":4,"turns":4},{"damage":6,"enemies":"Exordium Wildlife","floor":5,"turns":5},{"damage":28,"enemies":"Gremlin Nob","floor":6,"turns":5},{"damage":2,"enemies":"2 Fungi Beasts","floor":7,"turns":2},{"damage":4,"enemies":"Lagavulin","floor":8,"turns":8}],"seed_played":"9132347815730657663","potions_obtained":[{"floor":1,"key":"Energy Potion"},{"floor":7,"key":"Dexterity Potion"}],"is_trial":false,"path_per_floor":["M","M","?","M","M","E","M","E"],"character_chosen":"THE_SILENT","items_purchased":[],"campfire_rested":0,"item_purchase_floors":[],"current_hp_per_floor":[69,69,69,69,63,35,33,29,29],"gold":202,"neow_bonus":"BOSS_RELIC","is_daily":false,"chose_seed":false,"campfire_upgraded":0,"win_rate":0.0,"timestamp":1611186505,"path_taken":["M","M","?","M","M","E","M","E"],"items_purchased_type":[],"build_version":"2020-12-22","purchased_purges":0,"victory":false,"max_hp_per_floor":[70,70,70,70,70,70,70,70,70],"relic_stats":{"counters":[7,32],"obtain_stats":[{"Bottled Lightning":6,"Ring of the Snake":0,"Runic Pyramid":0},{"Bottled Lightning":5,"Ring of the Snake":0,"Runic Pyramid":0},{"Bottled Lightning":22,"Ring of the Snake":0,"Runic Pyramid":0}]},"card_choices":[{"not_picked":["Distraction","Acrobatics"],"picked":"All Out Attack","floor":1},{"not_picked":["Finisher","Quick Slash"],"picked":"Dodge and Roll","floor":2},{"not_picked":["Backstab","Choke"],"picked":"Flying Knee","floor":4},{"not_picked":["Dagger Throw","Finisher"],"picked":"Dagger Spray","floor":5},{"not_picked":["Cloak And Dagger","Wraith Form v2"],"picked":"Caltrops","floor":6},{"not_picked":["Flying Knee","Prepared"],"picked":"Acrobatics","floor":7}],"player_experience":734524,"relics_obtained":[{"floor":6,"key":"Bottled Lightning"}],"event_choices":[{"damage_healed":0,"gold_gain":0,"cards_transformed":["Strike_G"],"player_choice":"Transformed","damage_taken":0,"max_hp_gain":0,"max_hp_loss":0,"event_name":"Transmorgrifier","floor":3,"gold_loss":0,"cards_obtained":["Cloak And Dagger"]}],"is_beta":false,"boss_relics":[],"items_purged_floors":[],"is_endless":false,"potions_floor_spawned":[1,7],"killed_by":"Lagavulin","ascension_level":5}}