{"host":"xjgju6xnzap4dxqe","time":1611122474,"event":{"mods":["2.2 Compatiblity","Aspiration","BaseMod","Block Reminder","Colored Map","DeckTracker","Disable Question Mark Monsters","Downfall","Energized Spire","Minty Spire (QoL Compilation)","Permanent Neow","Quick Restart","Spikes Relics","StS++","StSLib","Unceasing Turn Reminder","everything is the same but u backflip on backflip","slay the spire mod where everything is the same but ironclad has a cowboy hat"],"gold_per_floor":[99,117,117,133,147,165,165,198,198,198,25,35,66,83,103,103,103,103],"floor_reached":16,"language":"ENG","playtime":1056,"items_purged":[],"score":114,"play_id":"c926d2b1-86a2-4cd8-b193-0fbaf777e691","local_time":"20210119220114","is_ascension_mode":false,"campfire_choices":[{"data":"champ:Taunt","floor":1,"key":"SMITH"},{"data":"champ:Improvising","floor":10,"key":"SMITH"}],"circlet_count":0,"master_deck":["champ:Strike","champ:Strike","champ:Strike","champ:Strike","champ:Defend","champ:Defend","champ:Defend","champ:Defend","champ:Execute","champ:Taunt+1","champ:FanOfKnives","champ:CrownThrow","champ:ShieldSlam","champ:Encircle","champ:FanOfKnives","champ:Improvising+1","champ:BerserkersShout","champ:FocusedBerserking","champ:Duel","champ:StanceDance","champ:AdrenalArmor","champ:CalledShot","champ:BringItOn","champ:Shatter"],"relics":["champ:ChampionCrown","Bag of Marbles","Nunchaku","Strawberry"],"acts_visited":["Exordium"],"potions_floor_usage":[2,8],"damage_taken":[{"damage":8,"enemies":"Small Slimes","floor":2,"turns":3},{"damage":17,"enemies":"2 Louse","floor":4,"turns":3},{"damage":10,"enemies":"Cultist","floor":5,"turns":3},{"damage":22,"enemies":"2 Fungi Beasts","floor":6,"turns":3},{"damage":46,"enemies":"Lagavulin","floor":8,"turns":5},{"damage":10,"enemies":"downfall:FleeingMerchant","floor":11,"turns":4},{"damage":35,"enemies":"Large Slime","floor":12,"turns":4},{"damage":31,"enemies":"Gremlin Nob","floor":13,"turns":3},{"damage":5,"enemies":"Gremlin Gang","floor":14,"turns":2},{"damage":29,"enemies":"Exordium Thugs","floor":15,"turns":4},{"damage":59,"enemies":"IC_STATUS_ARCHETYPE","floor":16,"turns":6}],"seed_played":"-649575891073113249","potions_obtained":[{"floor":2,"key":"Fruit Juice"},{"floor":6,"key":"Energy Potion"},{"floor":8,"key":"champ:CounterPotion"},{"floor":12,"key":"bronze:BurnAndBuffPotion"}],"is_trial":false,"path_per_floor":["R","M","?","M","M","M","T","E","?","R","$","M","E","M","M","B"],"character_chosen":"THE_CHAMP","items_purchased":["champ:FocusedBerserking","champ:Duel","champ:StanceDance"],"campfire_rested":0,"item_purchase_floors":[11,11,11],"current_hp_per_floor":[90,92,92,85,85,73,73,52,62,62,57,47,48,48,39,0,0,0],"gold":103,"neow_bonus":"THREE_CARDS","is_daily":false,"chose_seed":false,"campfire_upgraded":2,"win_rate":0.0,"timestamp":1611122474,"path_taken":["R","M","?","M","M","M","T","E","?","R","$","M","E","?","M","BOSS"],"items_purchased_type":["Card","Card","Card"],"build_version":"2020-12-22","purchased_purges":0,"victory":false,"max_hp_per_floor":[90,95,95,95,95,95,95,95,95,95,95,95,102,102,102,102,102,102],"card_choices":[{"not_picked":["champ:EndlessRage","champ:FlashCut"],"picked":"champ:FanOfKnives","floor":0},{"not_picked":["champ:FancyFootwork","champ:FanOfKnives"],"picked":"champ:CrownThrow","floor":2},{"not_picked":["champ:CrownThrow","champ:ArenaPreparation"],"picked":"champ:ShieldSlam","floor":4},{"not_picked":["champ:PerfectedStrike","champ:FlashCut"],"picked":"champ:Encircle","floor":5},{"not_picked":["champ:BladeFlurry","champ:PreemptiveStrike"],"picked":"champ:FanOfKnives","floor":6},{"not_picked":["champ:SkillfulDodge","champ:GutPunch"],"picked":"champ:Improvising","floor":8},{"not_picked":["champ:Backstep","champ:AdrenalArmor"],"picked":"champ:BerserkersShout","floor":11},{"not_picked":["champ:PreemptiveStrike","champ:FocusedBerserking"],"picked":"champ:AdrenalArmor","floor":12},{"not_picked":["champ:Parry","champ:ShieldThrow"],"picked":"champ:CalledShot","floor":13},{"not_picked":["champ:GladiatorStyle","champ:FanOfKnives"],"picked":"champ:BringItOn","floor":14},{"not_picked":["champ:Backstep","champ:FalseCounter"],"picked":"champ:Shatter","floor":15}],"player_experience":59719,"relics_obtained":[{"floor":7,"key":"Bag of Marbles"},{"floor":8,"key":"Nunchaku"},{"floor":13,"key":"Strawberry"}],"event_choices":[],"is_beta":false,"boss_relics":[],"items_purged_floors":[],"is_endless":false,"potions_floor_spawned":[2,6,8,12],"killed_by":"IC_STATUS_ARCHETYPE","ascension_level":0}}