{"host":"684z1xpuwaoqmmh1","time":1611148847,"event":{"mods":["BaseMod","Downfall","Hermit","Jorbs\u0027s Wanderer Trilogy","Marisa????????","Minty Spire (QoL Compilation)","Robot Space Explorer","Shade Mod","StSLib","The Bug Knight","The Cursed","The Dragon Tamer","The Hayseed","The Hierophant","The Marked","The Mystic","The Runesmith","The Senshi"],"gold_per_floor":[117,117,130,150,173,184,184,206,206,231,247,280,280,313,313,414,414,433,447,467,486,486,520,236,236,314,330,359,379,379,421,421,534,534,559,609,624,651,671,705,429,429,429,452,467,467,467,499,499,499,499,499,15,41,41],"floor_reached":56,"language":"ENG","playtime":5447,"items_purged":["DTMod:Strike","DTMod:Strike"],"score":1464,"play_id":"cf96362a-f03a-4fe3-9567-bdb87d7545fe","local_time":"20210120152047","is_ascension_mode":false,"metric_token":1171,"campfire_choices":[{"data":"DTMod:Astonish","floor":7.0,"key":"SMITH"},{"data":"DTMod:Prediction","floor":15.0,"key":"SMITH"},{"data":"DTMod:HeadStart","floor":30.0,"key":"SMITH"},{"data":"DTMod:HeatWave","floor":32,"key":"SMITH"},{"floor":46,"key":"RECALL"},{"data":"DTMod:ShadowImage","floor":49,"key":"SMITH"},{"data":"DTMod:Training","floor":52,"key":"SMITH"}],"dtmod_dragon_data":[17,58,1,0,12,3],"circlet_count":0,"master_deck":["DTMod:Strike+1","DTMod:Strike","DTMod:DoubleHit","DTMod:TargetDefense","DTMod:TargetDefense","DTMod:TargetDefense","DTMod:SwitchingTactic+1","DTMod:Astonish+1","DTMod:PurifyingFlame","DTMod:HeatWave+1","DTMod:GhostSkin","DTMod:CleansingStrike","DTMod:Prediction+1","DTMod:Training+1","DTMod:Hide","DTMod:HeadStart+1","DTMod:BalancedStrike","DTMod:ResonanceForm","DTMod:BurningEnergy+1","DTMod:Feint","DTMod:WarmUp+1","DTMod:StarRain","DTMod:RepeatStrike","DTMod:CrossStep","DTMod:ShadowImage+1","DTMod:HeadStart","DTMod:ComboAttack","DTMod:Multitask","DTMod:InvisibleFlame+1","DTMod:Dissolve+1","Thinking Ahead","DTMod:BizarreTactic"],"relics":["DTMod:PactStone","Smiling Mask","Odd Mushroom","champ:DuelingGlove","Blood Vial","Bronze Scales","Lizard Tail","Black Star","Singing Bowl","DTMod:DragonFood","Pocketwatch","champ:Barbells","CeramicFish","Bottled Tornado","Oddly Smooth Stone","theSenshi:SailorFukuRelic","Coffee Dripper","TungstenRod","InkBottle","Matryoshka","Bag of Preparation","Vajra","Darkstone Periapt","Pantograph","Molten Egg 2","Membership Card","Blue Candle","Boot","Art of War","Thread and Needle"],"acts_visited":["Exordium","TheCity","TheBeyond","TheEnding"],"potions_floor_usage":[31,31,37,39,48,55,55,55,55,55],"damage_taken":[{"damage":0.0,"enemies":"Cultist","floor":1.0,"turns":4.0},{"damage":0.0,"enemies":"Jaw Worm","floor":3.0,"turns":3.0},{"damage":0.0,"enemies":"Small Slimes","floor":4.0,"turns":2.0},{"damage":0.0,"enemies":"Looter","floor":6.0,"turns":3.0},{"damage":8.0,"enemies":"The Mushroom Lair","floor":8.0,"turns":6.0},{"damage":0.0,"enemies":"3 Sentries","floor":10.0,"turns":7.0},{"damage":0.0,"enemies":"Gremlin Gang","floor":11.0,"turns":5.0},{"damage":8.0,"enemies":"Lagavulin","floor":12.0,"turns":7.0},{"damage":10.0,"enemies":"3 Sentries","floor":14.0,"turns":7.0},{"damage":3.0,"enemies":"Hexaghost","floor":16.0,"turns":10.0},{"damage":0.0,"enemies":"2 Thieves","floor":18.0,"turns":4.0},{"damage":16.0,"enemies":"Snecko","floor":19.0,"turns":6.0},{"damage":0.0,"enemies":"Snake Plant","floor":20.0,"turns":3.0},{"damage":2.0,"enemies":"Centurion and Healer","floor":21.0,"turns":6.0},{"damage":0.0,"enemies":"Gremlin Leader","floor":23.0,"turns":5.0},{"damage":0.0,"enemies":"3 Cultists","floor":27.0,"turns":6.0},{"damage":0.0,"enemies":"HollowMod:Nosk","floor":28.0,"turns":5.0},{"damage":0.0,"enemies":"Snecko","floor":29.0,"turns":4.0},{"damage":9,"enemies":"Slavers","floor":31,"turns":4},{"damage":0,"enemies":"Collector","floor":33,"turns":9},{"damage":0,"enemies":"3 Shapes","floor":35,"turns":4},{"damage":0,"enemies":"Mind Bloom Boss Battle","floor":36,"turns":7},{"damage":13,"enemies":"3 Darklings","floor":37,"turns":5},{"damage":20,"enemies":"4 Shapes","floor":38,"turns":4},{"damage":0,"enemies":"Transient","floor":39,"turns":5},{"damage":43,"enemies":"Reptomancer","floor":40,"turns":7},{"damage":0,"enemies":"3 Darklings","floor":44,"turns":4},{"damage":0,"enemies":"Maw","floor":45,"turns":6},{"damage":5,"enemies":"Nemesis","floor":48,"turns":7},{"damage":31,"enemies":"Time Eater","floor":50,"turns":12},{"damage":0,"enemies":"Shield and Spear","floor":54,"turns":7},{"damage":43,"enemies":"The Heart","floor":55,"turns":10}],"seed_played":"-4419834367302575236","potions_obtained":[{"floor":3.0,"key":"ColorlessPotion"},{"floor":10.0,"key":"Guardian:BlockOnCardUsePotion"},{"floor":11.0,"key":"GamblersBrew"},{"floor":18.0,"key":"Weak Potion"},{"floor":19.0,"key":"BlessingOfTheForge"},{"floor":28.0,"key":"SteroidPotion"},{"floor":29.0,"key":"sneckomod:MuddlingPotion"},{"floor":33,"key":"Regen Potion"},{"floor":35,"key":"ColorlessPotion"},{"floor":40,"key":"Weak Potion"},{"floor":45,"key":"SteroidPotion"},{"floor":48,"key":"Strength Potion"}],"is_trial":false,"path_per_floor":["M","?","M","M","T","M","R","?","T","E","M","E","?","E","R","B",null,"M","M","M","M","T","E","$","?","T","M","E","M","R","E","R","B",null,"M","?","M","M","M","E","$","?","T","M","M","R","?","E","R","B",null,"R","$","E","B",null],"character_chosen":"THE_DT","items_purchased":["champ:Barbells","Guardian:BlockOnCardUsePotion","DTMod:InvisibleFlame","Bag of Preparation","Membership Card","Blue Candle","Boot","Thinking Ahead","DTMod:BizarreTactic","EntropicBrew"],"campfire_rested":0,"item_purchase_floors":[24,24,41,41,53,53,53,53,53,53],"current_hp_per_floor":[49,54,54,54,54,54,54,46,46,46,48,42,42,34,34,33,54,54,38,40,40,40,42,42,42,42,46,50,52,52,45,45,47,58,58,60,49,31,50,11,11,13,13,15,19,19,19,18,18,14,72,72,72,74,31],"gold":41,"neow_bonus":"TEN_PERCENT_HP_BONUS","is_daily":false,"chose_seed":false,"campfire_upgraded":6,"win_rate":0.0,"timestamp":1611148847,"path_taken":["M","?","M","M","?","M","R","?","T","E","M","E","?","E","R","BOSS","M","M","M","?","?","E","$","?","T","M","E","M","R","E","R","BOSS","M","?","M","M","M","E","$","?","T","M","M","R","?","E","R","BOSS","R","$","E","BOSS"],"items_purchased_type":["Relic","Potion","Card","Relic","Relic","Relic","Relic","Card","Card","Potion"],"build_version":"2020-12-22","purchased_purges":2,"victory":true,"max_hp_per_floor":[49,54,54,54,54,54,54,54,54,54,54,54,54,54,54,54,54,54,54,54,54,54,54,54,54,54,56,58,58,58,58,58,58,58,58,60,62,62,64,66,66,68,68,68,70,70,70,72,72,72,72,72,72,74,74],"card_choices":[{"not_picked":["DTMod:ComboAttack","DTMod:DeepFocus"],"picked":"DTMod:Astonish","floor":1.0},{"not_picked":["DTMod:BlazingStrike","DTMod:Cover"],"picked":"DTMod:PurifyingFlame","floor":3.0},{"not_picked":["DTMod:MagicField","DTMod:BuildUp"],"picked":"DTMod:HeatWave","floor":4.0},{"not_picked":["DTMod:FlameSlash","DTMod:Adaptation"],"picked":"DTMod:GhostSkin","floor":6.0},{"not_picked":["DTMod:Cover","DTMod:MagicField"],"picked":"DTMod:CleansingStrike","floor":8.0},{"not_picked":["DTMod:MaximumCharge","DTMod:Astonish"],"picked":"DTMod:Prediction","floor":10.0},{"not_picked":["DTMod:ForkedFire","DTMod:Punisher"],"picked":"DTMod:Training","floor":11.0},{"not_picked":["DTMod:BuildUp","DTMod:MagicField"],"picked":"DTMod:Hide","floor":12.0},{"not_picked":["DTMod:Observe","DTMod:Punisher"],"picked":"DTMod:BalancedStrike","floor":14.0},{"not_picked":["DTMod:OpeningTactic","DTMod:EchoTactic"],"picked":"DTMod:ResonanceForm","floor":16.0},{"not_picked":["DTMod:Hide","DTMod:Weaken"],"picked":"DTMod:BurningEnergy+1","floor":18.0},{"not_picked":["DTMod:Weaken","DTMod:Cover"],"picked":"DTMod:Feint","floor":19.0},{"not_picked":["DTMod:LowKick","DTMod:BuildUp"],"picked":"DTMod:WarmUp+1","floor":20.0},{"not_picked":["DTMod:Adaptation","DTMod:CleansingStrike+1"],"picked":"DTMod:StarRain","floor":21.0},{"not_picked":["DTMod:BurningEnergy","DTMod:CrossStep"],"picked":"DTMod:RepeatStrike","floor":23.0},{"not_picked":["DTMod:BurningForce","DTMod:BuildUp","DTMod:MagicField"],"picked":"Singing Bowl","floor":27.0},{"not_picked":["DTMod:CleansingStrike","DTMod:BizarreTactic","DTMod:Haste"],"picked":"Singing Bowl","floor":28.0},{"not_picked":["DTMod:QuickFly","DTMod:Feint"],"picked":"DTMod:CrossStep","floor":29.0},{"not_picked":["DTMod:BuildUp","DTMod:Training"],"picked":"DTMod:ShadowImage","floor":31},{"not_picked":["DTMod:RepeatStrike","DTMod:SealedStrike"],"picked":"DTMod:HeadStart","floor":33},{"not_picked":["DTMod:MagicField+1","DTMod:MaximumCharge"],"picked":"DTMod:ComboAttack","floor":35},{"not_picked":["DTMod:Threaten","DTMod:BuildUp+1","DTMod:Punisher+1"],"picked":"Singing Bowl","floor":36},{"not_picked":["DTMod:CalculatedDefense+1","DTMod:Cover","DTMod:Coolant+1"],"picked":"Singing Bowl","floor":37},{"not_picked":["DTMod:BlazingStrike","DTMod:MagicField"],"picked":"DTMod:Multitask","floor":38},{"not_picked":["DTMod:CleansingStrike","DTMod:QuickFly","DTMod:Feint"],"picked":"Singing Bowl","floor":39},{"not_picked":["DTMod:BalancedStrike+1","DTMod:BlazingStrike","DTMod:BizarreTactic"],"picked":"Singing Bowl","floor":40},{"not_picked":["Madness","Deep Breath","The Bomb"],"picked":"Singing Bowl","floor":42},{"not_picked":["DTMod:Punisher+1","DTMod:Astonish"],"picked":"DTMod:Dissolve","floor":44},{"not_picked":["DTMod:Threaten+1","DTMod:RecklessFlurry","DTMod:RunningTactic"],"picked":"Singing Bowl","floor":45},{"not_picked":["DTMod:WarmUp","DTMod:ComboAttack+1","DTMod:Punisher+1"],"picked":"Singing Bowl","floor":48},{"not_picked":["DTMod:BreakAttack+1","DTMod:ForkedFire+1","DTMod:HeatWave+1"],"picked":"Singing Bowl","floor":54}],"player_experience":2876332,"relics_obtained":[{"floor":5.0,"key":"Smiling Mask"},{"floor":8.0,"key":"Odd Mushroom"},{"floor":9.0,"key":"champ:DuelingGlove"},{"floor":10.0,"key":"Blood Vial"},{"floor":12.0,"key":"Bronze Scales"},{"floor":14.0,"key":"Lizard Tail"},{"floor":22.0,"key":"Singing Bowl"},{"floor":23.0,"key":"DTMod:DragonFood"},{"floor":23.0,"key":"Pocketwatch"},{"floor":28.0,"key":"CeramicFish"},{"floor":28.0,"key":"Bottled Tornado"},{"floor":31,"key":"Oddly Smooth Stone"},{"floor":31,"key":"theSenshi:SailorFukuRelic"},{"floor":36,"key":"TungstenRod"},{"floor":40,"key":"InkBottle"},{"floor":40,"key":"Matryoshka"},{"floor":43,"key":"Vajra"},{"floor":43,"key":"Darkstone Periapt"},{"floor":48,"key":"Pantograph"},{"floor":48,"key":"Molten Egg 2"},{"floor":54,"key":"Art of War"},{"floor":54,"key":"Thread and Needle"}],"event_choices":[{"damage_healed":0.0,"max_hp_gain":5.0,"max_hp_loss":0.0,"gold_gain":0.0,"event_name":"Big Fish","player_choice":"Donut","floor":2.0,"gold_loss":0.0,"damage_taken":0.0},{"damage_healed":0.0,"max_hp_gain":0.0,"max_hp_loss":0.0,"gold_gain":0.0,"event_name":"Mushrooms","player_choice":"Fought Mushrooms","floor":8.0,"gold_loss":0.0,"damage_taken":0.0},{"damage_healed":0.0,"max_hp_gain":0.0,"max_hp_loss":0.0,"gold_gain":0.0,"event_name":"Match and Keep!","player_choice":"1 cards matched","floor":13.0,"gold_loss":0.0,"damage_taken":0.0,"cards_obtained":["DTMod:HeadStart"]},{"damage_healed":0,"gold_gain":0,"player_choice":"Fight","damage_taken":0,"max_hp_gain":0,"max_hp_loss":0,"event_name":"MindBloom","floor":36,"gold_loss":0},{"damage_healed":0,"gold_gain":0,"player_choice":"Memory 1","damage_taken":0,"max_hp_gain":0,"max_hp_loss":0,"event_name":"SensoryStone","floor":42,"gold_loss":0},{"cards_removed":["DTMod:TargetDefense"],"damage_healed":0,"gold_gain":0,"player_choice":"Removed Skill","damage_taken":0,"max_hp_gain":0,"max_hp_loss":0,"event_name":"Falling","floor":47,"gold_loss":0}],"is_beta":false,"boss_relics":[{"not_picked":["Snecko Eye","Cursed Key"],"picked":"Black Star"},{"not_picked":["Philosopher\u0027s Stone","Empty Cage"],"picked":"Coffee Dripper"}],"items_purged_floors":[24,41],"is_endless":false,"potions_floor_spawned":[3,10,11,18,19,28,29,33,35,40,45,48],"ascension_level":0}}