{"host":"iyj530209nkhhjuz","time":1611177347,"event":{"mods":["AchievementEnabler","BaseMod","Better Match","Better Note","Better Third Choice","BetterRewards","Colored Map","Colored Powertips","Dark Map","Fox Events","Highlight Path","Minty Spire (QoL Compilation)","Permanent Neow","Random Character Button","Rare Cards Sparkle","Relic Stats","StSLib","Waifu the Spire"],"gold_per_floor":[119,119,144,144,20,49,49,65,112,143,153,164,190,206,206,309,309,323,333,333,293,306,337,39,39,84,95,95,111,210,235,235,336,336,352,402,402,128,128,141,141,169,195,45,65,65,90,107,107,107],"floor_reached":51,"language":"ENG","playtime":5074,"items_purged":["Shame","Parasite","Regret","Shame"],"score":1409,"play_id":"b9cc28d3-9699-48da-b572-a0b4814b8391","local_time":"20210120221547","is_ascension_mode":true,"campfire_choices":[{"floor":7.0,"key":"REST"},{"floor":15.0,"key":"REST"},{"floor":28.0,"key":"REST"},{"floor":32,"key":"REST"},{"data":"Pommel Strike","floor":41,"key":"SMITH"},{"floor":49,"key":"REST"}],"circlet_count":0,"master_deck":["Strike_R","Strike_R","Strike_R+1","Strike_R","Defend_R","Defend_R","Defend_R","Defend_R+1","Bash","Headbutt+1","Fire Breathing+1","Reckless Charge","Hemokinesis+1","Wild Strike","Power Through","True Grit","Sentinel","Wild Strike","Fiend Fire+1","Pommel Strike+1","Buffer+1","Armaments+1","Demon Form","Fire Breathing+1","Fire Breathing+1","Reaper","Wild Strike+1","Barricade+1","Dark Embrace+1","Fire Breathing+1"],"relics":["Cursed Key","Strawberry","Happy Flower","Anchor","InkBottle","Dream Catcher","SacredBark","StoneCalendar","Sling","Frozen Egg 2","Blood Vial","Red Skull","Mark of Pain","Ginger","Bag of Preparation","Whetstone","Self Forming Clay"],"acts_visited":["Exordium","TheCity","TheBeyond"],"potions_floor_usage":[31,42,47,48,50],"damage_taken":[{"damage":5.0,"enemies":"Small Slimes","floor":1.0,"turns":4.0},{"damage":25.0,"enemies":"Gremlin Nob","floor":6.0,"turns":4.0},{"damage":2.0,"enemies":"Jaw Worm","floor":8.0,"turns":3.0},{"damage":36.0,"enemies":"Lagavulin","floor":10.0,"turns":4.0},{"damage":2.0,"enemies":"2 Louse","floor":11.0,"turns":2.0},{"damage":2.0,"enemies":"Blue Slaver","floor":12.0,"turns":1.0},{"damage":2.0,"enemies":"3 Sentries","floor":13.0,"turns":5.0},{"damage":8.0,"enemies":"Exordium Wildlife","floor":14.0,"turns":5.0},{"damage":4.0,"enemies":"Slime Boss","floor":16.0,"turns":4.0},{"damage":2.0,"enemies":"Chosen","floor":18.0,"turns":3.0},{"damage":11.0,"enemies":"Shell Parasite","floor":19.0,"turns":4.0},{"damage":19.0,"enemies":"Centurion and Healer","floor":22.0,"turns":4.0},{"damage":42.0,"enemies":"Gremlin Leader","floor":23.0,"turns":7.0},{"damage":27.0,"enemies":"Snake Plant","floor":27.0,"turns":4.0},{"damage":6.0,"enemies":"Cultist and Chosen","floor":29.0,"turns":6.0},{"damage":24,"enemies":"Book of Stabbing","floor":31,"turns":5},{"damage":41,"enemies":"Collector","floor":33,"turns":8},{"damage":2,"enemies":"3 Shapes","floor":35,"turns":4},{"damage":0,"enemies":"Mind Bloom Boss Battle","floor":36,"turns":5},{"damage":4,"enemies":"3 Darklings","floor":40,"turns":4},{"damage":48,"enemies":"Nemesis","floor":42,"turns":7},{"damage":0,"enemies":"Spire Growth","floor":45,"turns":4},{"damage":11,"enemies":"Giant Head","floor":47,"turns":5},{"damage":24,"enemies":"Writhing Mass","floor":48,"turns":4},{"damage":135,"enemies":"Time Eater","floor":50,"turns":11}],"seed_played":"-7214565358112226142","potions_obtained":[{"floor":1.0,"key":"BloodPotion"},{"floor":8.0,"key":"ColorlessPotion"},{"floor":11.0,"key":"AttackPotion"},{"floor":22.0,"key":"BloodPotion"},{"floor":23.0,"key":"FairyPotion"},{"floor":27.0,"key":"PowerPotion"},{"floor":31,"key":"SpeedPotion"},{"floor":40,"key":"EssenceOfSteel"},{"floor":45,"key":"SkillPotion"},{"floor":47,"key":"ColorlessPotion"}],"is_trial":false,"path_per_floor":["M","?","T","?","$","E","R","M","T","E","M","M","E","M","R","B",null,"M","M","?","?","M","E","$","?","T","M","R","M","?","E","R","B",null,"M","?","?","$","?","M","R","E","T","$","M","?","E","M","R","B",null],"character_chosen":"IRONCLAD","items_purchased":["PowerPotion","BloodPotion","Sling","Bag of Preparation"],"campfire_rested":5,"item_purchase_floors":[5,24,24,38],"current_hp_per_floor":[67,67,74,57,57,32,58,56,56,20,35,33,31,23,49,45,77,75,64,64,64,45,3,3,3,3,11,36,32,32,10,35,7,65,65,71,71,71,71,69,69,23,23,23,32,52,61,39,70,62],"gold":107,"neow_bonus":"BOSS_RELIC","is_daily":false,"chose_seed":false,"campfire_upgraded":1,"win_rate":0.0,"timestamp":1611177347,"path_taken":["M","?","?","?","?","E","R","M","T","E","M","M","E","M","R","BOSS","M","M","?","?","?","E","?","?","T","M","R","M","?","E","R","BOSS","M","?","?","$","?","M","R","E","T","$","M","?","E","?","R","BOSS"],"items_purchased_type":["Potion","Potion","Relic","Relic"],"build_version":"2020-12-22","purchased_purges":4,"victory":true,"max_hp_per_floor":[80,80,87,87,87,87,87,87,87,87,87,87,87,87,87,87,87,87,87,87,87,87,87,84,84,84,84,84,84,84,84,84,84,84,84,84,84,84,84,84,84,84,84,84,84,104,104,104,104,104],"relic_stats":{"Blood Vial":24,"Dream Catcher":4,"Happy Flower":[36],"counters":[26,123],"Self Forming Clay":[39],"StoneCalendar":[104],"Bag of Preparation":[12],"Ginger":[8],"Whetstone":["Hemokinesis","Fiend Fire"],"Cursed Key":4,"obtain_stats":[{"Pear":0,"Happy Flower":6,"Self Forming Clay":47,"SacredBark":17,"StoneCalendar":23,"Bag of Preparation":38,"Ginger":36,"Whetstone":42,"Frozen Egg 2":25,"Cursed Key":0,"Sling":24,"Burning Blood":0,"White Beast Statue":0,"Blood Vial":26,"CaptainsWheel":0,"Anchor":9,"Dream Catcher":13,"Strawberry":3,"Mark of Pain":34,"InkBottle":10,"Red Skull":31},{"Pear":0,"Happy Flower":3,"Self Forming Clay":24,"SacredBark":10,"StoneCalendar":14,"Bag of Preparation":20,"Ginger":20,"Whetstone":22,"Frozen Egg 2":14,"Cursed Key":1,"Sling":14,"Burning Blood":0,"White Beast Statue":0,"Blood Vial":14,"CaptainsWheel":0,"Anchor":4,"Dream Catcher":8,"Strawberry":2,"Mark of Pain":18,"InkBottle":5,"Red Skull":17},{"Pear":0,"Happy Flower":14,"Self Forming Clay":108,"SacredBark":38,"StoneCalendar":56,"Bag of Preparation":88,"Ginger":88,"Whetstone":99,"Frozen Egg 2":56,"Cursed Key":6,"Sling":56,"Burning Blood":0,"White Beast Statue":0,"Blood Vial":56,"CaptainsWheel":0,"Anchor":17,"Dream Catcher":29,"Strawberry":10,"Mark of Pain":79,"InkBottle":21,"Red Skull":71}],"InkBottle":[34]},"card_choices":[{"not_picked":["Evolve","Thunderclap"],"picked":"Headbutt","floor":1.0},{"not_picked":["Pummel","Anger"],"picked":"Reckless Charge","floor":6.0},{"not_picked":["Body Slam","Flex"],"picked":"Hemokinesis","floor":8.0},{"not_picked":["Spot Weakness","Clothesline"],"picked":"Wild Strike","floor":10.0},{"not_picked":["Anger","Bludgeon"],"picked":"Power Through","floor":11.0},{"not_picked":["Hemokinesis","Cleave"],"picked":"Armaments","floor":12.0},{"not_picked":["Cleave","Flex"],"picked":"True Grit","floor":13.0},{"not_picked":["Cleave","Blood for Blood"],"picked":"Sentinel","floor":14.0},{"not_picked":["Entrench","Searing Blow"],"picked":"Wild Strike","floor":15.0},{"not_picked":["Bludgeon","Reaper"],"picked":"Fiend Fire","floor":16.0},{"not_picked":["Body Slam+1","Dual Wield","Havoc+1"],"picked":"SKIP","floor":18.0},{"not_picked":["Flex","Dark Embrace"],"picked":"Pommel Strike","floor":19.0},{"not_picked":["True Grit","Clothesline"],"picked":"Armaments+1","floor":22.0},{"not_picked":["True Grit","Clothesline"],"picked":"Demon Form","floor":23.0},{"not_picked":["Perfected Strike","Body Slam"],"picked":"Fire Breathing+1","floor":27.0},{"not_picked":["Uppercut","Blood for Blood+1"],"picked":"Fire Breathing+1","floor":29.0},{"not_picked":["Clash","Dropkick"],"picked":"Reaper","floor":31},{"not_picked":["Sword Boomerang","Ghostly Armor"],"picked":"Wild Strike+1","floor":32},{"not_picked":["Feed","Berserk+1"],"picked":"Barricade+1","floor":33},{"not_picked":["Body Slam","Metallicize+1","Thunderclap"],"picked":"SKIP","floor":35},{"not_picked":["Headbutt","Wild Strike+1","Cleave+1"],"picked":"SKIP","floor":40},{"not_picked":["Body Slam","Sever Soul"],"picked":"Dark Embrace+1","floor":42},{"not_picked":["Flame Barrier","Intimidate+1","Cleave+1"],"picked":"SKIP","floor":45},{"not_picked":["Twin Strike+1","Anger+1"],"picked":"Fire Breathing+1","floor":47},{"not_picked":["Havoc+1","Iron Wave","Twin Strike"],"picked":"SKIP","floor":48}],"player_experience":432111,"relics_obtained":[{"floor":3.0,"key":"Strawberry"},{"floor":6.0,"key":"Happy Flower"},{"floor":9.0,"key":"Anchor"},{"floor":10.0,"key":"InkBottle"},{"floor":13.0,"key":"Dream Catcher"},{"floor":23.0,"key":"StoneCalendar"},{"floor":26.0,"key":"Blood Vial"},{"floor":31,"key":"Red Skull"},{"floor":36,"key":"Ginger"},{"floor":42,"key":"Whetstone"},{"floor":47,"key":"Self Forming Clay"}],"event_choices":[{"damage_healed":0.0,"max_hp_gain":0.0,"max_hp_loss":0.0,"gold_gain":0.0,"cards_transformed":["Strike_R"],"event_name":"Living Wall","player_choice":"Change","floor":2.0,"gold_loss":0.0,"damage_taken":0.0,"cards_obtained":["Fire Breathing"]},{"damage_healed":74.0,"max_hp_gain":0.0,"max_hp_loss":87.0,"gold_gain":0.0,"event_name":"betterThird:BetterShining","player_choice":"Upgrade","floor":4.0,"gold_loss":0.0,"damage_taken":17.0,"cards_upgraded":["Defend_R","Fire Breathing"]},{"cards_removed":["Buffer"],"damage_healed":0.0,"max_hp_gain":0.0,"max_hp_loss":0.0,"gold_gain":0.0,"event_name":"betterNote:BetterNote","player_choice":"Take \u0026 Give","floor":20.0,"gold_loss":0.0,"damage_taken":0.0,"cards_obtained":["Buffer"]},{"damage_healed":0.0,"max_hp_gain":0.0,"max_hp_loss":0.0,"gold_gain":0.0,"event_name":"Designer","player_choice":"Upgraded Two","floor":21.0,"gold_loss":40.0,"damage_taken":0.0,"cards_upgraded":["Strike_R","Headbutt"]},{"damage_healed":0.0,"max_hp_gain":0.0,"max_hp_loss":0.0,"gold_gain":0.0,"event_name":"The Mausoleum","player_choice":"Opened","floor":25.0,"gold_loss":0.0,"damage_taken":0.0,"relics_obtained":["Frozen Egg 2"]},{"damage_healed":0.0,"max_hp_gain":0.0,"max_hp_loss":0.0,"gold_gain":99.0,"event_name":"betterThird:BetterNest","player_choice":"Steal","floor":30.0,"gold_loss":0.0,"damage_taken":0.0},{"damage_healed":0,"gold_gain":0,"player_choice":"Fight","damage_taken":0,"max_hp_gain":0,"max_hp_loss":0,"event_name":"MindBloom","floor":36,"gold_loss":0},{"cards_removed":["Armaments"],"damage_healed":0,"gold_gain":0,"player_choice":"Removed Skill","damage_taken":0,"max_hp_gain":0,"max_hp_loss":0,"event_name":"Falling","floor":37,"gold_loss":0},{"damage_healed":0,"gold_gain":0,"player_choice":"Ignored","damage_taken":0,"max_hp_gain":0,"max_hp_loss":0,"event_name":"Tomb of Lord Red Mask","floor":39,"gold_loss":0}],"is_beta":false,"boss_relics":[{"not_picked":["Fusion Hammer","Coffee Dripper"],"picked":"SacredBark"},{"not_picked":["SlaversCollar","Runic Pyramid"],"picked":"Mark of Pain"}],"items_purged_floors":[5,24,38,44],"is_endless":false,"potions_floor_spawned":[1,8,11,12,16,22,23,27,31,36,40,45,47],"ascension_level":7}}