{"host":"u9xtr94typ21duox","time":1611119180,"event":{"mods":["BaseMod","Key Reminder","KinomotoSakuraMod(ƒæ÷Æ±æ”£)","LagranYue(¿≠∏Ò¿ °§‘¬)","Marisa£®ÏF”Í°°ƒß¿Ì…≥£©","Minty Spire (QoL Compilation)","Reimu£®≤©¿ˆ¡È√Œ£©","Replay The Spire","StSLib","Td1madao Mod","The Administrix","The Bladedancer","The Bug Knight","The Construct","The Cursed","The Gatherer","The Runesmith","The Servant 0.9.4","WarShipGirlsR/’ΩΩ¢…Ÿ≈ÆR mod","Youmu£®ªÍ∆«—˝√Œ£©","vexMod"],"gold_per_floor":[112,127,10,285,296,329,329,357,406,406,406],"floor_reached":10,"language":"ZHS","playtime":278,"items_purged":[],"score":87,"play_id":"5cc5164b-1484-4685-8b0c-7a6f6ac8ced5","local_time":"20210120130620","is_ascension_mode":true,"campfire_choices":[{"data":"Demon Form","floor":7,"key":"SMITH"}],"circlet_count":0,"master_deck":["Strike_R","Strike_R","Strike_R","Strike_R","Strike_R","Defend_R","Defend_R","Defend_R","Defend_R","Bash","ReplayTheSpireMod:Muscle Training","ReplayTheSpireMod:LeadingStrike","Inflame","Pommel Strike","Regret","Rage","Demon Form+1"],"relics":["Burning Blood","LagranYue:RandomDrawCardRelic","Bag of Preparation","Matryoshka","Juzu Bracelet","Art of War","keyreminder:keyreminder"],"acts_visited":["Exordium"],"potions_floor_usage":[6,8,10],"damage_taken":[{"damage":6,"enemies":"Cultist","floor":1,"turns":3},{"damage":1,"enemies":"Small Slimes","floor":2,"turns":3},{"damage":7,"enemies":"Jaw Worm","floor":5,"turns":3},{"damage":37,"enemies":"Gremlin Nob","floor":6,"turns":4},{"damage":29,"enemies":"3 Sentries","floor":8,"turns":7},{"damage":37,"enemies":"Gremlin Nob","floor":10,"turns":3}],"seed_played":"1767995210022067163","potions_obtained":[{"floor":1,"key":"Swift Potion"},{"floor":5,"key":"LifebloodPotion"},{"floor":6,"key":"PowerPotion"}],"is_trial":false,"path_per_floor":["M","M","$","?","M","E","R","E","T","E"],"character_chosen":"IRONCLAD","items_purchased":["Inflame","Pommel Strike"],"campfire_rested":0,"item_purchase_floors":[3,3],"current_hp_per_floor":[80,80,80,80,79,48,48,25,25,0,0],"gold":406,"neow_bonus":"RANDOM_COMMON_RELIC","is_daily":false,"chose_seed":false,"campfire_upgraded":1,"win_rate":0.0,"timestamp":1611119180,"path_taken":["M","M","$","?","M","E","R","E","T","E"],"items_purchased_type":["Card","Card"],"build_version":"2020-12-22","purchased_purges":0,"victory":false,"max_hp_per_floor":[80,80,80,80,80,80,80,80,80,80,80],"card_choices":[{"not_picked":["Havoc","Pommel Strike"],"picked":"ReplayTheSpireMod:Muscle Training","floor":1},{"not_picked":["Life Link","Flex"],"picked":"ReplayTheSpireMod:LeadingStrike","floor":2},{"not_picked":["Havoc","True Grit"],"picked":"Rage","floor":5},{"not_picked":["Replay:Undeath\u0027s Touch","Massacre"],"picked":"Demon Form","floor":6},{"not_picked":["Wild Strike","Reckless Charge","Ghostly Armor"],"picked":"SKIP","floor":8}],"player_experience":319544,"relics_obtained":[{"floor":6,"key":"Matryoshka"},{"floor":8,"key":"Juzu Bracelet"},{"floor":9,"key":"Art of War"}],"event_choices":[{"damage_healed":0,"gold_gain":275,"player_choice":"Desecrate","damage_taken":0,"max_hp_gain":0,"max_hp_loss":0,"event_name":"Golden Shrine","floor":4,"gold_loss":0,"cards_obtained":["Regret"]}],"is_beta":false,"boss_relics":[],"items_purged_floors":[],"is_endless":false,"potions_floor_spawned":[1,5,6],"killed_by":"Gremlin Nob","ascension_level":3}}