{"host":"rolltorest","time":1611181888,"event":{"mods":["BaseMod","Minty Spire (QoL Compilation)","Relic Stats","Slay the Relics Exporter","StSLib"],"gold_per_floor":[113,113,124,89,89,89,115,115,187,187,0,13,13,13],"floor_reached":13,"language":"ENG","playtime":197,"items_purged":["Strike_B"],"score":162,"play_id":"e5328d78-6a6e-4946-bb87-9ec11a2391e7","local_time":"20210120143128","is_ascension_mode":true,"campfire_choices":[{"data":"Streamline","floor":6,"key":"SMITH"},{"data":"Compile Driver","floor":8,"key":"SMITH"},{"data":"Zap","floor":10,"key":"SMITH"}],"circlet_count":0,"master_deck":["AscendersBane","Strike_B","Strike_B","Strike_B","Defend_B","Defend_B","Defend_B","Defend_B","Zap+1","Dualcast","Streamline+1","Compile Driver+1","Ball Lightning","Static Discharge","Aggregate"],"relics":["Nuclear Battery","StoneCalendar","Ornamental Fan","Juzu Bracelet"],"acts_visited":["Exordium"],"potions_floor_usage":[7],"damage_taken":[{"damage":11,"enemies":"2 Louse","floor":1,"turns":4},{"damage":5,"enemies":"Small Slimes","floor":3,"turns":3},{"damage":21,"enemies":"Lagavulin","floor":7,"turns":5},{"damage":7,"enemies":"Jaw Worm","floor":12,"turns":2},{"damage":8,"enemies":"Gremlin Nob","floor":13,"turns":3}],"seed_played":"-7644288269528695067","potions_obtained":[{"floor":3,"key":"Fire Potion"}],"is_trial":false,"path_per_floor":["M","?","M","?","T","R","E","R","T","R","$","M","E"],"character_chosen":"DEFECT","items_purchased":["Ball Lightning","Static Discharge"],"campfire_rested":0,"item_purchase_floors":[11,11],"current_hp_per_floor":[53,42,37,54,54,54,33,33,33,33,33,26,18,18],"gold":13,"neow_bonus":"BOSS_RELIC","is_daily":false,"chose_seed":false,"campfire_upgraded":3,"win_rate":0.0,"timestamp":1611181888,"path_taken":["M","?","M","?","?","R","E","R","T","R","$","M","E"],"items_purchased_type":["Card","Card"],"build_version":"2020-12-18","purchased_purges":1,"victory":false,"max_hp_per_floor":[71,71,71,71,71,71,71,71,71,71,71,71,71,71],"relic_stats":{"counters":[5,17],"Ornamental Fan":[8],"StoneCalendar":[0],"Juzu Bracelet":0,"obtain_stats":[{"Ornamental Fan":5,"StoneCalendar":2,"Juzu Bracelet":7,"Cracked Core":0,"Nuclear Battery":0},{"Ornamental Fan":2,"StoneCalendar":1,"Juzu Bracelet":3,"Cracked Core":0,"Nuclear Battery":0},{"Ornamental Fan":7,"StoneCalendar":4,"Juzu Bracelet":12,"Cracked Core":0,"Nuclear Battery":0}]},"card_choices":[{"not_picked":["Reinforced Body","Go for the Eyes"],"picked":"Streamline","floor":1},{"not_picked":["Stack","White Noise","Conserve Battery"],"picked":"SKIP","floor":3},{"not_picked":["Redo","Conserve Battery"],"picked":"Compile Driver","floor":7},{"not_picked":["Hyperbeam","Ball Lightning"],"picked":"Aggregate","floor":12}],"player_experience":1743027,"relics_obtained":[{"floor":5,"key":"Ornamental Fan"},{"floor":7,"key":"Juzu Bracelet"}],"event_choices":[{"damage_healed":0,"gold_gain":0,"player_choice":"Success","damage_taken":11,"relics_obtained":["StoneCalendar"],"max_hp_gain":0,"max_hp_loss":0,"event_name":"Scrap Ooze","floor":2,"gold_loss":0},{"damage_healed":17,"gold_gain":0,"player_choice":"Healed","damage_taken":0,"max_hp_gain":0,"max_hp_loss":0,"event_name":"The Cleric","floor":4,"gold_loss":35}],"is_beta":true,"boss_relics":[],"items_purged_floors":[11],"is_endless":false,"potions_floor_spawned":[3],"killed_by":"Gremlin Nob","ascension_level":20}}