{"host":"1a3cjta80tad0aqj","time":1611160860,"event":{"mods":["2.2 Compatiblity","AchievementEnabler","BaseMod","Colored Map","DeckTracker","KOR Keyword Fix","Keyboard Shortcuts","Minty Spire (QoL Compilation)","Permanent Neow","Quick Restart","Random Character Button","StSLib","SuperFastMode","everything is the same but u backflip on backflip"],"gold_per_floor":[114,114,128,128,151,151,175,175,175,175,210,224,4,42,42,166,166,191,44,44,64,79,79,95,47,96,136,136,136,161,14,14,14,14],"floor_reached":33,"language":"KOR","playtime":1037,"items_purged":[],"score":397,"play_id":"ece02d16-b276-43df-a480-e6ac6147e32d","local_time":"20210121014100","is_ascension_mode":true,"campfire_choices":[{"data":"Perfected Strike","floor":6.0,"key":"SMITH"},{"data":"Wild Strike","floor":8.0,"key":"SMITH"},{"data":"Feel No Pain","floor":10.0,"key":"SMITH"},{"floor":15.0,"key":"REST"},{"data":"True Grit","floor":23.0,"key":"SMITH"},{"floor":29.0,"key":"REST"},{"floor":32.0,"key":"REST"}],"circlet_count":0,"master_deck":["Strike_R","Strike_R","Strike_R","Strike_R+1","Strike_R","Defend_R","Defend_R","Bash","Brutality","Perfected Strike+1","Injury","Wild Strike+1","Flex","Feel No Pain+1","Cleave","Offering","Shrug It Off","Perfected Strike+1","Shrug It Off","Exhume","Thunderclap","Combust","Demon Form","Dark Embrace+1","True Grit+1","Burning Pact","Perfected Strike","Flex","Uppercut"],"relics":["Burning Blood","Golden Idol","Charon\u0027s Ashes","Lizard Tail","Whetstone","Odd Mushroom","Philosopher\u0027s Stone","Red Skull","MealTicket","Red Mask","Bag of Marbles"],"acts_visited":["Exordium","TheCity"],"potions_floor_usage":[33,33,33],"damage_taken":[{"damage":17.0,"enemies":"Jaw Worm","floor":1.0,"turns":5.0},{"damage":10.0,"enemies":"Small Slimes","floor":3.0,"turns":3.0},{"damage":2.0,"enemies":"Cultist","floor":5.0,"turns":4.0},{"damage":12.0,"enemies":"Blue Slaver","floor":7.0,"turns":3.0},{"damage":28.0,"enemies":"Gremlin Nob","floor":11.0,"turns":4.0},{"damage":20.0,"enemies":"Large Slime","floor":12.0,"turns":3.0},{"damage":24.0,"enemies":"The Mushroom Lair","floor":14.0,"turns":2.0},{"damage":24.0,"enemies":"Hexaghost","floor":16.0,"turns":9.0},{"damage":0.0,"enemies":"Spheric Guardian","floor":18.0,"turns":2.0},{"damage":36.0,"enemies":"Shell Parasite","floor":21.0,"turns":4.0},{"damage":21.0,"enemies":"Cultist and Chosen","floor":22.0,"turns":4.0},{"damage":16.0,"enemies":"Centurion and Healer","floor":24.0,"turns":3.0},{"damage":11.0,"enemies":"Masked Bandits","floor":27.0,"turns":3.0},{"damage":18.0,"enemies":"Chosen and Byrds","floor":30.0,"turns":3.0},{"damage":54,"enemies":"Automaton","floor":33,"turns":6}],"seed_played":"4876610897321937213","potions_obtained":[{"floor":1.0,"key":"ElixirPotion"},{"floor":7.0,"key":"Weak Potion"},{"floor":14.0,"key":"Dexterity Potion"},{"floor":16.0,"key":"EntropicBrew"},{"floor":18.0,"key":"HeartOfIron"}],"is_trial":false,"path_per_floor":["M","?","M","?","M","R","M","R","T","R","E","M","$","?","R","B",null,"M","$","?","M","M","R","M","$","T","?","?","R","M","$","R","B"],"character_chosen":"IRONCLAD","items_purchased":["Shrug It Off","Perfected Strike","Whetstone","Red Skull","Perfected Strike","Bag of Marbles"],"campfire_rested":3,"item_purchase_floors":[13,13,13,19,25,31],"current_hp_per_floor":[69,69,65,80,80,80,74,74,74,74,52,38,38,20,44,26,80,80,80,80,50,35,35,25,25,25,20,20,44,32,47,71,17,17],"gold":14,"neow_bonus":"ONE_RANDOM_RARE_CARD","is_daily":false,"chose_seed":false,"campfire_upgraded":4,"win_rate":0.0,"timestamp":1611160860,"path_taken":["M","?","M","?","M","R","M","R","T","R","E","?","$","?","R","BOSS","M","$","?","M","M","R","M","$","T","?","?","R","M","?","R","BOSS"],"items_purchased_type":["Card","Card","Relic","Relic","Card","Relic"],"build_version":"2020-12-22","purchased_purges":0,"victory":false,"max_hp_per_floor":[80,80,80,80,80,80,80,80,80,80,80,80,80,80,80,80,80,80,80,80,80,80,80,80,80,80,80,80,80,80,80,80,80,80],"card_choices":[{"not_picked":["Sentinel","Clothesline"],"picked":"Perfected Strike","floor":1.0},{"not_picked":["Blood for Blood","Battle Trance"],"picked":"Wild Strike","floor":3.0},{"not_picked":["Blood for Blood","Heavy Blade"],"picked":"Flex","floor":5.0},{"not_picked":["Evolve","Havoc"],"picked":"Feel No Pain","floor":7.0},{"not_picked":["Dropkick","Blood for Blood"],"picked":"Cleave","floor":11.0},{"not_picked":["Entrench","Havoc"],"picked":"Offering","floor":12.0},{"not_picked":["Reckless Charge","Pommel Strike"],"picked":"Shrug It Off","floor":14.0},{"not_picked":["Barricade","Juggernaut"],"picked":"Exhume","floor":16.0},{"not_picked":["Entrench","Hemokinesis"],"picked":"Thunderclap","floor":18.0},{"not_picked":["Rampage","Pommel Strike"],"picked":"Dark Embrace+1","floor":21.0},{"not_picked":["Clash","Body Slam+1"],"picked":"True Grit","floor":22.0},{"not_picked":["Thunderclap+1","Fire Breathing+1"],"picked":"Burning Pact","floor":24.0},{"not_picked":["Cleave","Evolve+1"],"picked":"Flex","floor":27.0},{"not_picked":["Clash","Entrench"],"picked":"Uppercut","floor":30.0}],"player_experience":819659,"relics_obtained":[{"floor":9.0,"key":"Charon\u0027s Ashes"},{"floor":11.0,"key":"Lizard Tail"},{"floor":14.0,"key":"Odd Mushroom"},{"floor":26.0,"key":"MealTicket"},{"floor":27.0,"key":"Red Mask"}],"event_choices":[{"damage_healed":0.0,"max_hp_gain":0.0,"max_hp_loss":0.0,"gold_gain":0.0,"event_name":"Golden Idol","player_choice":"Take Wound","floor":2.0,"gold_loss":0.0,"damage_taken":0.0,"relics_obtained":["Golden Idol"],"cards_obtained":["Injury"]},{"damage_healed":15.0,"max_hp_gain":0.0,"max_hp_loss":0.0,"gold_gain":0.0,"event_name":"Wheel of Change","player_choice":"Full Heal","floor":4.0,"gold_loss":0.0,"damage_taken":0.0},{"damage_healed":0.0,"max_hp_gain":0.0,"max_hp_loss":0.0,"gold_gain":0.0,"event_name":"Mushrooms","player_choice":"Fought Mushrooms","floor":14.0,"gold_loss":0.0,"damage_taken":0.0},{"damage_healed":0.0,"max_hp_gain":0.0,"max_hp_loss":0.0,"gold_gain":0.0,"cards_transformed":["Defend_R","Defend_R"],"event_name":"Drug Dealer","player_choice":"Became Test Subject","floor":20.0,"gold_loss":0.0,"damage_taken":0.0,"cards_obtained":["Combust","Demon Form"]},{"damage_healed":0.0,"max_hp_gain":0.0,"max_hp_loss":0.0,"gold_gain":0.0,"event_name":"Masked Bandits","player_choice":"Fought Bandits","floor":27.0,"gold_loss":0.0,"damage_taken":0.0},{"damage_healed":0.0,"max_hp_gain":0.0,"max_hp_loss":0.0,"gold_gain":0.0,"event_name":"Vampires","player_choice":"Ignored","floor":28.0,"gold_loss":0.0,"damage_taken":0.0}],"is_beta":false,"boss_relics":[{"not_picked":["Runic Dome","Runic Cube"],"picked":"Philosopher\u0027s Stone"}],"items_purged_floors":[],"is_endless":false,"potions_floor_spawned":[1,7,14,16,18,22],"killed_by":"Automaton","ascension_level":3}}