{"host":"9ltncrns7b9wt2tr","time":1611123863,"event":{"mods":["AchievementEnabler","BaseMod","BetterRewards","Colored Map","Colored Powertips","Minty Spire (QoL Compilation)","Quick Restart","Replay The Spire","StSLib","SuperFastMode"],"gold_per_floor":[109,122,122,197,197,197,224,1,24,52,52,52,72,78,78],"floor_reached":14,"language":"ZHS","playtime":442,"items_purged":["Regret"],"score":127,"play_id":"95017f2e-b656-4fcd-8a52-d9a1bfe87977","local_time":"20210120142423","is_ascension_mode":true,"campfire_choices":[{"data":"Static Discharge","floor":6,"key":"SMITH"}],"circlet_count":0,"master_deck":["Strike_B","Strike_B","Strike_B","Defend_B","Defend_B","Defend_B","Defend_B","Zap","Dualcast","Gash","Static Discharge+1","Tempest","Coolheaded","BasicCrystalCard"],"relics":["Cracked Core","NeowsBlessing","Replay:Bandana","Blue Doll","Strange Spoon","Lantern"],"acts_visited":["Exordium"],"potions_floor_usage":[14,14],"damage_taken":[{"damage":0,"enemies":"2 Louse","floor":1,"turns":1},{"damage":0,"enemies":"Jaw Worm","floor":2,"turns":1},{"damage":0,"enemies":"Gremlin Nob","floor":7,"turns":1},{"damage":26,"enemies":"Lagavulin","floor":10,"turns":5},{"damage":0,"enemies":"Small Slimes","floor":13,"turns":3},{"damage":33,"enemies":"3 Sentries","floor":14,"turns":4}],"seed_played":"6297615018981535911","potions_obtained":[{"floor":7,"key":"SpeedPotion"},{"floor":10,"key":"Flashbang"},{"floor":13,"key":"Strength Potion"}],"is_trial":false,"path_per_floor":["M","M","?","?","?","R","E","$","T","E","?","$","M","E"],"character_chosen":"DEFECT","items_purchased":["Strange Spoon"],"campfire_rested":0,"item_purchase_floors":[8],"current_hp_per_floor":[75,75,75,64,64,64,64,64,64,38,31,31,31,0,0],"gold":78,"neow_bonus":"THREE_ENEMY_KILL","is_daily":false,"chose_seed":false,"campfire_upgraded":1,"win_rate":0.0,"timestamp":1611123863,"path_taken":["M","M","?","?","?","R","E","?","T","E","?","$","M","E"],"items_purchased_type":["Relic"],"build_version":"2020-12-22","purchased_purges":1,"victory":false,"max_hp_per_floor":[75,75,75,75,75,75,75,75,75,75,75,75,75,75,75],"card_choices":[{"not_picked":["Leap","ReplayTheSpireMod:GoodbyeWorld","Reinforced Body"],"picked":"SKIP","floor":1},{"not_picked":["Barrage","Force Field"],"picked":"Gash","floor":2},{"not_picked":["Double Energy","ReplayTheSpireMod:GoodbyeWorld"],"picked":"Tempest","floor":7},{"not_picked":["ReplayTheSpireMod:Reroute Power","Crystallizer"],"picked":"Coolheaded","floor":10},{"not_picked":["ReplayGash","Turbo"],"picked":"BasicCrystalCard","floor":13}],"player_experience":90063,"relics_obtained":[{"floor":7,"key":"Blue Doll"},{"floor":10,"key":"Lantern"}],"event_choices":[{"damage_healed":0,"gold_gain":0,"cards_transformed":["Strike_B"],"player_choice":"Change","damage_taken":0,"max_hp_gain":0,"max_hp_loss":0,"event_name":"Living Wall","floor":3,"gold_loss":0,"cards_obtained":["Static Discharge"]},{"damage_healed":0,"gold_gain":75,"player_choice":"Gather Gold","damage_taken":11,"max_hp_gain":0,"max_hp_loss":0,"event_name":"World of Goop","floor":4,"gold_loss":0},{"damage_healed":0,"gold_gain":0,"player_choice":"Box","damage_taken":0,"relics_obtained":["Replay:Bandana"],"max_hp_gain":0,"max_hp_loss":0,"event_name":"Big Fish","floor":5,"gold_loss":0,"cards_obtained":["Regret"]},{"damage_healed":0,"gold_gain":0,"player_choice":"Damaged","damage_taken":7,"max_hp_gain":0,"max_hp_loss":0,"event_name":"Wheel of Change","floor":11,"gold_loss":0}],"is_beta":false,"boss_relics":[],"items_purged_floors":[8],"is_endless":false,"potions_floor_spawned":[7,10,13],"killed_by":"3 Sentries","ascension_level":1}}