{"host":"scy0o1xotfn36lpl","time":1611104805,"event":{"mods":["AchievementEnabler","Aspiration","BaseMod","Better Altar","Better Note","Better Sensory Stone","Better Skull","Better Third Choice","Colored Map","Curses Come First","Downfall","GifTheSpireLib","Googly Eyes","Highlight Path","Minty Spire (QoL Compilation)","Permanent Neow","Spicy Shops","StSLib","everything is the same but u backflip on backflip"],"gold_per_floor":[111,130,144,156,175,203,45,76,101,51,61,76,95,123,123,227,227,242,242,142,142,155,180,199,214,214,233,233,233],"floor_reached":28,"language":"ENG","playtime":2409,"items_purged":["Defend_B","Defend_B","Strike_B","Strike_B"],"score":266,"play_id":"84c99c16-74e2-4703-b50e-2020db00a4cc","local_time":"20210119170645","is_ascension_mode":false,"campfire_choices":[{"floor":15,"key":"REST"}],"circlet_count":0,"master_deck":["Strike_B","Strike_B","Zap","Dualcast","Auto Shields","Self Repair","Leap","Turbo","Storm","Auto Shields","Panacea","Ball Lightning","Cold Snap","Biased Cognition","Melter+1"],"relics":["Cracked Core","MealTicket","Lantern","Smiling Mask","aspiration:EnhancedActuators","Busted Crown","HornCleat","aspiration:SeaSaltIceCream","aspiration:Nostalgia","PureWater"],"acts_visited":["Exordium","TheCity"],"potions_floor_usage":[6,8,8,14,14,16,23,28],"damage_taken":[{"damage":11,"enemies":"Jaw Worm","floor":1,"turns":2},{"damage":0,"enemies":"Small Slimes","floor":2,"turns":3},{"damage":0,"enemies":"2 Louse","floor":3,"turns":2},{"damage":17,"enemies":"Lots of Slimes","floor":4,"turns":5},{"damage":1,"enemies":"Blue Slaver","floor":5,"turns":4},{"damage":38,"enemies":"3 Sentries","floor":6,"turns":9},{"damage":13,"enemies":"Lagavulin","floor":8,"turns":7},{"damage":2,"enemies":"Red Slaver","floor":11,"turns":2},{"damage":17,"enemies":"Lots of Slimes","floor":12,"turns":4},{"damage":11,"enemies":"Exordium Wildlife","floor":13,"turns":3},{"damage":14,"enemies":"Gremlin Nob","floor":14,"turns":4},{"damage":37,"enemies":"Slime Boss","floor":16,"turns":9},{"damage":21,"enemies":"3 Byrds","floor":18,"turns":5},{"damage":13,"enemies":"Shell Parasite","floor":22,"turns":4},{"damage":48,"enemies":"Slavers","floor":23,"turns":5},{"damage":8,"enemies":"Centurion and Healer","floor":24,"turns":6},{"damage":3,"enemies":"3 Cultists","floor":25,"turns":5},{"damage":13,"enemies":"Snecko","floor":27,"turns":5},{"damage":27,"enemies":"Gremlin Leader","floor":28,"turns":3}],"seed_played":"3444006624367962038","potions_obtained":[{"floor":1,"key":"Strength Potion"},{"floor":3,"key":"Weak Potion"},{"floor":5,"key":"ColorlessPotion"},{"floor":8,"key":"bronze:BurnAndBuffPotion"},{"floor":11,"key":"Weak Potion"},{"floor":14,"key":"Fire Potion"},{"floor":18,"key":"ColorlessPotion"},{"floor":22,"key":"ColorlessPotion"}],"is_trial":false,"path_per_floor":["M","M","M","M","M","E","$","E","T","$","M","M","M","E","R","B",null,"M","?","$","?","M","E","M","M","T","M","E"],"character_chosen":"DEFECT","items_purchased":["Panacea"],"campfire_rested":1,"item_purchase_floors":[7],"current_hp_per_floor":[64,64,71,61,67,36,51,45,45,60,58,48,44,37,59,29,75,61,61,75,75,69,28,27,31,31,25,0,0],"gold":233,"neow_bonus":"REMOVE_CARD","is_daily":false,"chose_seed":false,"campfire_upgraded":0,"win_rate":0.0,"timestamp":1611104805,"path_taken":["M","M","M","M","M","E","$","E","T","$","M","M","M","E","R","BOSS","M","?","$","?","M","E","M","M","T","M","E"],"items_purchased_type":["Card"],"build_version":"2020-12-22","purchased_purges":4,"victory":false,"max_hp_per_floor":[75,75,75,75,75,75,75,75,75,75,75,75,75,75,75,75,75,75,75,75,75,75,75,75,75,75,75,75,75],"card_choices":[{"not_picked":["Stack","Conserve Battery"],"picked":"Auto Shields","floor":1},{"not_picked":["Compile Driver","Leap"],"picked":"Self Repair","floor":2},{"not_picked":["Stack","Rebound"],"picked":"Leap","floor":3},{"not_picked":["Beam Cell","Seek"],"picked":"Turbo","floor":4},{"not_picked":["Beam Cell","FTL"],"picked":"Storm","floor":5},{"not_picked":["Beam Cell","Undo"],"picked":"Auto Shields","floor":6},{"not_picked":["Redo","Loop"],"picked":"Ball Lightning","floor":8},{"not_picked":["Coolheaded","Turbo"],"picked":"Cold Snap","floor":11},{"not_picked":["Biased Cognition","Gash","Hologram"],"picked":"SKIP","floor":12},{"not_picked":["Static Discharge","Turbo","Beam Cell"],"picked":"SKIP","floor":13},{"not_picked":["Coolheaded","Undo","Blizzard"],"picked":"SKIP","floor":14},{"not_picked":["Reboot","Amplify"],"picked":"Biased Cognition","floor":16},{"not_picked":[],"picked":"Melter+1","floor":18},{"not_picked":["Hologram"],"picked":"SKIP","floor":22},{"not_picked":["Steam"],"picked":"SKIP","floor":23},{"not_picked":["Coolheaded+1"],"picked":"SKIP","floor":24},{"not_picked":["BootSequence"],"picked":"SKIP","floor":25},{"not_picked":["Blizzard"],"picked":"SKIP","floor":27}],"player_experience":37134,"relics_obtained":[{"floor":6,"key":"MealTicket"},{"floor":8,"key":"Lantern"},{"floor":9,"key":"Smiling Mask"},{"floor":14,"key":"aspiration:EnhancedActuators"},{"floor":23,"key":"HornCleat"},{"floor":26,"key":"aspiration:SeaSaltIceCream"}],"event_choices":[{"cards_removed":["Defend_B"],"damage_healed":0,"gold_gain":0,"player_choice":"Card Removal","damage_taken":0,"max_hp_gain":0,"max_hp_loss":0,"event_name":"Wheel of Change","floor":19,"gold_loss":0},{"cards_removed":["Melter"],"damage_healed":0,"gold_gain":0,"player_choice":"Give","damage_taken":0,"max_hp_gain":0,"max_hp_loss":0,"event_name":"betterNote:BetterNote","floor":21,"gold_loss":0,"cards_obtained":["Doubt"]}],"is_beta":false,"boss_relics":[{"not_picked":["Tiny House","SacredBark"],"picked":"Busted Crown"}],"items_purged_floors":[7,10,20,20],"is_endless":false,"potions_floor_spawned":[1,3,5,8,11,14,18,22],"killed_by":"Gremlin Leader","ascension_level":0}}