{"host":"v1m5rkjj38qutr02","time":1611141434,"event":{"mods":["Act Like it!","BaseMod","Challenge The Spire","Conspire","Gensokyo","GungeonMod","Hallownest","Minty Spire (QoL Compilation)","Replay The Spire","StSLib","The Bug Knight","Youmu£®ªÍ∆«—˝√Œ£©"],"gold_per_floor":[118,118,129,129,129,129,143,171,197,197,197],"floor_reached":10,"language":"ZHS","playtime":234,"items_purged":[],"score":102,"play_id":"45290e0c-fe40-4fc5-aa33-80b6315c7517","local_time":"20210120191714","is_ascension_mode":true,"campfire_choices":[{"data":"Hidden Blade","floor":6,"key":"SMITH"}],"circlet_count":0,"master_deck":["AscendersBane","Strike_G","Strike_G","Strike_G","Strike_G","Defend_G+1","Defend_G+1","Defend_G+1","Defend_G+1","Defend_G+1","Survivor","Neutralize","Hidden Blade+1","Cloak And Dagger","Accuracy","Outmaneuver"],"relics":["Ring of the Snake","NeowsBlessing","Replay:Bottled Eggs","conspire:DecoderRing","CeramicFish"],"acts_visited":["Exordium"],"potions_floor_usage":[],"damage_taken":[{"damage":0.0,"enemies":"Jaw Worm","floor":1.0,"turns":1.0},{"damage":0.0,"enemies":"2 Louse","floor":3.0,"turns":1.0},{"damage":0,"enemies":"Cultist","floor":7,"turns":2},{"damage":9,"enemies":"Lagavulin","floor":8,"turns":12},{"damage":13,"enemies":"3 Sentries","floor":10,"turns":5}],"seed_played":"1406608420740721709","potions_obtained":[{"floor":1.0,"key":"GamblersBrew"},{"floor":3.0,"key":"Swift Potion"}],"is_trial":false,"path_per_floor":["M","?","M","T","?","R","M","E","T","E"],"character_chosen":"THE_SILENT","items_purchased":[],"campfire_rested":0,"item_purchase_floors":[],"current_hp_per_floor":[63,63,63,63,63,63,63,54,54,41,41],"gold":197,"neow_bonus":"THREE_ENEMY_KILL","is_daily":false,"chose_seed":false,"campfire_upgraded":1,"win_rate":0.0,"timestamp":1611141434,"path_taken":["M","?","M","?","?","R","?","E","T","E"],"items_purchased_type":[],"build_version":"2020-12-22","purchased_purges":0,"victory":false,"max_hp_per_floor":[70,70,70,70,70,70,70,70,70,70,70],"card_choices":[{"not_picked":["Eviscerate","Caltrops"],"picked":"Hidden Blade","floor":1.0},{"not_picked":["Slice","Expertise"],"picked":"Cloak And Dagger","floor":3.0},{"not_picked":["Underhanded Strike","Outmaneuver"],"picked":"Accuracy","floor":7},{"not_picked":["Deflect","Die Die Die"],"picked":"Outmaneuver","floor":8}],"player_experience":420729,"relics_obtained":[{"floor":4,"key":"Replay:Bottled Eggs"},{"floor":8,"key":"conspire:DecoderRing"},{"floor":9,"key":"CeramicFish"}],"event_choices":[{"cards_removed":["Strike_G"],"damage_healed":0,"gold_gain":0,"player_choice":"Purged","damage_taken":0,"max_hp_gain":0,"max_hp_loss":0,"event_name":"Purifier","floor":5,"gold_loss":0}],"is_beta":false,"boss_relics":[],"items_purged_floors":[],"is_endless":false,"potions_floor_spawned":[1,3,8],"killed_by":"3 Sentries","ascension_level":11}}