{"host":"gc8h028r85mpey4t","time":1611111379,"event":{"mods":["BaseMod","BetterRewards","Colored Powertips","Minty Spire (QoL Compilation)","StSLib","The Senshi"],"gold_per_floor":[111,124,142,242,242,242,242,242,266,307,319,349,392,414,426,438,438],"floor_reached":16,"language":"ENG","playtime":1520,"items_purged":[],"score":110,"play_id":"6f26ceef-5245-4f78-abfc-ceaac680e78c","local_time":"20210119185619","is_ascension_mode":false,"campfire_choices":[{"data":"Strike_B","floor":6,"key":"SMITH"},{"data":"Dualcast","floor":8,"key":"SMITH"},{"floor":15,"key":"REST"}],"circlet_count":0,"master_deck":["Strike_B","Strike_B+1","Strike_B","Strike_B","Defend_B","Defend_B","Defend_B","Defend_B","Zap","Dualcast+1","Streamline","Conserve Battery","Conserve Battery","Sweeping Beam","Rainbow","Go for the Eyes","Beam Cell"],"relics":["Cracked Core","NeowsBlessing","MawBank","Juzu Bracelet","Boot"],"acts_visited":["Exordium"],"potions_floor_usage":[13,13],"damage_taken":[{"damage":0,"enemies":"Cultist","floor":1,"turns":1},{"damage":0,"enemies":"2 Louse","floor":2,"turns":1},{"damage":0,"enemies":"Jaw Worm","floor":3,"turns":1},{"damage":16,"enemies":"3 Sentries","floor":10,"turns":7},{"damage":3,"enemies":"Looter","floor":12,"turns":2},{"damage":45,"enemies":"Gremlin Nob","floor":13,"turns":5},{"damage":10,"enemies":"Exordium Thugs","floor":14,"turns":4},{"damage":35,"enemies":"Slime Boss","floor":16,"turns":5}],"seed_played":"8887332591427453574","potions_obtained":[{"floor":2,"key":"BlessingOfTheForge"},{"floor":3,"key":"Dexterity Potion"}],"is_trial":false,"path_per_floor":["M","M","M","?","$","R","$","R","T","E","?","M","E","M","R","B"],"character_chosen":"DEFECT","items_purchased":[],"campfire_rested":1,"item_purchase_floors":[],"current_hp_per_floor":[75,75,75,75,75,75,75,75,75,59,64,61,16,6,30,0,0],"gold":438,"neow_bonus":"THREE_ENEMY_KILL","is_daily":false,"chose_seed":false,"campfire_upgraded":2,"win_rate":0.0,"timestamp":1611111379,"path_taken":["M","M","?","?","?","R","$","R","T","E","?","M","E","M","R","BOSS"],"items_purchased_type":[],"build_version":"2020-12-22","purchased_purges":0,"victory":false,"max_hp_per_floor":[75,75,75,75,75,75,75,75,75,75,80,80,80,80,80,80,80],"card_choices":[{"not_picked":["Beam Cell","White Noise"],"picked":"Streamline","floor":1},{"not_picked":["Compile Driver","Cold Snap"],"picked":"Conserve Battery","floor":2},{"not_picked":["Redo","Glacier"],"picked":"Conserve Battery","floor":3},{"not_picked":["Coolheaded","Barrage"],"picked":"Sweeping Beam","floor":10},{"not_picked":["Loop","Fusion"],"picked":"Rainbow","floor":12},{"not_picked":["Cold Snap","Barrage"],"picked":"Go for the Eyes","floor":13},{"not_picked":["Coolheaded","Consume"],"picked":"Beam Cell","floor":14}],"player_experience":105465,"relics_obtained":[{"floor":9,"key":"MawBank"},{"floor":10,"key":"Juzu Bracelet"},{"floor":13,"key":"Boot"}],"event_choices":[{"damage_healed":0,"gold_gain":100,"player_choice":"Pray","damage_taken":0,"max_hp_gain":0,"max_hp_loss":0,"event_name":"Golden Shrine","floor":4,"gold_loss":0},{"damage_healed":0,"gold_gain":0,"player_choice":"Donut","damage_taken":0,"max_hp_gain":5,"max_hp_loss":0,"event_name":"Big Fish","floor":11,"gold_loss":0}],"is_beta":false,"boss_relics":[],"items_purged_floors":[],"is_endless":false,"potions_floor_spawned":[2,3],"killed_by":"Slime Boss","ascension_level":0}}