{"host":"czen9m7c7ttmirt2","time":1611131233,"event":{"mods":["AchievementEnabler","Aspiration","BaseMod","Better Third Choice","Colored Map","Colored Powertips","Conspire","Hubris","Minty Spire (QoL Compilation)","Replay The Spire","StSLib"],"gold_per_floor":[112,124,299,314,314,314,348,366,366,26,26,49,49,63,63,186,186,200,200,225,225,225],"floor_reached":21,"language":"ENG","playtime":1064,"items_purged":["Doubt"],"score":208,"play_id":"14873454-97e8-482e-9fef-1bb063939963","local_time":"20210120022712","is_ascension_mode":true,"campfire_choices":[{"floor":6,"key":"REST"},{"floor":15,"key":"REST"}],"circlet_count":0,"master_deck":["Strike_B","Strike_B","Strike_B","Strike_B","Defend_B","Defend_B","Defend_B","Defend_B","Zap","Dualcast","FIFO Queue","Storm","Redo","Injury","Coolheaded","Conserve Battery","Hologram+1","BootSequence","Injury","Consume","Rebound+1","ReplayTheSpireMod:Fabricate Wheel","Rebound+1","Time Bomb"],"relics":["Cracked Core","aspiration:DSix","Molten Egg 2","Art of War","Potion Belt","Golden Idol","SacredBark"],"acts_visited":["Exordium","TheCity"],"potions_floor_usage":[7,10,10,12,16,16],"damage_taken":[{"damage":10,"enemies":"Small Slimes","floor":1,"turns":3},{"damage":0,"enemies":"conspire:RoseBush","floor":2,"turns":2},{"damage":13,"enemies":"Jaw Worm","floor":4,"turns":4},{"damage":46,"enemies":"Lagavulin","floor":7,"turns":6},{"damage":15,"enemies":"3 Louse","floor":8,"turns":3},{"damage":8,"enemies":"2 Fungi Beasts","floor":12,"turns":4},{"damage":6,"enemies":"Blue Slaver","floor":14,"turns":4},{"damage":13,"enemies":"Hexaghost","floor":16,"turns":12},{"damage":40,"enemies":"3 Byrds","floor":18,"turns":6},{"damage":7,"enemies":"Chosen","floor":20,"turns":6},{"damage":36,"enemies":"Shelled Parasite and Fungi","floor":21,"turns":3}],"seed_played":"-2940528574664806263","potions_obtained":[{"floor":2,"key":"PowerPotion"},{"floor":7,"key":"Explosive Potion"},{"floor":8,"key":"EntropicBrew"},{"floor":12,"key":"LiquidMemories"},{"floor":16,"key":"FocusPotion"},{"floor":20,"key":"FocusPotion"}],"is_trial":false,"path_per_floor":["M","M","?","M","?","R","E","M","T","$","?","M","?","M","R","B",null,"M","?","M","M"],"character_chosen":"DEFECT","items_purchased":["Potion Belt","Hologram+1","BootSequence"],"campfire_rested":2,"item_purchase_floors":[10,10,10],"current_hp_per_floor":[65,65,65,52,52,74,28,13,13,18,18,22,22,16,40,27,80,40,40,33,0,0],"gold":225,"neow_bonus":"DSIX","is_daily":false,"chose_seed":false,"campfire_upgraded":0,"win_rate":0.0,"timestamp":1611131232,"path_taken":["M","M","?","M","?","R","E","M","T","?","?","?","?","M","R","BOSS","M","?","M","M"],"items_purchased_type":["Relic","Card","Card"],"build_version":"2020-12-22","purchased_purges":1,"victory":false,"max_hp_per_floor":[75,75,75,75,75,75,75,75,75,80,80,80,80,80,80,80,80,80,80,80,80,80],"card_choices":[{"not_picked":["Stack","Fusion"],"picked":"FIFO Queue","floor":1},{"not_picked":["Loop","Streamline"],"picked":"Storm","floor":2},{"not_picked":["Sweeping Beam","Coolheaded"],"picked":"Redo","floor":4},{"not_picked":["BasicCrystalCard","Gash+1"],"picked":"Coolheaded","floor":7},{"not_picked":["Turbo","Hologram"],"picked":"Conserve Battery","floor":8},{"not_picked":["Turbo","Doom and Gloom+1"],"picked":"Consume","floor":12},{"not_picked":["Heatsinks","Panic Button"],"picked":"Rebound+1","floor":14},{"not_picked":["Hyperbeam+1","Seek"],"picked":"ReplayTheSpireMod:Fabricate Wheel","floor":16},{"not_picked":["Gash+1","FIFO Queue"],"picked":"Rebound+1","floor":18},{"not_picked":["Redo","Conserve Battery"],"picked":"Time Bomb","floor":20}],"player_experience":203862,"relics_obtained":[{"floor":7,"key":"Art of War"}],"event_choices":[{"damage_healed":0,"gold_gain":175,"player_choice":"AGREE","damage_taken":124,"max_hp_gain":0,"max_hp_loss":0,"event_name":"betterThird:BetterSerpent","floor":3,"gold_loss":0},{"damage_healed":0,"gold_gain":0,"player_choice":"Take Wound","damage_taken":0,"relics_obtained":["Golden Idol"],"max_hp_gain":0,"max_hp_loss":0,"event_name":"Golden Idol","floor":11,"gold_loss":0,"cards_obtained":["Injury"]},{"damage_healed":0,"gold_gain":1,"player_choice":"LEAVE","damage_taken":0,"max_hp_gain":0,"max_hp_loss":0,"event_name":"betterThird:BetterScrap","floor":13,"gold_loss":0,"cards_obtained":["Escape Plan"]},{"damage_healed":0,"gold_gain":0,"player_choice":"Ignored","damage_taken":0,"max_hp_gain":0,"max_hp_loss":0,"event_name":"Ghosts","floor":19,"gold_loss":0}],"is_beta":false,"boss_relics":[{"not_picked":["Kintsugi","aspiration:Stellarator"],"picked":"SacredBark"}],"items_purged_floors":[10],"is_endless":false,"potions_floor_spawned":[2,7,8,12,16,20],"killed_by":"Shelled Parasite and Fungi","ascension_level":3}}