{"host":"28p8ce41sjwa6lzf","time":1611158447,"event":{"mods":["BaseMod","Bestiary","Colored Map","Colored Powertips","Dark Map","Highlight Path","Minty Spire (QoL Compilation)","Permanent Neow","Quick Restart","Random Character Button","Rare Cards Sparkle","Relic Stats","StSLib","Unceasing Turn Reminder"],"gold_per_floor":[119,132,148,148,167,167,167],"floor_reached":6,"language":"ENG","playtime":3184,"items_purged":[],"score":76,"play_id":"97a65fe3-bca4-4ec5-8cf2-a99ff4102970","local_time":"20210120100047","is_ascension_mode":true,"campfire_choices":[],"circlet_count":0,"master_deck":["AscendersBane","Strike_B","Strike_B","Strike_B","Strike_B","Defend_B","Defend_B","Defend_B","Defend_B","Zap","Dualcast","Secret Technique","Reprogram","Sweeping Beam","Seek","Rebound"],"relics":["Cracked Core","Art of War"],"acts_visited":["Exordium"],"potions_floor_usage":[6,6],"damage_taken":[{"damage":0.0,"enemies":"2 Louse","floor":1.0,"turns":3.0},{"damage":7.0,"enemies":"Jaw Worm","floor":2.0,"turns":5.0},{"damage":2.0,"enemies":"Small Slimes","floor":3.0,"turns":3.0},{"damage":13.0,"enemies":"Blue Slaver","floor":5.0,"turns":6.0},{"damage":40,"enemies":"Lagavulin","floor":6,"turns":5}],"seed_played":"-6842465896930706232","potions_obtained":[{"floor":2.0,"key":"Swift Potion"},{"floor":3.0,"key":"Energy Potion"}],"is_trial":false,"path_per_floor":["M","M","M","?","M","E"],"character_chosen":"DEFECT","items_purchased":[],"campfire_rested":0,"item_purchase_floors":[],"current_hp_per_floor":[64,57,55,44,31,0,0],"gold":167,"neow_bonus":"RANDOM_COLORLESS_2","is_daily":false,"chose_seed":false,"campfire_upgraded":0,"win_rate":0.0,"timestamp":1611158447,"path_taken":["M","M","M","?","M","E"],"items_purchased_type":[],"build_version":"2020-12-22","purchased_purges":0,"victory":false,"max_hp_per_floor":[64,64,64,64,64,64,64],"relic_stats":{"counters":[5,22],"Art of War":[3],"obtain_stats":[{"Art of War":4,"Cracked Core":0},{"Art of War":3,"Cracked Core":0},{"Art of War":11,"Cracked Core":0}]},"card_choices":[{"not_picked":["Transmutation","Magnetism"],"picked":"Secret Technique","floor":0.0},{"not_picked":["Scrape","Leap"],"picked":"Reprogram","floor":1.0},{"not_picked":["Self Repair","Coolheaded"],"picked":"Sweeping Beam","floor":2.0},{"not_picked":["Barrage","Reinforced Body"],"picked":"Seek","floor":3.0},{"not_picked":["Ball Lightning","Redo"],"picked":"Rebound","floor":5.0}],"player_experience":1158701,"relics_obtained":[],"event_choices":[{"damage_healed":0.0,"max_hp_gain":0.0,"max_hp_loss":0.0,"gold_gain":0.0,"event_name":"Scrap Ooze","player_choice":"Success","floor":4.0,"gold_loss":0.0,"damage_taken":11.0,"relics_obtained":["Art of War"]}],"is_beta":false,"boss_relics":[],"items_purged_floors":[],"is_endless":false,"potions_floor_spawned":[2,3],"killed_by":"Lagavulin","ascension_level":20}}