{"host":"t1puqh5lxz8sp6fn","time":1611117182,"event":{"mods":["AchievementEnabler","BaseMod","Colored Powertips","Minty Spire (QoL Compilation)","Rare Cards Sparkle","Relic Stats","StSLib"],"gold_per_floor":[113,16,16,16,40,40,70,80,156,187,209,235,248,248,248,353,353,364,378,378,303,228,228,254,254,333,360,378,378,391,56,56,158,158,168,179,189,99,0,28,28,28,28],"floor_reached":42,"playtime":1890,"items_purged":["Shame","Strike_G"],"score":783,"play_id":"801069b1-3d2d-4546-924f-c8168860d6e3","local_time":"20210120013302","is_ascension_mode":true,"campfire_choices":[{"data":"Deadly Poison","floor":6.0,"key":"SMITH"},{"data":"Catalyst","floor":15.0,"key":"SMITH"},{"data":"Caltrops","floor":23.0,"key":"SMITH"},{"data":"Venomology","floor":25.0,"key":"SMITH"},{"data":"Noxious Fumes","floor":32.0,"key":"SMITH"},{"floor":41,"key":"RECALL"}],"circlet_count":0,"master_deck":["AscendersBane","Strike_G+1","Defend_G","Defend_G","Defend_G","Defend_G","Defend_G+1","Survivor","Neutralize","Backstab+1","Well Laid Plans","Deadly Poison+1","Slice+1","Sucker Punch+1","Heel Hook+1","Dash+1","Quick Slash+1","Catalyst+1","Venomology+1","Caltrops+1","Slice+1","Tools of the Trade","Noxious Fumes+1","Infinite Blades+1","All Out Attack+1","Accuracy","Dagger Spray+1","Underhanded Strike+1"],"relics":["Ring of the Serpent","NeowsBlessing","MealTicket","Molten Egg 2","Meat on the Bone","Ginger","Odd Mushroom","Pen Nib","Toy Ornithopter","Ninja Scroll","Pantograph","Juzu Bracelet","MutagenicStrength","Vajra","Fusion Hammer","Red Mask","Nunchaku"],"acts_visited":["Exordium","TheCity","TheBeyond"],"potions_floor_usage":[37,37,40,40,42],"damage_taken":[{"damage":0.0,"enemies":"Cultist","floor":1.0,"turns":1.0},{"damage":0.0,"enemies":"3 Sentries","floor":7.0,"turns":2.0},{"damage":0.0,"enemies":"2 Louse","floor":8.0,"turns":1.0},{"damage":12.0,"enemies":"Gremlin Nob","floor":10.0,"turns":5.0},{"damage":4.0,"enemies":"The Mushroom Lair","floor":11.0,"turns":4.0},{"damage":17.0,"enemies":"Lagavulin","floor":12.0,"turns":5.0},{"damage":0.0,"enemies":"Jaw Worm","floor":13.0,"turns":1.0},{"damage":27.0,"enemies":"Slime Boss","floor":16.0,"turns":8.0},{"damage":11.0,"enemies":"2 Thieves","floor":18.0,"turns":4.0},{"damage":20.0,"enemies":"Spheric Guardian","floor":19.0,"turns":4.0},{"damage":29.0,"enemies":"Slavers","floor":24.0,"turns":7.0},{"damage":17.0,"enemies":"Gremlin Leader","floor":27.0,"turns":5.0},{"damage":18.0,"enemies":"Chosen and Byrds","floor":28.0,"turns":2.0},{"damage":13.0,"enemies":"Centurion and Healer","floor":30.0,"turns":4.0},{"damage":42.0,"enemies":"Collector","floor":33.0,"turns":6.0},{"damage":26.0,"enemies":"3 Darklings","floor":35.0,"turns":5.0},{"damage":8.0,"enemies":"3 Shapes","floor":36.0,"turns":5.0},{"damage":13,"enemies":"Maw","floor":37,"turns":5},{"damage":16,"enemies":"Nemesis","floor":40,"turns":5},{"damage":48,"enemies":"Giant Head","floor":42,"turns":6}],"seed_played":"-6449902559362894914","potions_obtained":[{"floor":8.0,"key":"GhostInAJar"},{"floor":10.0,"key":"CunningPotion"},{"floor":12.0,"key":"CunningPotion"},{"floor":28.0,"key":"SpeedPotion"},{"floor":35.0,"key":"Swift Potion"},{"floor":37,"key":"SpeedPotion"},{"floor":40,"key":"ColorlessPotion"}],"is_trial":false,"path_per_floor":["M","$","?","?","T","R","E","M","T","E","?","E","M","?","R","B",null,"M","M","?","?","$","R","E","R","T","E","M","?","M","$","R","B",null,"M","M","M","?","?","E","R","E"],"character_chosen":"THE_SILENT","items_purchased":["Well Laid Plans","Deadly Poison","Vajra","All Out Attack+1"],"campfire_rested":0,"item_purchase_floors":[2,2,31,31],"current_hp_per_floor":[63,63,49,54,54,54,54,54,54,42,38,33,45,45,45,30,64,53,45,45,45,60,60,48,48,48,41,40,40,44,59,59,43,67,41,38,47,47,47,41,41,0,0],"gold":28,"neow_bonus":"THREE_ENEMY_KILL","is_daily":false,"chose_seed":false,"campfire_upgraded":5,"win_rate":0.0,"timestamp":1611117182,"path_taken":["M","$","?","?","?","R","E","?","T","E","?","E","M","?","R","BOSS","M","?","?","?","$","R","E","R","T","E","M","?","M","$","R","BOSS","M","M","M","?","?","E","R","E"],"items_purchased_type":["Card","Card","Relic","Card"],"build_version":"2020-12-13","purchased_purges":2,"victory":false,"max_hp_per_floor":[70,70,70,75,75,75,75,75,75,75,75,75,75,75,75,75,75,75,75,75,75,75,75,75,75,75,75,75,75,75,75,75,75,75,75,75,75,75,75,75,75,75,75],"relic_stats":{"Nunchaku":[1],"counters":[20,85],"Pantograph":16,"MealTicket":30,"Pen Nib":[20],"Juzu Bracelet":1,"Ginger":[8],"obtain_stats":[{"NeowsBlessing":0,"Vajra":31,"Pen Nib":12,"Juzu Bracelet":27,"Ginger":10,"Odd Mushroom":11,"Nunchaku":40,"Ninja Scroll":24,"Pantograph":26,"MutagenicStrength":29,"MealTicket":5,"Molten Egg 2":7,"Fusion Hammer":34,"Red Mask":39,"Ring of the Serpent":17,"Toy Ornithopter":20,"Ring of the Snake":0,"Meat on the Bone":9},{"NeowsBlessing":0,"Vajra":14,"Pen Nib":6,"Juzu Bracelet":12,"Ginger":4,"Odd Mushroom":5,"Nunchaku":19,"Ninja Scroll":11,"Pantograph":11,"MutagenicStrength":13,"MealTicket":1,"Molten Egg 2":2,"Fusion Hammer":15,"Red Mask":18,"Ring of the Serpent":8,"Toy Ornithopter":10,"Ring of the Snake":0,"Meat on the Bone":3},{"NeowsBlessing":0,"Vajra":53,"Pen Nib":18,"Juzu Bracelet":47,"Ginger":9,"Odd Mushroom":13,"Nunchaku":79,"Ninja Scroll":42,"Pantograph":42,"MutagenicStrength":49,"MealTicket":1,"Molten Egg 2":3,"Fusion Hammer":59,"Red Mask":74,"Ring of the Serpent":27,"Toy Ornithopter":35,"Ring of the Snake":0,"Meat on the Bone":4}],"Toy Ornithopter":65,"Meat on the Bone":96},"card_choices":[{"not_picked":["Deflect","Slice"],"picked":"Backstab","floor":1.0},{"not_picked":["Leg Sweep","Deflect"],"picked":"Slice+1","floor":7.0},{"not_picked":["Outmaneuver","Backflip"],"picked":"Sucker Punch+1","floor":8.0},{"not_picked":["Cloak And Dagger","Unload+1"],"picked":"Heel Hook+1","floor":10.0},{"not_picked":["Backstab+1","Prepared"],"picked":"Dash+1","floor":11.0},{"not_picked":["Eviscerate+1","Dash+1"],"picked":"Quick Slash+1","floor":12.0},{"not_picked":["Deadly Poison","Reflex"],"picked":"Catalyst","floor":13.0},{"not_picked":["After Image","Grand Finale+1"],"picked":"Venomology","floor":16.0},{"not_picked":["Deflect","Blade Dance"],"picked":"Caltrops","floor":18.0},{"not_picked":["Dagger Throw+1","Masterful Stab+1","Acrobatics"],"picked":"SKIP","floor":19.0},{"not_picked":["Predator+1","Cloak And Dagger"],"picked":"Slice+1","floor":24.0},{"not_picked":["Choke+1","Quick Slash+1"],"picked":"Tools of the Trade","floor":27.0},{"not_picked":["Bane+1","Blade Dance+1"],"picked":"Noxious Fumes","floor":28.0},{"not_picked":["Catalyst","Deadly Poison"],"picked":"Infinite Blades+1","floor":30.0},{"not_picked":["Flying Knee+1","Quick Slash+1"],"picked":"Accuracy","floor":35.0},{"not_picked":["Deflect+1","Acrobatics","Backflip"],"picked":"SKIP","floor":36.0},{"not_picked":["Deflect","Backflip"],"picked":"Dagger Spray+1","floor":37},{"not_picked":["Dagger Throw+1","Malaise"],"picked":"Underhanded Strike+1","floor":40}],"player_experience":437287,"relics_obtained":[{"floor":5.0,"key":"MealTicket"},{"floor":7.0,"key":"Molten Egg 2"},{"floor":9.0,"key":"Meat on the Bone"},{"floor":10.0,"key":"Ginger"},{"floor":11.0,"key":"Odd Mushroom"},{"floor":12.0,"key":"Pen Nib"},{"floor":24.0,"key":"Ninja Scroll"},{"floor":26.0,"key":"Pantograph"},{"floor":27.0,"key":"Juzu Bracelet"},{"floor":40,"key":"Nunchaku"}],"event_choices":[{"damage_healed":0.0,"max_hp_gain":0.0,"max_hp_loss":0.0,"gold_gain":0.0,"event_name":"Shining Light","player_choice":"Entered Light","floor":3.0,"gold_loss":0.0,"damage_taken":14.0,"cards_upgraded":["Defend_G","Strike_G"]},{"damage_healed":0.0,"max_hp_gain":5.0,"max_hp_loss":0.0,"gold_gain":0.0,"event_name":"Big Fish","player_choice":"Donut","floor":4.0,"gold_loss":0.0,"damage_taken":0.0},{"damage_healed":0.0,"max_hp_gain":0.0,"max_hp_loss":0.0,"gold_gain":0.0,"event_name":"Mushrooms","player_choice":"Fought Mushrooms","floor":11.0,"gold_loss":0.0,"damage_taken":0.0},{"cards_removed":["Strike_G"],"damage_healed":0.0,"max_hp_gain":0.0,"max_hp_loss":0.0,"gold_gain":0.0,"event_name":"Bonfire Elementals","player_choice":"Offered Basic","floor":14.0,"gold_loss":0.0,"damage_taken":0.0},{"damage_healed":0.0,"max_hp_gain":0.0,"max_hp_loss":0.0,"gold_gain":0.0,"event_name":"Addict","player_choice":"Stole Relic","floor":20.0,"gold_loss":0.0,"damage_taken":0.0,"relics_obtained":["Toy Ornithopter"],"cards_obtained":["Shame"]},{"cards_removed":["Strike_G"],"damage_healed":0.0,"max_hp_gain":0.0,"max_hp_loss":0.0,"gold_gain":0.0,"event_name":"Beggar","player_choice":"Gave Gold","floor":21.0,"gold_loss":75.0,"damage_taken":0.0},{"damage_healed":0.0,"max_hp_gain":0.0,"max_hp_loss":0.0,"gold_gain":0.0,"event_name":"Drug Dealer","player_choice":"Inject Mutagens","floor":29.0,"gold_loss":0.0,"damage_taken":0.0,"relics_obtained":["MutagenicStrength"]},{"cards_removed":["Strike_G"],"damage_healed":0,"gold_gain":0,"player_choice":"Upgrade and Remove","damage_taken":0,"max_hp_gain":0,"max_hp_loss":0,"event_name":"Designer","floor":38,"gold_loss":90,"cards_upgraded":["Backstab"]},{"damage_healed":0,"gold_gain":0,"player_choice":"Paid","damage_taken":0,"relics_obtained":["Red Mask"],"max_hp_gain":0,"max_hp_loss":0,"event_name":"Tomb of Lord Red Mask","floor":39,"gold_loss":99}],"is_beta":false,"boss_relics":[{"not_picked":["Empty Cage","WristBlade"],"picked":"Ring of the Serpent"},{"not_picked":["Velvet Choker","Calling Bell"],"picked":"Fusion Hammer"}],"items_purged_floors":[22,31],"is_endless":false,"potions_floor_spawned":[8,10,12,28,35,37,40],"killed_by":"Giant Head","ascension_level":11}}