{"host":"l84l8xigz5v5foa2","time":1611148726,"event":{"mods":["2.2 Compatiblity","AchievementEnabler","BaseMod","Better Note","Better Vampires","Card Filter","Colored Map","DeckTracker","Downfall","Gremlin Skip","Highlight Path","Keyboard Shortcuts","Minty Spire (QoL Compilation)","Permanent Neow","Quick Restart","Relic Filter","Relic Stats","StSLib","SuperFastMode","Transform Curses","Unknown Chances"],"gold_per_floor":[15,15,15,29,44,44,56,86,111,111,146,146,146,42,42,114,114,131,131,141,156,156,156,175,175,175,175,175,175],"floor_reached":27,"language":"ENG","playtime":987,"items_purged":["hexamod:Strike"],"score":492,"play_id":"f0d72c9c-1b11-4369-bc24-8ecee146e298","local_time":"20210120221846","is_ascension_mode":true,"campfire_choices":[{"data":"hexamod:EmpoweredFlame","floor":6.0,"key":"SMITH"},{"floor":10.0,"key":"REST"},{"data":"hexamod:ThermalTransfer","floor":12.0,"key":"SMITH"},{"data":"hexamod:ShieldOfDarkness","floor":15.0,"key":"SMITH"},{"data":"hexamod:FastForward","floor":23.0,"key":"SMITH"}],"circlet_count":0,"master_deck":["AscendersBane","hexamod:Strike+1","hexamod:Strike+1","hexamod:Defend+1","hexamod:Defend+1","hexamod:Defend+1","hexamod:Sear+1","hexamod:Float+1","hexamod:TimeWarp","hexamod:SixthSeal","hexamod:EmpoweredFlame+1","hexamod:NightmareStrike+1","hexamod:ThermalTransfer+1","hexamod:PhantomFireball+1","hexamod:ThirdSeal","hexamod:FourthSeal","hexamod:FirstSeal","hexamod:ShieldOfDarkness+1","hexamod:FifthSeal","hexamod:GhostflameInferno+1","hexamod:FourthSeal","hexamod:HeatMetal","hexamod:InspiringFlames+1","hexamod:SoulSteal","hexamod:SixthSeal","hexamod:ShieldOfDarkness+1","hexamod:SecondSeal","hexamod:FastForward+1","hexamod:ThirdSeal","hexamod:Hexaguard+1","hexamod:FirstSeal","hexamod:ApocalypseNow"],"relics":["hexamod:UnbrokenSoul","Black Star","Bag of Marbles","Guardian:PocketSentry","InkBottle","PreservedInsect","Mango","Eternal Feather","Kunai"],"acts_visited":["Exordium","TheCity"],"potions_floor_usage":[27],"damage_taken":[{"damage":0.0,"enemies":"Cultist","floor":1.0,"turns":3.0},{"damage":0.0,"enemies":"Small Slimes","floor":4.0,"turns":2.0},{"damage":4.0,"enemies":"Jaw Worm","floor":5.0,"turns":5.0},{"damage":4.0,"enemies":"Looter","floor":7.0,"turns":4.0},{"damage":17.0,"enemies":"3 Sentries","floor":8.0,"turns":7.0},{"damage":0.0,"enemies":"Gremlin Nob","floor":11.0,"turns":2.0},{"damage":2.0,"enemies":"Slime Boss","floor":16.0,"turns":8.0},{"damage":15.0,"enemies":"2 Thieves","floor":18.0,"turns":5.0},{"damage":11.0,"enemies":"3 Byrds","floor":20.0,"turns":6.0},{"damage":41.0,"enemies":"Cultist and Chosen","floor":21.0,"turns":8.0},{"damage":74.0,"enemies":"Shelled Parasite and Fungi","floor":24.0,"turns":7.0},{"damage":5,"enemies":"Snecko","floor":27,"turns":3}],"seed_played":"8980877175523691809","potions_obtained":[{"floor":1.0,"key":"Weak Potion"},{"floor":7.0,"key":"AttackPotion"},{"floor":8.0,"key":"Weak Potion"},{"floor":16.0,"key":"AttackPotion"},{"floor":16.0,"key":"bronze:BurnAndBuffPotion"},{"floor":18.0,"key":"DuplicationPotion"},{"floor":18.0,"key":"Block Potion"},{"floor":20.0,"key":"GamblersBrew"},{"floor":20.0,"key":"DuplicationPotion"},{"floor":21.0,"key":"DuplicationPotion"},{"floor":24.0,"key":"DistilledChaos"}],"is_trial":false,"path_per_floor":["M","?","?","M","M","R","M","E","T","R","E","R","?","$","R","B",null,"M","?","M","M","?","R","M","?","T","M"],"character_chosen":"THE_SPIRIT","items_purchased":["hexamod:ShieldOfDarkness"],"campfire_rested":1,"item_purchase_floors":[14],"current_hp_per_floor":[57,31,31,31,27,27,23,6,6,24,38,47,40,40,49,54,71,56,56,52,18,77,77,3,3,3,0,0,0],"gold":175,"neow_bonus":"THREE_RARE_CARDS","is_daily":false,"chose_seed":false,"campfire_upgraded":4,"win_rate":0.0,"timestamp":1611148726,"path_taken":["M","?","?","M","M","R","M","E","T","R","E","R","?","?","R","BOSS","M","?","M","M","?","R","?","?","T","?"],"items_purchased_type":["Card"],"build_version":"2020-12-22","purchased_purges":1,"victory":false,"max_hp_per_floor":[63,63,63,63,63,63,63,63,63,63,77,77,77,77,77,77,77,77,77,77,77,77,77,77,77,77,77,77,77],"relic_stats":{"counters":[12,60],"Eternal Feather":18,"PreservedInsect":22,"Black Star":2,"Kunai":[0],"obtain_stats":[{"hexamod:UnbrokenSoul":17,"Mango":11,"Eternal Feather":11,"PreservedInsect":9,"Black Star":0,"Bag of Marbles":2,"Guardian:PocketSentry":8,"Kunai":26,"hexamod:SpiritBrand":0,"InkBottle":8},{"hexamod:UnbrokenSoul":7,"Mango":6,"Eternal Feather":6,"PreservedInsect":5,"Black Star":0,"Bag of Marbles":1,"Guardian:PocketSentry":5,"Kunai":11,"hexamod:SpiritBrand":0,"InkBottle":5},{"hexamod:UnbrokenSoul":31,"Mango":23,"Eternal Feather":23,"PreservedInsect":21,"Black Star":0,"Bag of Marbles":3,"Guardian:PocketSentry":21,"Kunai":57,"hexamod:SpiritBrand":0,"InkBottle":21}],"InkBottle":[13]},"card_choices":[{"not_picked":["hexamod:WildfireWeapon","hexamod:ParanormalForm"],"picked":"hexamod:TimeWarp","floor":0.0},{"not_picked":["hexamod:PhantomFireball","hexamod:Firestarter"],"picked":"hexamod:HeatMetal","floor":1.0},{"not_picked":["hexamod:InspiringFlames","hexamod:Haunt"],"picked":"hexamod:EmpoweredFlame","floor":4.0},{"not_picked":["hexamod:AdvancingGuard","hexamod:ExtraCrispy"],"picked":"hexamod:NightmareStrike","floor":5.0},{"not_picked":["hexamod:NightmareStrike","hexamod:SpectersWail"],"picked":"hexamod:ThermalTransfer","floor":7.0},{"not_picked":["hexamod:Haunt","hexamod:ApocalypticArmor","hexamod:HeatShield"],"picked":"SKIP","floor":8.0},{"not_picked":["hexamod:AdvancingGuard","hexamod:SuperheatedStrike"],"picked":"hexamod:PhantomFireball","floor":11.0},{"not_picked":["hexamod:ApocalypticArmor","hexamod:HexaLevel"],"picked":"hexamod:FifthSeal","floor":16.0},{"not_picked":["hexamod:WildfireWeapon","hexamod:UnleashSpirits"],"picked":"hexamod:GhostflameInferno","floor":16.0},{"not_picked":["hexamod:FirstSeal","hexamod:SixthSeal"],"picked":"hexamod:FourthSeal","floor":18.0},{"not_picked":["hexamod:Hexaguard","hexamod:Firestarter"],"picked":"hexamod:HeatMetal","floor":18.0},{"not_picked":["hexamod:SpectralAdrenaline","hexamod:Firestarter"],"picked":"hexamod:InspiringFlames+1","floor":18.0},{"not_picked":["hexamod:SpectralAdrenaline+1","hexamod:ShieldOfDarkness+1"],"picked":"hexamod:SoulSteal","floor":20.0},{"not_picked":["hexamod:FirstSeal","hexamod:FourthSeal"],"picked":"hexamod:SixthSeal","floor":20.0},{"not_picked":["hexamod:SixthSeal","hexamod:FirstSeal"],"picked":"hexamod:FourthSeal","floor":20.0},{"not_picked":["hexamod:SpectersWail","hexamod:FlamesFromBeyond"],"picked":"hexamod:ShieldOfDarkness+1","floor":20.0},{"not_picked":["hexamod:FirstSeal","hexamod:FourthSeal"],"picked":"hexamod:SecondSeal","floor":21.0},{"not_picked":["hexamod:HeatMetal+1","hexamod:FlamesFromBeyond"],"picked":"hexamod:FastForward","floor":21.0},{"not_picked":["hexamod:SixthSeal","hexamod:FirstSeal"],"picked":"hexamod:ThirdSeal","floor":21.0},{"not_picked":["hexamod:HeatCrush","hexamod:SuperheatedStrike"],"picked":"hexamod:Hexaguard","floor":21.0},{"not_picked":["hexamod:SecondSeal","hexamod:FourthSeal"],"picked":"hexamod:FirstSeal","floor":24.0},{"not_picked":["hexamod:GhostOfSpireFuture","hexamod:BacktrackSmack"],"picked":"hexamod:ApocalypseNow","floor":24.0},{"not_picked":["hexamod:Firestarter","hexamod:ThermalTransfer","hexamod:BacktrackSmack"],"picked":"SKIP","floor":24.0},{"not_picked":["hexamod:FourthSeal","hexamod:SecondSeal","hexamod:SixthSeal"],"picked":"SKIP","floor":24.0},{"not_picked":["hexamod:FlamesFromBeyond","hexamod:EmpoweredFlame","hexamod:NecessarySacrifice"],"picked":"SKIP","floor":24.0}],"player_experience":3319337,"relics_obtained":[{"floor":8.0,"key":"Guardian:PocketSentry"},{"floor":8.0,"key":"InkBottle"},{"floor":9.0,"key":"PreservedInsect"},{"floor":11.0,"key":"Mango"},{"floor":11.0,"key":"Eternal Feather"},{"floor":26,"key":"Kunai"}],"event_choices":[{"damage_healed":0.0,"max_hp_gain":0.0,"max_hp_loss":0.0,"gold_gain":0.0,"cards_transformed":["hexamod:Strike"],"event_name":"Living Wall","player_choice":"Change","floor":0.0,"gold_loss":0.0,"damage_taken":0.0,"cards_obtained":["hexamod:SixthSeal"]},{"damage_healed":0.0,"max_hp_gain":0.0,"max_hp_loss":0.0,"gold_gain":0.0,"event_name":"Scrap Ooze","player_choice":"Success","floor":2.0,"gold_loss":0.0,"damage_taken":26.0,"relics_obtained":["Bag of Marbles"]},{"damage_healed":0.0,"max_hp_gain":0.0,"max_hp_loss":0.0,"gold_gain":0.0,"event_name":"Living Wall","player_choice":"Grow","floor":3.0,"gold_loss":0.0,"damage_taken":0.0,"cards_upgraded":["hexamod:Float"]},{"cards_removed":["hexamod:FourthSeal"],"damage_healed":59.0,"max_hp_gain":0.0,"max_hp_loss":0.0,"gold_gain":0.0,"event_name":"Bonfire Elementals","player_choice":"Offered Uncommon","floor":22.0,"gold_loss":0.0,"damage_taken":0.0},{"damage_healed":0.0,"max_hp_gain":0.0,"max_hp_loss":0.0,"gold_gain":0.0,"event_name":"FaceTrader","player_choice":"Leave","floor":25.0,"gold_loss":0.0,"damage_taken":0.0}],"is_beta":false,"boss_relics":[{"not_picked":["SlaversCollar","Runic Pyramid"],"picked":"hexamod:UnbrokenSoul"}],"items_purged_floors":[14],"is_endless":false,"potions_floor_spawned":[1,7,8,11,16,18],"killed_by":"Snecko","ascension_level":20}}