{"host":"fuszjwm6fqgjjp4d","time":1611143153,"event":{"mods":["BaseMod","Bestiary","Colored Map","DeckTracker","Minty Spire (QoL Compilation)","Permanent Neow","Relic Sorter","Relic Stats","StSLib"],"gold_per_floor":[117,42,56,125,136,136,5,21,21,54,54,68,82,102,102,176,176,190,190,25,25,35,65,65,65,90,120,132,156,168,211,223,308,320,342,21,21,33,0,32,32,60,135,154,179,179,189,224,224,224,224],"floor_reached":50,"language":"ENG","playtime":1763,"items_purged":[],"score":1200,"play_id":"4aba2f20-721e-4236-8a52-99a048a152e3","local_time":"20210120054553","is_ascension_mode":true,"campfire_choices":[{"data":"Defragment","floor":6.0,"key":"SMITH"},{"data":"Storm","floor":15.0,"key":"SMITH"},{"data":"Chill","floor":25,"key":"SMITH"},{"data":"Consume","floor":28,"key":"SMITH"},{"data":"Loop","floor":30,"key":"SMITH"},{"data":"Dualcast","floor":32,"key":"SMITH"},{"data":"Creative AI","floor":41,"key":"SMITH"},{"data":"Mayhem","floor":46,"key":"SMITH"},{"floor":49,"key":"REST"}],"circlet_count":0,"master_deck":["AscendersBane","Defend_B","Defend_B","Defend_B","Zap+1","Dualcast+1","Sunder+1","Doom and Gloom+1","Redo+1","Defragment+1","Chill+1","Capacitor","Self Repair","Storm+1","Conserve Battery+1","Self Repair","Capacitor","Glacier","Electrodynamics","Loop+1","Consume+1","Creative AI+1","Mayhem+1","White Noise","Reboot","Hologram","Loop","Glacier+1"],"relics":["Astrolabe","Bag of Preparation","Mercury Hourglass","Nuclear Battery","Lantern","War Paint","Meat on the Bone","MawBank","Bottled Flame","Cursed Key","Bird Faced Urn","Red Mask","Letter Opener","Omamori","Symbiotic Virus","Pear","White Beast Statue"],"acts_visited":["Exordium","TheCity","TheBeyond"],"potions_floor_usage":[23,23,33,40,44,45],"damage_taken":[{"damage":0.0,"enemies":"Small Slimes","floor":1.0,"turns":1.0},{"damage":1.0,"enemies":"2 Louse","floor":3.0,"turns":2.0},{"damage":0.0,"enemies":"Cultist","floor":5.0,"turns":3.0},{"damage":2.0,"enemies":"Exordium Thugs","floor":8.0,"turns":4.0},{"damage":13.0,"enemies":"Lagavulin","floor":10.0,"turns":5.0},{"damage":0.0,"enemies":"Large Slime","floor":12.0,"turns":4.0},{"damage":3.0,"enemies":"3 Louse","floor":13.0,"turns":2.0},{"damage":4.0,"enemies":"Lots of Slimes","floor":14.0,"turns":4.0},{"damage":27.0,"enemies":"Hexaghost","floor":16.0,"turns":7.0},{"damage":13.0,"enemies":"3 Byrds","floor":18.0,"turns":2.0},{"damage":12,"enemies":"2 Thieves","floor":22,"turns":3},{"damage":10,"enemies":"Slavers","floor":23,"turns":2},{"damage":2,"enemies":"Snecko","floor":27,"turns":4},{"damage":0,"enemies":"3 Cultists","floor":29,"turns":3},{"damage":8,"enemies":"Book of Stabbing","floor":31,"turns":5},{"damage":27,"enemies":"Automaton","floor":33,"turns":7},{"damage":0,"enemies":"3 Darklings","floor":35,"turns":2},{"damage":9,"enemies":"Orb Walker","floor":38,"turns":4},{"damage":46,"enemies":"Giant Head","floor":40,"turns":6},{"damage":15,"enemies":"Reptomancer","floor":42,"turns":5},{"damage":19,"enemies":"Transient","floor":44,"turns":6},{"damage":19,"enemies":"Nemesis","floor":45,"turns":5},{"damage":37,"enemies":"Jaw Worm Horde","floor":47,"turns":4},{"damage":66,"enemies":"Reptomancer","floor":48,"turns":5},{"damage":99,"enemies":"Awakened One","floor":50,"turns":6}],"seed_played":"1311137938928804483","potions_obtained":[{"floor":1.0,"key":"Fire Potion"},{"floor":12.0,"key":"GamblersBrew"},{"floor":14.0,"key":"GamblersBrew"},{"floor":19.0,"key":"Ancient Potion"},{"floor":22,"key":"SkillPotion"},{"floor":23,"key":"BlessingOfTheForge"},{"floor":29,"key":"Block Potion"},{"floor":31,"key":"Block Potion"},{"floor":33,"key":"Swift Potion"},{"floor":40,"key":"Dexterity Potion"},{"floor":45,"key":"FearPotion"}],"is_trial":false,"path_per_floor":["M","?","M","?","M","R","$","M","T","E","?","M","M","M","R","B",null,"M","?","$","?","M","E","?","R","T","M","R","M","R","E","R","B",null,"M","$","?","M","?","E","R","E","T","M","E","R","M","E","R","B"],"character_chosen":"DEFECT","items_purchased":["Self Repair","FocusPotion","Lantern","Bird Faced Urn"],"campfire_rested":1,"item_purchase_floors":[7,7,20,36],"current_hp_per_floor":[64,64,63,63,63,63,63,68,68,62,62,62,59,69,69,56,67,61,61,61,41,43,47,47,47,47,59,59,66,66,72,72,59,72,72,72,62,72,72,57,57,65,65,76,86,86,64,39,64,0,0],"gold":224,"neow_bonus":"BOSS_RELIC","is_daily":false,"chose_seed":false,"campfire_upgraded":8,"win_rate":0.0,"timestamp":1611143153,"path_taken":["M","?","M","?","M","R","$","M","T","E","?","M","?","M","R","BOSS","M","?","?","?","M","E","?","R","T","?","R","M","R","E","R","BOSS","M","$","?","M","?","E","R","E","T","M","E","R","M","E","R","BOSS"],"items_purchased_type":["Card","Potion","Relic","Relic"],"build_version":"2020-12-22","purchased_purges":0,"victory":false,"max_hp_per_floor":[71,71,71,71,71,71,71,71,71,71,71,71,71,71,71,71,71,71,71,71,76,76,76,76,76,76,76,76,76,76,76,76,76,76,76,76,76,76,76,76,76,76,76,76,86,86,86,86,86,86,86],"relic_stats":{"counters":[25,98],"Astrolabe":["Sunder","Doom and Gloom","Redo"],"Bird Faced Urn":[134],"Bag of Preparation":[42],"Letter Opener":[65],"War Paint":["Zap","Conserve Battery"],"MawBank":120,"Cursed Key":1,"obtain_stats":[{"Lantern":20,"Pear":45,"Astrolabe":0,"Bag of Preparation":9,"Omamori":42,"Letter Opener":40,"War Paint":23,"MawBank":26,"Cursed Key":34,"White Beast Statue":48,"Mercury Hourglass":10,"Nuclear Battery":17,"Bottled Flame":31,"Bird Faced Urn":36,"Red Mask":39,"Cracked Core":0,"Symbiotic Virus":43,"Meat on the Bone":24},{"Lantern":10,"Pear":22,"Astrolabe":0,"Bag of Preparation":4,"Omamori":20,"Letter Opener":19,"War Paint":12,"MawBank":12,"Cursed Key":16,"White Beast Statue":24,"Mercury Hourglass":5,"Nuclear Battery":9,"Bottled Flame":15,"Bird Faced Urn":17,"Red Mask":18,"Cracked Core":0,"Symbiotic Virus":20,"Meat on the Bone":12},{"Lantern":33,"Pear":84,"Astrolabe":0,"Bag of Preparation":10,"Omamori":73,"Letter Opener":68,"War Paint":38,"MawBank":38,"Cursed Key":57,"White Beast Statue":92,"Mercury Hourglass":15,"Nuclear Battery":31,"Bottled Flame":50,"Bird Faced Urn":59,"Red Mask":62,"Cracked Core":0,"Symbiotic Virus":73,"Meat on the Bone":38}],"Mercury Hourglass":[390],"Meat on the Bone":12},"card_choices":[{"not_picked":["Genetic Algorithm","Cold Snap"],"picked":"Defragment","floor":1.0},{"not_picked":["Go for the Eyes","Sweeping Beam"],"picked":"Chill","floor":3.0},{"not_picked":["Turbo","Sweeping Beam"],"picked":"Capacitor","floor":5.0},{"not_picked":["Steam Power","Double Energy"],"picked":"Storm","floor":8.0},{"not_picked":["Sunder","Blizzard"],"picked":"Conserve Battery","floor":10.0},{"not_picked":["Fusion","Hologram"],"picked":"Self Repair","floor":12.0},{"not_picked":["Blizzard","Compile Driver"],"picked":"Capacitor","floor":13.0},{"not_picked":["Leap","Rebound"],"picked":"Glacier","floor":14.0},{"not_picked":["Buffer","Creative AI"],"picked":"Electrodynamics","floor":16.0},{"not_picked":["Leap","Cold Snap","Conserve Battery"],"picked":"SKIP","floor":18.0},{"not_picked":["Turbo","Go for the Eyes"],"picked":"Loop","floor":22},{"not_picked":["Aggregate","Leap","Barrage"],"picked":"SKIP","floor":23},{"not_picked":["Heatsinks","Static Discharge"],"picked":"Consume","floor":27},{"not_picked":["Capacitor","Conserve Battery","Chaos"],"picked":"SKIP","floor":29},{"not_picked":["Chill","Rebound","Hyperbeam"],"picked":"SKIP","floor":31},{"not_picked":["Seek","Thunder Strike"],"picked":"Creative AI","floor":33},{"not_picked":["Streamline","Undo","Compile Driver"],"picked":"SKIP","floor":35},{"not_picked":["PanicButton","Thinking Ahead"],"picked":"Mayhem","floor":37},{"not_picked":["Turbo+1","Redo+1"],"picked":"White Noise","floor":38},{"not_picked":["Reinforced Body","FTL"],"picked":"Reboot","floor":40},{"not_picked":["Streamline","Reinforced Body","Hologram"],"picked":"SKIP","floor":42},{"not_picked":["Streamline","Reinforced Body"],"picked":"Hologram","floor":42},{"not_picked":["Sweeping Beam","Gash","Stack+1"],"picked":"SKIP","floor":44},{"not_picked":["Multi-Cast","Rebound","Steam"],"picked":"SKIP","floor":45},{"not_picked":["Undo+1","Rebound"],"picked":"Loop","floor":47},{"not_picked":["Steam","Aggregate"],"picked":"Glacier+1","floor":48}],"player_experience":1309692,"relics_obtained":[{"floor":9.0,"key":"Bag of Preparation"},{"floor":10.0,"key":"Mercury Hourglass"},{"floor":23,"key":"War Paint"},{"floor":26,"key":"MawBank"},{"floor":31,"key":"Bottled Flame"},{"floor":40,"key":"Letter Opener"},{"floor":42,"key":"Omamori"},{"floor":43,"key":"Symbiotic Virus"},{"floor":45,"key":"Pear"},{"floor":48,"key":"White Beast Statue"}],"event_choices":[{"cards_removed":["Strike_B"],"damage_healed":0.0,"max_hp_gain":0.0,"max_hp_loss":0.0,"gold_gain":0.0,"event_name":"The Cleric","player_choice":"Card Removal","floor":2.0,"gold_loss":75.0,"damage_taken":0.0},{"damage_healed":0.0,"max_hp_gain":0.0,"max_hp_loss":0.0,"gold_gain":69.0,"event_name":"Golden Wing","player_choice":"Gained Gold","floor":4.0,"gold_loss":0.0,"damage_taken":0.0},{"cards_removed":["Strike_B"],"damage_healed":0.0,"max_hp_gain":0.0,"max_hp_loss":0.0,"gold_gain":0.0,"event_name":"Bonfire Elementals","player_choice":"Offered Basic","floor":11.0,"gold_loss":0.0,"damage_taken":0.0},{"damage_healed":0.0,"max_hp_gain":0.0,"max_hp_loss":0.0,"gold_gain":0.0,"event_name":"Lab","player_choice":"Got Potions","floor":19.0,"gold_loss":0.0,"damage_taken":0.0},{"damage_healed":0.0,"max_hp_gain":5.0,"max_hp_loss":0.0,"gold_gain":0.0,"event_name":"Forgotten Altar","player_choice":"Shed Blood","floor":21.0,"gold_loss":0.0,"damage_taken":25.0},{"damage_healed":0,"gold_gain":0,"player_choice":"Gave Potion","damage_taken":0,"relics_obtained":["Meat on the Bone"],"max_hp_gain":0,"max_hp_loss":0,"event_name":"WeMeetAgain","floor":24,"gold_loss":0},{"damage_healed":0,"gold_gain":0,"player_choice":"Memory 3","damage_taken":10,"max_hp_gain":0,"max_hp_loss":0,"event_name":"SensoryStone","floor":37,"gold_loss":0},{"damage_healed":0,"gold_gain":0,"player_choice":"Paid","damage_taken":0,"relics_obtained":["Red Mask"],"max_hp_gain":0,"max_hp_loss":0,"event_name":"Tomb of Lord Red Mask","floor":39,"gold_loss":33}],"is_beta":false,"boss_relics":[{"not_picked":["Empty Cage","Sozu"],"picked":"Nuclear Battery"},{"not_picked":["Philosopher\u0027s Stone","Pandora\u0027s Box"],"picked":"Cursed Key"}],"items_purged_floors":[],"is_endless":false,"potions_floor_spawned":[1,12,14,16,22,23,29,31,33,38,40,45],"killed_by":"Awakened One","ascension_level":20}}