{"host":"v711dtdb46xe9u7l","time":1611177277,"event":{"mods":["BaseMod","Bestiary","Downfall","Highlight Path","Minty Spire (QoL Compilation)","Quick Restart","StSLib"],"gold_per_floor":[99,112,132,152,17,17,17,17,17,49,64,77,77,93,105,210,210,10,29,29,29,29,29,52,52,69,69,4,4,4,194,207,308,308,208,208,208,225,235,254,254,254,304,304,179,204,204,223,243,243,243,276,6,6,6,6,6,6],"floor_reached":56,"language":"ENG","playtime":4534,"items_purged":["bronze:Strike","bronze:Strike","bronze:Strike","Parasite"],"score":850,"play_id":"57ea98db-0813-4dbc-a10c-bf7eff39d22a","local_time":"20210120211437","is_ascension_mode":false,"campfire_choices":[{"data":"bronze:Goto","floor":1,"key":"SMITH"},{"data":"bronze:Fortify","floor":8,"key":"SMITH"},{"floor":13,"key":"RECALL"},{"data":"bronze:Virus","floor":18,"key":"SMITH"},{"data":"bronze:Optimize","floor":23,"key":"SMITH"},{"data":"bronze:Branch","floor":27,"key":"SMITH"},{"data":"bronze:HardenedForm","floor":30,"key":"SMITH"},{"data":"bronze:Shell","floor":35,"key":"SMITH"},{"data":"bronze:FineTuning","floor":42,"key":"SMITH"},{"floor":44,"key":"REST"},{"data":"bronze:HardenedForm","floor":47,"key":"SMITH"},{"floor":54,"key":"REST"}],"circlet_count":0,"master_deck":["bronze:Defend","bronze:Defend","bronze:Defend","bronze:Goto+1","bronze:Branch+1","bronze:Fortify+1","bronze:Optimize+1","bronze:Virus+1","bronze:FineTuning+1","bronze:Format","bronze:BitShift","bronze:Branch+1","bronze:Frontload","bronze:Backtrace+1","bronze:HardenedForm+1","bronze:WhirlingStrike+1","bronze:BronzeOrb+1","bronze:ChosenStrike+1","bronze:Shell+1","bronze:ThunderWave+1","bronze:FineTuning+1","bronze:Fortify+1","bronze:HardenedForm+1","bronze:ForceShield"],"relics":["bronze:BronzeCore","bronze:BottledCode","Molten Egg 2","Akabeko","Empty Cage","downfall:HeartBlessingRed","downfall:HeartBlessingGreen","SlaversCollar","downfall:HeartBlessingBlue","Regal Pillow","StoneCalendar","Whetstone","Pen Nib"],"acts_visited":["Exordium","TheCity","TheBeyond","TheEnding"],"potions_floor_usage":[28,31,50,50,55],"damage_taken":[{"damage":0,"enemies":"Small Slimes","floor":2,"turns":3},{"damage":0,"enemies":"Jaw Worm","floor":3,"turns":3},{"damage":1,"enemies":"2 Louse","floor":4,"turns":3},{"damage":0,"enemies":"downfall:FleeingMerchant","floor":5,"turns":4},{"damage":14,"enemies":"3 Sentries","floor":10,"turns":8},{"damage":0,"enemies":"3 Louse","floor":11,"turns":2},{"damage":9,"enemies":"Gremlin Gang","floor":12,"turns":2},{"damage":0,"enemies":"Large Slime","floor":14,"turns":4},{"damage":0,"enemies":"Exordium Wildlife","floor":15,"turns":3},{"damage":8,"enemies":"DF_ARCHETYPE_STREAMLINE","floor":16,"turns":9},{"damage":0,"enemies":"Spheric Guardian","floor":19,"turns":3},{"damage":0,"enemies":"Chosen","floor":26,"turns":3},{"damage":0,"enemies":"downfall:FleeingMerchant","floor":28,"turns":4},{"damage":10,"enemies":"downfall:FleeingMerchant","floor":31,"turns":4},{"damage":0,"enemies":"Snake Plant","floor":32,"turns":3},{"damage":2,"enemies":"SI_MIRROR_ARCHETYPE","floor":33,"turns":10},{"damage":0,"enemies":"3 Shapes","floor":38,"turns":2},{"damage":0,"enemies":"Orb Walker","floor":39,"turns":2},{"damage":30,"enemies":"Transient","floor":40,"turns":5},{"damage":8,"enemies":"Transient","floor":43,"turns":5},{"damage":10,"enemies":"Nemesis","floor":46,"turns":7},{"damage":21,"enemies":"Spire Growth","floor":48,"turns":6},{"damage":9,"enemies":"Writhing Mass","floor":49,"turns":7},{"damage":52,"enemies":"IC_BLOCK_ARCHETYPE","floor":50,"turns":12},{"damage":40,"enemies":"downfall:CharBossMerchant","floor":52,"turns":8},{"damage":1,"enemies":"downfall:NeowBoss","floor":55,"turns":18},{"damage":79,"enemies":"downfall:NeowBossFinal","floor":56,"turns":14}],"seed_played":"-6333312497410964126","potions_obtained":[{"floor":3,"key":"FairyPotion"},{"floor":4,"key":"FearPotion"},{"floor":11,"key":"SpeedPotion"},{"floor":33,"key":"Explosive Potion"}],"is_trial":false,"path_per_floor":["R","M","M","M","$","?","T","R","?","E","M","M","R","M","M","B",null,"R","M","?","?","?","R","T","?","M","R","$","?","R","$","M","B",null,"R","?","?","M","M","M","T","R","?","R","$","E","R","M","M","B",null,"E","$","R","B","B"],"character_chosen":"THE_AUTOMATON","items_purchased":["bronze:FineTuning","Fire Potion","bronze:Shell","bronze:ForceShield","PowerPotion"],"campfire_rested":2,"item_purchase_floors":[5,28,31,53,53],"current_hp_per_floor":[77,77,77,76,76,67,67,67,67,53,53,44,44,44,44,36,67,67,67,67,67,67,67,67,67,67,67,67,67,67,57,57,55,67,77,77,77,77,77,47,47,47,39,77,77,67,67,46,37,23,77,37,37,74,73,0,0,0],"gold":6,"neow_bonus":"TEN_PERCENT_HP_BONUS","is_daily":false,"chose_seed":false,"campfire_upgraded":9,"win_rate":0.0,"timestamp":1611177277,"path_taken":["R","M","M","M","$","?","T","R","?","E","M","M","R","M","M","BOSS","R","M","?","?","?","R","T","?","?","R","$","?","R","?","M","BOSS","R","?","?","M","M","M","T","R","?","R","$","E","R","M","M","BOSS","E","$","R","BOSS","BOSS"],"items_purchased_type":["Card","Potion","Card","Card","Potion"],"build_version":"2020-12-22","purchased_purges":4,"victory":false,"max_hp_per_floor":[77,77,77,77,77,67,67,67,67,67,67,67,67,67,67,67,67,67,67,67,67,67,67,67,67,67,67,67,67,67,67,67,67,67,77,77,77,77,77,77,77,77,77,77,77,77,77,77,77,77,77,77,74,74,74,74,74,74],"card_choices":[{"not_picked":["bronze:DelayedSlice","bronze:OilSpill"],"picked":"bronze:Branch","floor":2},{"not_picked":["bronze:Philosophize","bronze:CutThrough"],"picked":"bronze:Fortify","floor":3},{"not_picked":["bronze:BugBarrage","bronze:Invalidate"],"picked":"bronze:Optimize","floor":4},{"not_picked":["bronze:Boost","bronze:Branch"],"picked":"bronze:Virus","floor":5},{"not_picked":["bronze:Turbo","bronze:BugBarrage+1"],"picked":"bronze:Format","floor":10},{"not_picked":["bronze:WildBeam+1","bronze:Optimize"],"picked":"bronze:BitShift","floor":11},{"not_picked":["bronze:Overload","bronze:Repulsor"],"picked":"bronze:Branch+1","floor":12},{"not_picked":["bronze:Fortify+1","bronze:BitShift"],"picked":"bronze:Frontload","floor":14},{"not_picked":["bronze:BugBarrage+1","bronze:BuggyMess"],"picked":"bronze:Backtrace+1","floor":15},{"not_picked":["bronze:RecursiveStrike+1","bronze:HyperBeam+1"],"picked":"bronze:HardenedForm","floor":16},{"not_picked":["bronze:FineTuning","bronze:Shield+1"],"picked":"bronze:WhirlingStrike+1","floor":19},{"not_picked":["bronze:ItsAFeature","bronze:BuggyMess"],"picked":"bronze:ChosenStrike+1","floor":26},{"not_picked":["bronze:Safeguard+1","bronze:FollowUp+1","bronze:DelayedGuard"],"picked":"SKIP","floor":28},{"not_picked":["bronze:BuggyMess","bronze:Overheat+1","bronze:AlphaBuild+1"],"picked":"SKIP","floor":31},{"not_picked":["bronze:Invalidate","bronze:WildBeam+1","bronze:Turbo+1"],"picked":"SKIP","floor":32},{"not_picked":["bronze:HardenedForm","bronze:CleanCode"],"picked":"bronze:ThunderWave+1","floor":33},{"not_picked":["bronze:Shield+1","bronze:Return"],"picked":"bronze:FineTuning+1","floor":38},{"not_picked":["bronze:BitShift","bronze:FineTuning+1"],"picked":"bronze:Fortify+1","floor":39},{"not_picked":["bronze:WhirlingStrike+1","bronze:DelayedGuard+1","bronze:WildBeam+1"],"picked":"SKIP","floor":40},{"not_picked":["bronze:Shell","bronze:BurnOut+1"],"picked":"bronze:HardenedForm","floor":46},{"not_picked":["bronze:DarkDash+1","bronze:Safeguard","bronze:Frontload"],"picked":"SKIP","floor":48},{"not_picked":["bronze:Iterate+1","bronze:Shell","bronze:WhirlingStrike+1"],"picked":"SKIP","floor":49},{"not_picked":["bronze:OilSpill+1","bronze:DelayedGuard","bronze:Deprecate+1"],"picked":"SKIP","floor":52}],"player_experience":387484,"relics_obtained":[{"floor":7,"key":"Molten Egg 2"},{"floor":10,"key":"Akabeko"},{"floor":41,"key":"Regal Pillow"},{"floor":43,"key":"StoneCalendar"},{"floor":46,"key":"Whetstone"},{"floor":52,"key":"Pen Nib"}],"event_choices":[{"damage_healed":0,"gold_gain":0,"player_choice":"Read","damage_taken":0,"max_hp_gain":0,"max_hp_loss":0,"event_name":"The Library","floor":21,"gold_loss":0,"cards_obtained":["bronze:BronzeOrb"]},{"damage_healed":0,"gold_gain":0,"player_choice":"Ignored","damage_taken":0,"max_hp_gain":0,"max_hp_loss":0,"event_name":"Ghosts","floor":29,"gold_loss":0},{"cards_removed":["bronze:Defend"],"damage_healed":0,"gold_gain":0,"player_choice":"Removed Skill","damage_taken":0,"max_hp_gain":0,"max_hp_loss":0,"event_name":"Falling","floor":37,"gold_loss":0}],"is_beta":false,"boss_relics":[{"not_picked":["Coffee Dripper","bronze:PlatinumCore"],"picked":"Empty Cage"},{"not_picked":["Cursed Key","Tiny House"],"picked":"SlaversCollar"}],"items_purged_floors":[5,31,45,53],"is_endless":false,"potions_floor_spawned":[3,4,11,15,26,33,40,46,48],"killed_by":"downfall:NeowBossFinal","ascension_level":0}}