{"host":"f0gpob8hq9vgebej","time":1611146323,"event":{"mods":["AchievementEnabler","BaseMod","Minty Spire (QoL Compilation)","Quick Restart","SuperFastMode"],"gold_per_floor":[115,134,154,27,46,77,77,77,77,90,90,90,104,131,131,231,231,231,231,19,36,36,36,46,46,94,94,109,109,8,25,25,123,123,138,150,150,204,100,100,100,100,100,132,146,166,17,36,36,36],"floor_reached":51,"language":"KOR","playtime":1536,"items_purged":["Strike_R","Strike_R","Strike_R","Strike_R"],"score":1181,"play_id":"06996cbd-5361-4ff9-b5b5-19a07de2de9b","local_time":"20210120213843","is_ascension_mode":true,"campfire_choices":[{"data":"Pommel Strike","floor":7.0,"key":"SMITH"},{"data":"Pommel Strike","floor":11.0,"key":"SMITH"},{"data":"Shrug It Off","floor":15.0,"key":"SMITH"},{"data":"Barricade","floor":23.0,"key":"SMITH"},{"data":"Body Slam","floor":25.0,"key":"SMITH"},{"data":"Fire Breathing","floor":27.0,"key":"SMITH"},{"data":"Defend_R","floor":32.0,"key":"SMITH"},{"floor":40.0,"key":"DIG"},{"floor":42.0,"key":"DIG"},{"floor":49,"key":"DIG"}],"circlet_count":0,"master_deck":["AscendersBane","Strike_R","Defend_R+1","Defend_R","Defend_R","Defend_R","Bash","Pommel Strike+1","Pommel Strike+1","Shrug It Off+1","Immolate","Fire Breathing+1","Battle Trance+1","Barricade+1","Power Through+1","Burning Pact+1","True Grit+1","Shrug It Off+1","Body Slam+1","Shrug It Off+1","Double Tap+1","Battle Trance+1","Ghostly Armor+1","True Grit+1","Shrug It Off+1","Shrug It Off+1"],"relics":["Black Blood","MealTicket","Toxic Egg 2","HornCleat","Boot","Smiling Mask","Letter Opener","Sozu","Shovel","Mercury Hourglass","White Beast Statue","Gremlin Horn","Happy Flower","Anchor","Blood Vial"],"acts_visited":["Exordium","TheCity","TheBeyond"],"potions_floor_usage":[46],"damage_taken":[{"damage":6.0,"enemies":"Cultist","floor":1.0,"turns":3.0},{"damage":7.0,"enemies":"Jaw Worm","floor":2.0,"turns":3.0},{"damage":7.0,"enemies":"Small Slimes","floor":3.0,"turns":3.0},{"damage":5.0,"enemies":"Red Slaver","floor":5.0,"turns":4.0},{"damage":16.0,"enemies":"Gremlin Nob","floor":6.0,"turns":3.0},{"damage":3.0,"enemies":"Blue Slaver","floor":10.0,"turns":4.0},{"damage":3.0,"enemies":"Exordium Thugs","floor":13.0,"turns":4.0},{"damage":10.0,"enemies":"3 Sentries","floor":14.0,"turns":3.0},{"damage":52.0,"enemies":"The Guardian","floor":16.0,"turns":14.0},{"damage":0.0,"enemies":"Shell Parasite","floor":18.0,"turns":1.0},{"damage":35.0,"enemies":"3 Byrds","floor":21.0,"turns":5.0},{"damage":37.0,"enemies":"Shelled Parasite and Fungi","floor":24.0,"turns":11.0},{"damage":8.0,"enemies":"Snecko","floor":28.0,"turns":9.0},{"damage":3.0,"enemies":"Centurion and Healer","floor":31.0,"turns":8.0},{"damage":0.0,"enemies":"Automaton","floor":33.0,"turns":11.0},{"damage":0.0,"enemies":"Orb Walker","floor":35.0,"turns":4.0},{"damage":0.0,"enemies":"3 Darklings","floor":36.0,"turns":4.0},{"damage":26.0,"enemies":"2 Orb Walkers","floor":38.0,"turns":5.0},{"damage":5.0,"enemies":"Nemesis","floor":44.0,"turns":7.0},{"damage":7.0,"enemies":"Writhing Mass","floor":45.0,"turns":4.0},{"damage":6,"enemies":"Jaw Worm Horde","floor":46,"turns":5},{"damage":19,"enemies":"Sphere and 2 Shapes","floor":48,"turns":5},{"damage":0,"enemies":"Donu and Deca","floor":50,"turns":8}],"seed_played":"-1267513417277693386","potions_obtained":[{"floor":1.0,"key":"SpeedPotion"},{"floor":2.0,"key":"DistilledChaos"},{"floor":5.0,"key":"SmokeBomb"},{"floor":10.0,"key":"Block Potion"},{"floor":21.0,"key":"Block Potion"},{"floor":33.0,"key":"BloodPotion"}],"is_trial":false,"path_per_floor":["M","M","M","$","M","E","R","$","T","M","R","?","M","E","R","B",null,"M","?","$","M","?","R","M","R","T","R","M","?","$","M","R","B",null,"M","M","?","?","$","R","?","R","T","E","M","M","$","M","R","B",null],"character_chosen":"IRONCLAD","items_purchased":["Shrug It Off","Power Through+1","Burning Pact+1","Dexterity Potion","True Grit+1","Anchor"],"campfire_rested":0,"item_purchase_floors":[4,20,20,30,39,47],"current_hp_per_floor":[80,79,78,78,79,69,69,84,84,87,87,80,83,79,79,33,74,86,86,88,65,65,65,40,40,40,40,44,44,59,68,68,80,86,88,88,88,74,88,88,84,84,84,84,84,84,84,77,77,84],"gold":36,"neow_bonus":"TEN_PERCENT_HP_BONUS","is_daily":false,"chose_seed":false,"campfire_upgraded":7,"win_rate":0.0,"timestamp":1611146323,"path_taken":["M","M","M","$","M","E","R","?","T","M","R","?","M","E","R","BOSS","M","?","$","M","?","R","M","R","T","R","?","?","?","M","R","BOSS","M","M","?","?","$","R","?","R","T","E","M","M","$","M","R","BOSS"],"items_purchased_type":["Card","Card","Card","Potion","Card","Relic"],"build_version":"2020-12-22","purchased_purges":4,"victory":true,"max_hp_per_floor":[88,88,88,88,88,88,88,88,88,88,88,88,88,88,88,88,88,88,88,88,88,88,88,88,88,88,88,88,88,88,88,88,88,88,88,88,88,88,88,88,84,84,84,84,84,84,84,84,84,84],"card_choices":[{"not_picked":["Searing Blow","Thunderclap","Anger"],"picked":"SKIP","floor":1.0},{"not_picked":["Heavy Blade","Anger"],"picked":"Pommel Strike","floor":2.0},{"not_picked":["Wild Strike","Searing Blow"],"picked":"Pommel Strike","floor":3.0},{"not_picked":["Warcry","Metallicize"],"picked":"Immolate","floor":5.0},{"not_picked":["Pommel Strike","Warcry","Hemokinesis"],"picked":"SKIP","floor":6.0},{"not_picked":["Rage+1","Disarm+1"],"picked":"Fire Breathing","floor":10.0},{"not_picked":["Twin Strike","Whirlwind","Iron Wave"],"picked":"SKIP","floor":13.0},{"not_picked":["True Grit+1","Infernal Blade+1"],"picked":"Battle Trance+1","floor":14.0},{"not_picked":["Double Tap+1","Berserk"],"picked":"Barricade","floor":16.0},{"not_picked":["Sword Boomerang+1","Warcry+1"],"picked":"True Grit+1","floor":21.0},{"not_picked":["Flex+1","Sever Soul"],"picked":"Body Slam","floor":24.0},{"not_picked":["Carnage","Intimidate+1"],"picked":"Shrug It Off+1","floor":28.0},{"not_picked":["Rupture+1","Clothesline"],"picked":"Double Tap+1","floor":31.0},{"not_picked":["Heavy Blade","Hemokinesis+1"],"picked":"Battle Trance+1","floor":35.0},{"not_picked":["Cleave+1","Warcry+1","Reckless Charge"],"picked":"SKIP","floor":36.0},{"not_picked":["Hemokinesis+1","Uppercut"],"picked":"Ghostly Armor+1","floor":38.0},{"not_picked":["Ghostly Armor+1","Pommel Strike"],"picked":"Shrug It Off+1","floor":44.0},{"not_picked":["Perfected Strike+1","Thunderclap"],"picked":"Shrug It Off+1","floor":45.0},{"not_picked":["Feed","Flame Barrier+1","Uppercut+1"],"picked":"SKIP","floor":46},{"not_picked":["Second Wind+1","Warcry+1","Armaments+1"],"picked":"SKIP","floor":48}],"player_experience":181094,"relics_obtained":[{"floor":6.0,"key":"MealTicket"},{"floor":9.0,"key":"Toxic Egg 2"},{"floor":14.0,"key":"Boot"},{"floor":26.0,"key":"Smiling Mask"},{"floor":29.0,"key":"Letter Opener"},{"floor":38.0,"key":"Shovel"},{"floor":40.0,"key":"Mercury Hourglass"},{"floor":42.0,"key":"White Beast Statue"},{"floor":43.0,"key":"Gremlin Horn"},{"floor":44.0,"key":"Happy Flower"},{"floor":49,"key":"Blood Vial"}],"event_choices":[{"damage_healed":0.0,"max_hp_gain":0.0,"max_hp_loss":0.0,"gold_gain":0.0,"event_name":"Scrap Ooze","player_choice":"Success","floor":12.0,"gold_loss":0.0,"damage_taken":7.0,"relics_obtained":["HornCleat"]},{"damage_healed":0.0,"max_hp_gain":0.0,"max_hp_loss":0.0,"gold_gain":0.0,"event_name":"Vampires","player_choice":"Ignored","floor":19.0,"gold_loss":0.0,"damage_taken":0.0},{"damage_healed":0.0,"max_hp_gain":0.0,"max_hp_loss":0.0,"gold_gain":0.0,"event_name":"Duplicator","player_choice":"Copied","floor":22.0,"gold_loss":0.0,"damage_taken":0.0,"cards_obtained":["Shrug It Off"]},{"damage_healed":0.0,"max_hp_gain":0.0,"max_hp_loss":0.0,"gold_gain":0.0,"event_name":"Wheel of Change","player_choice":"Relic","floor":29.0,"gold_loss":0.0,"damage_taken":0.0},{"damage_healed":0.0,"max_hp_gain":0.0,"max_hp_loss":0.0,"gold_gain":0.0,"event_name":"Tomb of Lord Red Mask","player_choice":"Ignored","floor":37.0,"gold_loss":0.0,"damage_taken":0.0},{"damage_healed":0.0,"max_hp_gain":0.0,"max_hp_loss":0.0,"gold_gain":0.0,"event_name":"Mysterious Sphere","player_choice":"Fight","floor":38.0,"gold_loss":0.0,"damage_taken":0.0},{"damage_healed":0.0,"max_hp_gain":0.0,"max_hp_loss":4.0,"gold_gain":0.0,"event_name":"Winding Halls","player_choice":"Max HP","floor":41.0,"gold_loss":0.0,"damage_taken":0.0}],"is_beta":false,"boss_relics":[{"not_picked":["Calling Bell","Black Star"],"picked":"Black Blood"},{"not_picked":["Empty Cage","Philosopher\u0027s Stone"],"picked":"Sozu"}],"items_purged_floors":[4,20,30,39],"is_endless":false,"potions_floor_spawned":[1,2,5,10,13,18,21,33,35,44,45,46,48],"ascension_level":10}}