{"host":"fc97bmrl7qvj4ruk","time":1611161473,"event":{"mods":["AchievementEnabler","Act Like it!","BaseMod","Colored Map","Gensokyo","GifTheSpireLib","Hermit","Minty Spire (QoL Compilation)","Replay The Spire","Robot Space Explorer","StSLib","The Hayseed"],"gold_per_floor":[115,150,168,0,19,54,54,281,308,308,339,339,378,452,452,566,566,604,604,604,604,604,657,691,747,770,770,803,93,131,141,141],"floor_reached":31,"language":"ZHS","playtime":2347,"items_purged":[],"score":316,"play_id":"c8c245f8-cbcd-4158-9399-7252a2a8e1be","local_time":"20210120125113","is_ascension_mode":false,"campfire_choices":[{"data":"TheSimpletonMod:Sunseed","floor":7.0,"key":"SMITH"},{"data":"TheSimpletonMod:Swelter","floor":10.0,"key":"SMITH"},{"floor":12.0,"key":"REST"},{"data":"TheSimpletonMod:BirdFeeder","floor":27,"key":"SMITH"}],"circlet_count":0,"master_deck":["TheSimpletonMod:Strike_TheSimpleton","TheSimpletonMod:Strike_TheSimpleton","TheSimpletonMod:Strike_TheSimpleton","TheSimpletonMod:Strike_TheSimpleton","TheSimpletonMod:Defend_TheSimpleton","TheSimpletonMod:Defend_TheSimpleton","TheSimpletonMod:Defend_TheSimpleton","TheSimpletonMod:Defend_TheSimpleton","TheSimpletonMod:Haymaker","TheSimpletonMod:ReapAndSow","TheSimpletonMod:Rake","TheSimpletonMod:Sunseed+1","TheSimpletonMod:Pruning","TheSimpletonMod:Swelter+1","TheSimpletonMod:BirdFeeder+1","TheSimpletonMod:Sunchoke+1","TheSimpletonMod:CrackOfDawn","TheSimpletonMod:Squash","TheSimpletonMod:Artichokes","TheSimpletonMod:Artichokes","TheSimpletonMod:FlashPasteurize","Gensokyo:AllTheWorldsEvil","TheSimpletonMod:VolatileFumes","Decay","TheSimpletonMod:HitTheSack","TheSimpletonMod:Mulch+1","TheSimpletonMod:CropRotation+1","Gensokyo:AllTheWorldsEvil","TheSimpletonMod:Pruning","Gensokyo:BlemishedSteel","Gensokyo:DepletedGenerator","Gensokyo:ScrapIron","Gensokyo:Doppelganger","Gensokyo:RustyChest","TheSimpletonMod:BirdFeeder+1","TheSimpletonMod:Ferment+1"],"relics":["TheSimpletonMod:NightSoil","TheSimpletonMod:TheHarvester","Sozu","Shuriken","Art of War","Dream Catcher","MealTicket","Ancient Tea Set","Replay:Bandana","Mummified Hand","Snack Pack","Cursed Key","Gensokyo:ConquerorOfFear","Replay:Baseball","Bronze Scales","StoneCalendar","Pet Ghost","ClockworkSouvenir","DollysMirror"],"acts_visited":["Gensokyo:Gensokyo","Gensokyo:Gensokyoer"],"potions_floor_usage":[],"damage_taken":[{"damage":2.0,"enemies":"Gensokyo:Gryphon","floor":1.0,"turns":4.0},{"damage":0.0,"enemies":"Gensokyo:Python","floor":3.0,"turns":2.0},{"damage":4.0,"enemies":"Gensokyo:3_Fairies","floor":5.0,"turns":4.0},{"damage":23.0,"enemies":"Gensokyo:Cirno","floor":6.0,"turns":7.0},{"damage":13.0,"enemies":"Gensokyo:Mamizou","floor":8.0,"turns":9.0},{"damage":17.0,"enemies":"Gensokyo:Gryphon_and_Rabbit","floor":11.0,"turns":4.0},{"damage":12.0,"enemies":"Gensokyo:Mamizou","floor":13.0,"turns":7.0},{"damage":29,"enemies":"Gensokyo:Yukari","floor":16,"turns":9},{"damage":18,"enemies":"Gensokyo:3_Dogs","floor":18,"turns":4},{"damage":50,"enemies":"Gensokyo:Reisen","floor":23,"turns":7},{"damage":4,"enemies":"Gensokyo:2_Gloops","floor":24,"turns":4},{"damage":31,"enemies":"Gensokyo:Tenshi","floor":25,"turns":4},{"damage":37,"enemies":"Gensokyo:Slime_Group","floor":28,"turns":4},{"damage":32,"enemies":"Gensokyo:3_Gloops","floor":30,"turns":4},{"damage":23,"enemies":"Gensokyo:Monolith_and_Dog","floor":31,"turns":2}],"seed_played":"5348395911862295300","potions_obtained":[],"is_trial":false,"path_per_floor":["M","?","M","COS","M","E","R","?","T","R","M","R","E","T","R_BF","B",null,"M","?","?","?","T","E","M","E","T","R","M","COS","M","M"],"character_chosen":"THE_SIMPLETON","items_purchased":[],"campfire_rested":1,"item_purchase_floors":[],"current_hp_per_floor":[75,57,61,61,61,42,42,33,33,33,20,42,42,42,64,53,75,69,69,69,69,69,41,43,28,28,28,17,17,13,0,0],"gold":141,"neow_bonus":"BOSS_RELIC","is_daily":false,"chose_seed":false,"campfire_upgraded":3,"win_rate":0.0,"timestamp":1611161473,"path_taken":["M","?","M","COS","?","E","R","?","T","R","M","R","E","?","R_BF","BOSS","M","?","?","?","?","E","M","E","T","R","M","COS","M","M"],"items_purchased_type":[],"build_version":"2020-12-22","purchased_purges":0,"victory":false,"max_hp_per_floor":[75,75,75,75,75,75,75,75,75,75,75,75,75,75,75,75,75,75,75,75,75,75,75,75,75,75,75,75,75,75,75,75],"card_choices":[{"not_picked":["TheSimpletonMod:Squash","TheSimpletonMod:ControlledBurn"],"picked":"TheSimpletonMod:Rake","floor":1.0},{"not_picked":["TheSimpletonMod:Thresh","TheSimpletonMod:Squash"],"picked":"TheSimpletonMod:Sunseed","floor":2.0},{"not_picked":["TheSimpletonMod:SpiceUp","TheSimpletonMod:Thresh"],"picked":"TheSimpletonMod:Pruning","floor":3.0},{"not_picked":["TheSimpletonMod:Mulch","TheSimpletonMod:Aerate"],"picked":"TheSimpletonMod:Swelter","floor":5.0},{"not_picked":["TheSimpletonMod:Surplus","TheSimpletonMod:FlashPasteurize"],"picked":"TheSimpletonMod:BirdFeeder","floor":6.0},{"not_picked":["TheSimpletonMod:SeedCoat","TheSimpletonMod:Rototilling"],"picked":"TheSimpletonMod:Sunchoke","floor":6.0},{"not_picked":["TheSimpletonMod:Sunseed","TheSimpletonMod:BumperCrop"],"picked":"TheSimpletonMod:Pruning","floor":8.0},{"not_picked":["TheSimpletonMod:Swelter","TheSimpletonMod:StockTheCellar"],"picked":"TheSimpletonMod:CrackOfDawn","floor":11.0},{"not_picked":["TheSimpletonMod:SlashAndBurn","TheSimpletonMod:PestManagement"],"picked":"TheSimpletonMod:Squash","floor":12.0},{"not_picked":["TheSimpletonMod:BumperCrop","TheSimpletonMod:StockTheCellar"],"picked":"TheSimpletonMod:Artichokes","floor":13.0},{"not_picked":["TheSimpletonMod:Sunchoke","TheSimpletonMod:Rototilling"],"picked":"TheSimpletonMod:Artichokes","floor":15},{"not_picked":["TheSimpletonMod:BuzzBomb","TheSimpletonMod:ErosionControl"],"picked":"TheSimpletonMod:FlashPasteurize","floor":16},{"not_picked":["TheSimpletonMod:PestManagement","TheSimpletonMod:Rototilling","TheSimpletonMod:SaladShooter+1"],"picked":"SKIP","floor":18},{"not_picked":["TheSimpletonMod:Pruning","TheSimpletonMod:Rototilling"],"picked":"TheSimpletonMod:HitTheSack","floor":23},{"not_picked":["TheSimpletonMod:KeenEdge","TheSimpletonMod:ControlledBurn"],"picked":"TheSimpletonMod:Mulch+1","floor":24},{"not_picked":["TheSimpletonMod:ToughenUp","TheSimpletonMod:Fertilaser+1"],"picked":"TheSimpletonMod:CropRotation+1","floor":25},{"not_picked":["TheSimpletonMod:CloseScrape","TheSimpletonMod:Squash"],"picked":"TheSimpletonMod:Pruning","floor":28},{"not_picked":["TheSimpletonMod:ControlledBurn","TheSimpletonMod:Mulch+1"],"picked":"TheSimpletonMod:Ferment+1","floor":30}],"player_experience":159284,"relics_obtained":[{"floor":2.0,"key":"Shuriken"},{"floor":6.0,"key":"Dream Catcher"},{"floor":8.0,"key":"Ancient Tea Set"},{"floor":9.0,"key":"Replay:Bandana"},{"floor":13.0,"key":"Mummified Hand"},{"floor":14.0,"key":"Snack Pack"},{"floor":22,"key":"Replay:Baseball"},{"floor":23,"key":"Gensokyo:ConquerorOfFear"},{"floor":23,"key":"Bronze Scales"},{"floor":25,"key":"StoneCalendar"},{"floor":26,"key":"Pet Ghost"}],"event_choices":[],"is_beta":false,"boss_relics":[{"not_picked":["Replay:Drink Me","ChewingGum"],"picked":"Cursed Key"}],"items_purged_floors":[],"is_endless":false,"potions_floor_spawned":[1,5,6,8,16,23,28],"killed_by":"Gensokyo:Monolith_and_Dog","ascension_level":0}}