{"host":"5uvzo7moqy5vd63g","time":1611183864,"event":{"mods":["Aspiration","BaseMod","Conspire","Curses Come First","Dio Mod","Downfall","Hermit","Hubris","Jedi Mod","Mimic Mod","Minty Spire (QoL Compilation)","StSLib","Wandering Minibosses"],"gold_per_floor":[99,130,230,249,78,105,105,117,17,17,17,17,31,66,82,180,180,80,96,96,106,118,4,31,31,31,31],"floor_reached":25,"language":"ENG","playtime":1656,"items_purged":["bronze:Strike"],"score":234,"play_id":"35345b3c-2026-4de7-a992-061a28ca94b9","local_time":"20210120180424","is_ascension_mode":false,"campfire_choices":[{"floor":1,"key":"RECALL"},{"floor":9,"key":"REST"},{"data":"bronze:Repulsor","floor":11,"key":"SMITH"},{"data":"bronze:ShipIt","floor":18,"key":"SMITH"}],"circlet_count":0,"master_deck":["bronze:Strike","bronze:Strike","bronze:Defend","bronze:Defend","bronze:Defend","bronze:Defend","bronze:Replicate","bronze:Goto","bronze:BugBarrage","bronze:WildBeam","bronze:Boost","bronze:ItsAFeature","bronze:Terminator","bronze:Fortify","bronze:Repulsor+1","bronze:Backtrace","bronze:Overheat","bronze:OilSpill","bronze:ShipIt+1","bronze:CutThrough+1","bronze:Assembly","bronze:Constructor+1","bronze:Separator","bronze:Shield","bronze:ClassDefault"],"relics":["bronze:BronzeCore","aspiration:FetidBarrel","aspiration:Lifesprig","downfall:HeartBlessingRed","Orichalcum","hubris:TerracottaHorce","downfall:HeartBlessingBlue","hubris:Towel","Happy Flower"],"acts_visited":["Exordium","TheCity"],"potions_floor_usage":[16,16],"damage_taken":[{"damage":26,"enemies":"conspire:MimicChest","floor":2,"turns":7},{"damage":0,"enemies":"Small Slimes","floor":4,"turns":3},{"damage":0,"enemies":"downfall:FleeingMerchant","floor":5,"turns":4},{"damage":16,"enemies":"Gremlin Nob","floor":6,"turns":4},{"damage":1,"enemies":"2 Louse","floor":8,"turns":3},{"damage":6,"enemies":"Jaw Worm","floor":13,"turns":2},{"damage":13,"enemies":"3 Sentries","floor":14,"turns":7},{"damage":15,"enemies":"Exordium Wildlife","floor":15,"turns":5},{"damage":19,"enemies":"DF_ARCHETYPE_STREAMLINE","floor":16,"turns":9},{"damage":8,"enemies":"Chosen","floor":19,"turns":4},{"damage":29,"enemies":"Spheric Guardian","floor":21,"turns":4},{"damage":18,"enemies":"Centurion and Healer","floor":22,"turns":4},{"damage":6,"enemies":"downfall:FleeingMerchant","floor":23,"turns":4},{"damage":20,"enemies":"Gremlin Leader","floor":25,"turns":3}],"seed_played":"-7535125356446136907","potions_obtained":[{"floor":6,"key":"BlessingOfTheForge"},{"floor":8,"key":"Strength Potion"},{"floor":13,"key":"SpeedPotion"},{"floor":14,"key":"Slimebound:ThreeZeroPotion"},{"floor":19,"key":"Guardian:BlockOnCardUsePotion"}],"is_trial":false,"path_per_floor":["R","?","?","M","$","E","T","M","R","?","R","?","M","E","M","B",null,"R","M","?","M","M","$","T","E"],"character_chosen":"THE_AUTOMATON","items_purchased":["bronze:ItsAFeature","bronze:Shield","bronze:ClassDefault"],"campfire_rested":1,"item_purchase_floors":[5,23,23],"current_hp_per_floor":[77,51,51,51,51,35,35,34,57,57,57,57,51,38,23,4,59,69,61,61,32,14,8,8,0,0,0],"gold":31,"neow_bonus":"TEN_PERCENT_HP_BONUS","is_daily":false,"chose_seed":false,"campfire_upgraded":2,"win_rate":0.0,"timestamp":1611183864,"path_taken":["R","?","?","M","$","E","T","?","R","?","R","?","M","E","M","BOSS","R","M","?","M","M","$","T","E"],"items_purchased_type":["Card","Card","Card"],"build_version":"2020-12-22","purchased_purges":1,"victory":false,"max_hp_per_floor":[77,77,77,77,77,77,77,77,77,77,77,77,77,77,77,77,77,87,87,87,87,87,87,87,87,87,87],"card_choices":[{"not_picked":["bronze:Turbo","bronze:Safeguard"],"picked":"bronze:BugBarrage","floor":2},{"not_picked":["bronze:CloningBeam","bronze:DelayedSlice"],"picked":"bronze:WildBeam","floor":4},{"not_picked":["bronze:NullPointer","bronze:Deprecate"],"picked":"bronze:Boost","floor":5},{"not_picked":["bronze:Fortify","bronze:CleanCode"],"picked":"bronze:Terminator","floor":6},{"not_picked":["bronze:WhirlingStrike","bronze:ForceShield"],"picked":"bronze:Fortify","floor":8},{"not_picked":["bronze:DelayedSlice","bronze:Optimize","bronze:CutThrough"],"picked":"SKIP","floor":13},{"not_picked":["bronze:DelayedGuard","bronze:Shield"],"picked":"bronze:Overheat","floor":14},{"not_picked":["bronze:BugBarrage","bronze:Return"],"picked":"bronze:OilSpill","floor":15},{"not_picked":["bronze:Assembly","bronze:CleanCode"],"picked":"bronze:ShipIt","floor":16},{"not_picked":["bronze:WhirlingStrike","bronze:DelayedGuard"],"picked":"bronze:CutThrough+1","floor":19},{"not_picked":["bronze:ChildClass","bronze:Frontload"],"picked":"bronze:Assembly","floor":21},{"not_picked":["bronze:Branch","bronze:Return"],"picked":"bronze:Constructor+1","floor":22},{"not_picked":["bronze:Fortify","bronze:Iterate"],"picked":"bronze:Separator","floor":23}],"player_experience":594750,"relics_obtained":[{"floor":2,"key":"aspiration:FetidBarrel"},{"floor":6,"key":"aspiration:Lifesprig"},{"floor":14,"key":"Orichalcum"},{"floor":24,"key":"Happy Flower"}],"event_choices":[],"is_beta":false,"boss_relics":[{"not_picked":["jedi:paperlyon","jedi:battlestandard"],"picked":"hubris:TerracottaHorce"}],"items_purged_floors":[5],"is_endless":false,"potions_floor_spawned":[6,8,13,14,19],"killed_by":"Gremlin Leader","ascension_level":0}}