{"host":"u7lm8z2rvb4dg2oo","time":1611119123,"event":{"mods":["AchievementEnabler","BaseMod","Bestiary","Block Reminder","Colored Map","Colored Powertips","Curses Come First","DeckTracker","Googly Eyes","Highlight Path","Minty Spire (QoL Compilation)","Quick Restart","StSLib"],"gold_per_floor":[111,111,122,135,60,60,80,108,162,174,184,218,218,229,229,229,229],"floor_reached":16,"language":"ENG","playtime":1976,"items_purged":[],"score":160,"play_id":"f698fe9d-6e61-48c0-95b3-8431ee6a6f4d","local_time":"20210120000523","is_ascension_mode":true,"campfire_choices":[{"data":"Terror","floor":6.0,"key":"SMITH"},{"floor":13.0,"key":"REST"},{"floor":15.0,"key":"REST"}],"circlet_count":0,"master_deck":["Strike_G","Strike_G","Strike_G","Defend_G","Defend_G","Defend_G","Defend_G","Defend_G","Survivor","Neutralize","Cloak And Dagger","Bullet Time","Choke","Terror+1","Backflip","Night Terror","Blade Dance","Backstab"],"relics":["Ring of the Snake","Darkstone Periapt","Lantern","Smiling Mask"],"acts_visited":["Exordium"],"potions_floor_usage":[16],"damage_taken":[{"damage":0.0,"enemies":"2 Louse","floor":1.0,"turns":4.0},{"damage":0.0,"enemies":"Cultist","floor":3.0,"turns":5.0},{"damage":0.0,"enemies":"Small Slimes","floor":4.0,"turns":5.0},{"damage":1.0,"enemies":"Looter","floor":7.0,"turns":2.0},{"damage":17.0,"enemies":"Gremlin Nob","floor":8.0,"turns":4.0},{"damage":15.0,"enemies":"Exordium Wildlife","floor":10.0,"turns":5.0},{"damage":7.0,"enemies":"Exordium Thugs","floor":11.0,"turns":4.0},{"damage":9.0,"enemies":"3 Sentries","floor":12.0,"turns":10.0},{"damage":0.0,"enemies":"2 Fungi Beasts","floor":14.0,"turns":2.0},{"damage":56,"enemies":"Hexaghost","floor":16,"turns":11}],"seed_played":"1943657757744017112","potions_obtained":[{"floor":7.0,"key":"PowerPotion"},{"floor":8.0,"key":"FearPotion"},{"floor":11.0,"key":"Energy Potion"},{"floor":12.0,"key":"EssenceOfSteel"}],"is_trial":false,"path_per_floor":["M","?","M","M","$","R","M","E","T","M","M","E","R","M","R","B"],"character_chosen":"THE_SILENT","items_purchased":["Terror"],"campfire_rested":2,"item_purchase_floors":[5],"current_hp_per_floor":[63,63,63,63,63,63,62,45,45,30,23,14,35,35,56,0,0],"gold":229,"neow_bonus":"REMOVE_CARD","is_daily":false,"chose_seed":false,"campfire_upgraded":1,"win_rate":0.0,"timestamp":1611119123,"path_taken":["M","?","?","M","$","R","M","E","T","M","M","E","R","M","R","BOSS"],"items_purchased_type":["Card"],"build_version":"2020-12-22","purchased_purges":0,"victory":false,"max_hp_per_floor":[70,70,70,70,70,70,70,70,70,70,70,70,70,70,70,70,70],"card_choices":[{"not_picked":["Dagger Spray","Escape Plan"],"picked":"Cloak And Dagger","floor":1.0},{"not_picked":["All Out Attack","Deflect","Deadly Poison"],"picked":"SKIP","floor":3.0},{"not_picked":["Quick Slash","Doppelganger"],"picked":"Choke","floor":4.0},{"not_picked":["Prepared","Quick Slash"],"picked":"Backflip","floor":7.0},{"not_picked":["All Out Attack","Eviscerate"],"picked":"Night Terror","floor":8.0},{"not_picked":["Calculated Gamble","Crippling Poison","Deadly Poison"],"picked":"SKIP","floor":10.0},{"not_picked":["Quick Slash","Backflip","Outmaneuver"],"picked":"SKIP","floor":11.0},{"not_picked":["Cloak And Dagger","Poisoned Stab"],"picked":"Blade Dance","floor":12.0},{"not_picked":["Infinite Blades","Heel Hook"],"picked":"Backstab","floor":14.0}],"player_experience":1008793,"relics_obtained":[{"floor":8.0,"key":"Darkstone Periapt"},{"floor":9.0,"key":"Lantern"},{"floor":12.0,"key":"Smiling Mask"}],"event_choices":[{"damage_healed":0.0,"max_hp_gain":0.0,"max_hp_loss":0.0,"gold_gain":0.0,"cards_transformed":["Strike_G"],"event_name":"Transmorgrifier","player_choice":"Transformed","floor":2.0,"gold_loss":0.0,"damage_taken":0.0,"cards_obtained":["Bullet Time"]}],"is_beta":false,"boss_relics":[],"items_purged_floors":[],"is_endless":false,"potions_floor_spawned":[7,8,11,12],"killed_by":"Hexaghost","ascension_level":8}}