{"host":"7tqog9fnhs0gxmti","time":1611110978,"event":{"mods":["AchievementEnabler","Act Like it!","Astrologer","BaseMod","Beaked The Cultist","Colored Map","Colored Powertips","Hermit","Highlight Path","Minty Spire (QoL Compilation)","Robot Space Explorer","StSLib","The Construct","The Cursed","The Gatherer","everything is the same but u backflip on backflip"],"gold_per_floor":[116,41,41,41,57,57,90,40,90,90,121,196,196,216,216,317,317,332,257,257,257,275,305,305,305,331,341,341,360,394,414,414,509,509,526,526,576,187,207,24,53,65,65,82,82,82,98,98,98,98],"floor_reached":51,"language":"ENG","playtime":1811,"items_purged":["TheCursedMod:Defend_TheCursed","TheCursedMod:Strike_TheCursed"],"score":996,"play_id":"48d235f4-5bd7-43ce-ad2f-3c21937f5d73","local_time":"20210120104938","is_ascension_mode":false,"campfire_choices":[{"data":"TheCursedMod:CleanUpWorkshop","floor":6,"key":"SMITH"},{"data":"TheCursedMod:ReleasedStrength","floor":10,"key":"SMITH"},{"floor":15,"key":"REST"},{"floor":24,"key":"REST"},{"floor":32,"key":"REST"},{"floor":49,"key":"REST"}],"circlet_count":0,"master_deck":["TheCursedMod:Strike_TheCursed","TheCursedMod:Strike_TheCursed","TheCursedMod:Strike_TheCursed","TheCursedMod:Defend_TheCursed+1","TheCursedMod:CursedWand","TheCursedMod:CleanUpWorkshop+1","TheCursedMod:Dregs","TheCursedMod:FuryStrike","TheCursedMod:HellfireBreathing+1","TheCursedMod:ReleasedStrength+1","TheCursedMod:Obscuration+1","TheCursedMod:HellsGateOpen","TheCursedMod:CollectTribute","CurseOfTheBell","TheCursedMod:WearCloak","Necronomicurse","TheCursedMod:Hemoplague","TheCursedMod:Grudge","TheCursedMod:OutForBlood","TheCursedMod:CursedBlade+1","TheCursedMod:LuckyCharm","TheCursedMod:CursedAmulet+1","TheCursedMod:SpitefulPlan","TheCursedMod:FleshFromBone","TheCursedMod:SoulCrush+1","Madness","Writhe"],"relics":["TheCursedMod:BlackMagic101","Strawberry","Shuriken","Pen Nib","Calipers","beaked:ShinyBauble","Calling Bell","Bag of Marbles","Darkstone Periapt","Girya","MutagenicStrength","Mummified Hand","Necronomicon","War Paint","Pear","TheCursedMod:OminousMark","TheCursedMod:CrystalBall","Matryoshka","TheCursedMod:Tack","Eternal Feather","Letter Opener","Bronze Scales","Mercury Hourglass"],"acts_visited":["Exordium","TheCity","TheBeyond"],"potions_floor_usage":[7,23,23,30,50,50,50],"damage_taken":[{"damage":2,"enemies":"Small Slimes","floor":1,"turns":4},{"damage":1,"enemies":"Jaw Worm","floor":5,"turns":3},{"damage":17,"enemies":"3 Sentries","floor":7,"turns":8},{"damage":18,"enemies":"Gremlin Nob","floor":11,"turns":4},{"damage":1,"enemies":"Cultist","floor":14,"turns":4},{"damage":0,"enemies":"Slime Boss","floor":16,"turns":7},{"damage":10,"enemies":"Chosen","floor":18,"turns":2},{"damage":0,"enemies":"Spheric Guardian","floor":22,"turns":3},{"damage":55,"enemies":"Slavers","floor":23,"turns":5},{"damage":8,"enemies":"Centurion and Healer","floor":27,"turns":3},{"damage":18,"enemies":"Snake Plant","floor":29,"turns":4},{"damage":17,"enemies":"Gremlin Leader","floor":30,"turns":6},{"damage":25,"enemies":"Snecko","floor":31,"turns":5},{"damage":0,"enemies":"Champ","floor":33,"turns":7},{"damage":2,"enemies":"3 Shapes","floor":35,"turns":4},{"damage":4,"enemies":"Mind Bloom Boss Battle","floor":37,"turns":6},{"damage":16,"enemies":"Orb Walker","floor":39,"turns":3},{"damage":6,"enemies":"Giant Head","floor":41,"turns":7},{"damage":40,"enemies":"Transient","floor":42,"turns":5},{"damage":0,"enemies":"Maw","floor":44,"turns":5},{"damage":41,"enemies":"Jaw Worm Horde","floor":47,"turns":4},{"damage":34,"enemies":"Awakened One","floor":50,"turns":7}],"seed_played":"-6201339677582484102","potions_obtained":[{"floor":1,"key":"SteroidPotion"},{"floor":16,"key":"DuplicationPotion"},{"floor":22,"key":"Explosive Potion"},{"floor":23,"key":"Explosive Potion"},{"floor":31,"key":"Weak Potion"},{"floor":37,"key":"SkillPotion"},{"floor":41,"key":"EssenceOfSteel"}],"is_trial":false,"path_per_floor":["M","$","?","?","M","R","E","?","T","R","E","?","T","M","R","B",null,"M","?","?","?","M","E","R","?","T","M","?","M","E","M","R","B",null,"M","?","?","$","M","$","E","M","T","M","?","?","M","T","R","B",null],"character_chosen":"THE_CURSED","items_purchased":["TheCursedMod:HellfireBreathing","TheCursedMod:LuckyCharm","Matryoshka","TheCursedMod:SpitefulPlan","TheCursedMod:FleshFromBone"],"campfire_rested":4,"item_purchase_floors":[2,38,38,40,40],"current_hp_per_floor":[80,80,80,80,79,79,62,62,62,62,44,33,33,32,56,56,82,72,72,72,72,72,17,41,31,31,23,52,34,27,2,31,31,98,96,96,92,92,76,76,70,30,30,30,30,61,20,20,66,32],"gold":98,"neow_bonus":"RANDOM_COMMON_RELIC","is_daily":false,"chose_seed":false,"campfire_upgraded":2,"win_rate":0.0,"timestamp":1611110978,"path_taken":["M","$","?","?","?","R","E","?","T","R","E","?","?","M","R","BOSS","M","?","?","?","M","E","R","?","T","M","?","?","E","M","R","BOSS","M","?","?","$","M","?","E","M","T","M","?","?","M","?","R","BOSS"],"items_purchased_type":["Card","Card","Relic","Card","Card"],"build_version":"2020-12-22","purchased_purges":2,"victory":true,"max_hp_per_floor":[82,82,82,82,82,82,82,82,82,82,82,82,82,82,82,82,82,82,82,82,82,82,82,82,88,88,88,88,88,98,98,98,98,98,98,98,98,98,98,98,98,98,98,98,98,104,104,104,104,104],"card_choices":[{"not_picked":["TheCursedMod:CursedArmor","TheCursedMod:SpitefulPray"],"picked":"TheCursedMod:FuryStrike","floor":1},{"not_picked":["TheCursedMod:SurpriseAttack","TheCursedMod:Torture"],"picked":"TheCursedMod:ReleasedStrength","floor":5},{"not_picked":["TheCursedMod:CircleOfFocus","TheCursedMod:ReleasedKnowledge"],"picked":"TheCursedMod:Obscuration","floor":7},{"not_picked":["TheCursedMod:CircleOfAmplification","TheCursedMod:CursedMace"],"picked":"TheCursedMod:HellsGateOpen","floor":11},{"not_picked":["TheCursedMod:ReleasedStrength","TheCursedMod:RapidMovement"],"picked":"TheCursedMod:StingEye","floor":14},{"not_picked":["TheCursedMod:AntiAging","TheCursedMod:CircleOfAbyss"],"picked":"TheCursedMod:CollectTribute","floor":16},{"not_picked":["TheCursedMod:ManaBullet","TheCursedMod:Obscuration+1","TheCursedMod:StingEye"],"picked":"SKIP","floor":18},{"not_picked":["TheCursedMod:StingEye","TheCursedMod:CursedAmulet"],"picked":"TheCursedMod:WearCloak","floor":22},{"not_picked":["TheCursedMod:ManaBullet","TheCursedMod:Evocation","TheCursedMod:ReleasedStrength"],"picked":"SKIP","floor":23},{"not_picked":["TheCursedMod:WearCloak","TheCursedMod:Wield"],"picked":"TheCursedMod:Hemoplague","floor":27},{"not_picked":["TheCursedMod:PrepareRite","TheCursedMod:DoubleShield","TheCursedMod:Wield+1"],"picked":"SKIP","floor":29},{"not_picked":["TheCursedMod:Stigma","TheCursedMod:CircleOfBlood"],"picked":"TheCursedMod:Grudge","floor":30},{"not_picked":["TheCursedMod:CursedAmulet","TheCursedMod:Obscuration+1","TheCursedMod:SpitefulPray"],"picked":"SKIP","floor":31},{"not_picked":["TheCursedMod:StunningStrike","TheCursedMod:DemonicPact"],"picked":"TheCursedMod:OutForBlood","floor":33},{"not_picked":["TheCursedMod:Obscuration","TheCursedMod:CircleOfAmplification","TheCursedMod:CircleOfFlame+1"],"picked":"SKIP","floor":35},{"not_picked":["TheCursedMod:SpitefulStrike+1","TheCursedMod:Stigma"],"picked":"TheCursedMod:CursedBlade+1","floor":37},{"not_picked":["TheCursedMod:Stigma","TheCursedMod:DoubleShield+1"],"picked":"TheCursedMod:CursedAmulet+1","floor":39},{"not_picked":["TheCursedMod:CursedArmor+1","TheCursedMod:ForbiddenAlchemy","TheCursedMod:FleshFromBone"],"picked":"SKIP","floor":41},{"not_picked":["TheCursedMod:ReleasedKnowledge+1","TheCursedMod:CursedArmor+1","TheCursedMod:SpitefulPlan+1"],"picked":"SKIP","floor":42},{"not_picked":["TheCursedMod:CircleOfFlame+1","TheCursedMod:ReleasedKnowledge+1"],"picked":"TheCursedMod:SoulCrush+1","floor":44},{"not_picked":["Master of Strategy","Secret Technique"],"picked":"Madness","floor":45},{"not_picked":["TheCursedMod:SpitefulStrike+1","TheCursedMod:TroublousMinions","TheCursedMod:Stigma+1"],"picked":"SKIP","floor":47}],"player_experience":825139,"relics_obtained":[{"floor":7,"key":"Shuriken"},{"floor":9,"key":"Pen Nib"},{"floor":11,"key":"Calipers"},{"floor":13,"key":"beaked:ShinyBauble"},{"floor":17,"key":"Bag of Marbles"},{"floor":17,"key":"Darkstone Periapt"},{"floor":17,"key":"Girya"},{"floor":23,"key":"Mummified Hand"},{"floor":25,"key":"Necronomicon"},{"floor":26,"key":"War Paint"},{"floor":30,"key":"Pear"},{"floor":37,"key":"TheCursedMod:CrystalBall"},{"floor":41,"key":"TheCursedMod:Tack"},{"floor":43,"key":"Eternal Feather"},{"floor":43,"key":"Letter Opener"},{"floor":48,"key":"Bronze Scales"},{"floor":48,"key":"Mercury Hourglass"}],"event_choices":[{"damage_healed":0,"gold_gain":0,"player_choice":"Grow","damage_taken":0,"max_hp_gain":0,"max_hp_loss":0,"event_name":"Living Wall","floor":3,"gold_loss":0,"cards_upgraded":["TheCursedMod:HellfireBreathing"]},{"damage_healed":0,"gold_gain":0,"player_choice":"Ignored","damage_taken":0,"max_hp_gain":0,"max_hp_loss":0,"event_name":"NoteForYourself","floor":4,"gold_loss":0},{"cards_removed":["TheCursedMod:Defend_TheCursed"],"damage_healed":0,"gold_gain":0,"player_choice":"Card Removal","damage_taken":0,"max_hp_gain":0,"max_hp_loss":0,"event_name":"The Cleric","floor":8,"gold_loss":50},{"damage_healed":0,"gold_gain":75,"player_choice":"Gather Gold","damage_taken":11,"max_hp_gain":0,"max_hp_loss":0,"event_name":"World of Goop","floor":12,"gold_loss":0},{"cards_removed":["TheCursedMod:Defend_TheCursed"],"damage_healed":0,"gold_gain":0,"player_choice":"Gave Gold","damage_taken":0,"max_hp_gain":0,"max_hp_loss":0,"event_name":"Beggar","floor":19,"gold_loss":75},{"damage_healed":0,"gold_gain":0,"player_choice":"Ignored","damage_taken":0,"max_hp_gain":0,"max_hp_loss":0,"event_name":"Vampires","floor":20,"gold_loss":0},{"damage_healed":0,"gold_gain":0,"player_choice":"Inject Mutagens","damage_taken":0,"relics_obtained":["MutagenicStrength"],"max_hp_gain":0,"max_hp_loss":0,"event_name":"Drug Dealer","floor":21,"gold_loss":0},{"damage_healed":0,"gold_gain":0,"player_choice":"Obtained Book","damage_taken":16,"max_hp_gain":0,"max_hp_loss":0,"event_name":"Cursed Tome","floor":25,"gold_loss":0},{"damage_healed":29,"gold_gain":0,"player_choice":"Heal","damage_taken":0,"max_hp_gain":0,"max_hp_loss":0,"event_name":"The Library","floor":28,"gold_loss":0},{"cards_removed":["TheCursedMod:StingEye"],"damage_healed":0,"gold_gain":0,"player_choice":"Removed Attack","damage_taken":0,"max_hp_gain":0,"max_hp_loss":0,"event_name":"Falling","floor":36,"gold_loss":0},{"damage_healed":0,"gold_gain":0,"player_choice":"Fight","damage_taken":0,"max_hp_gain":0,"max_hp_loss":0,"event_name":"MindBloom","floor":37,"gold_loss":0},{"damage_healed":0,"gold_gain":0,"player_choice":"Memory 1","damage_taken":0,"max_hp_gain":0,"max_hp_loss":0,"event_name":"SensoryStone","floor":45,"gold_loss":0},{"damage_healed":25,"gold_gain":0,"player_choice":"Writhe","damage_taken":0,"max_hp_gain":0,"max_hp_loss":0,"event_name":"Winding Halls","floor":46,"gold_loss":0,"cards_obtained":["Writhe"]}],"is_beta":false,"boss_relics":[{"not_picked":["beaked:SacredDeck","beaked:MawFillet"],"picked":"Calling Bell"},{"not_picked":["Empty Cage","Velvet Choker"],"picked":"TheCursedMod:OminousMark"}],"items_purged_floors":[38,40],"is_endless":false,"potions_floor_spawned":[1,16,22,23,27,31,37,41,44,47],"ascension_level":0}}