{"host":"h4qgcirtxz6qax9j","time":1611121951,"event":{"mods":["AchievementEnabler","BaseMod","Colored Powertips","Hermit","Minty Spire (QoL Compilation)","StSLib","SuperFastMode","The Servant 0.9.4"],"gold_per_floor":[119,132,5,15,30,30,105,116,116,134,152,178,190,205,205,300,300,311,311,102,121,69,69,87,87,87],"floor_reached":25,"language":"KOR","playtime":573,"items_purged":[],"score":240,"play_id":"57959bbe-7e75-4355-8230-d8fabbda9978","local_time":"20210120145231","is_ascension_mode":true,"campfire_choices":[{"floor":6,"key":"REST"},{"floor":15,"key":"REST"},{"floor":23,"key":"REST"}],"circlet_count":0,"master_deck":["Strike_S+1","Strike_S+1","Strike_S+1","Strike_S+1","Defend_S+1","Defend_S+1","Defend_S+1","Defend_S+1","KidneyShot+1","Exchange","Ricochet","Potential","SilverBlades","TimeWarp","Ricochet","Rearm","Deny","MurderousAura","Rearm","Rearm","ShatteredReality","ShatteredReality","Moonlight"],"relics":["Uniform","Orichalcum","Strawberry","SacredBark","Regal Pillow"],"acts_visited":["Exordium","TheCity"],"potions_floor_usage":[12,16,16],"damage_taken":[{"damage":0,"enemies":"2 Louse","floor":1,"turns":2},{"damage":7,"enemies":"Jaw Worm","floor":2,"turns":4},{"damage":2,"enemies":"Small Slimes","floor":4,"turns":3},{"damage":9,"enemies":"3 Louse","floor":5,"turns":2},{"damage":0,"enemies":"Large Slime","floor":8,"turns":5},{"damage":14,"enemies":"Red Slaver","floor":10,"turns":4},{"damage":9,"enemies":"Exordium Thugs","floor":11,"turns":3},{"damage":2,"enemies":"Gremlin Nob","floor":12,"turns":4},{"damage":0,"enemies":"Gremlin Gang","floor":13,"turns":2},{"damage":5,"enemies":"Blue Slaver","floor":14,"turns":4},{"damage":38,"enemies":"Hexaghost","floor":16,"turns":12},{"damage":29,"enemies":"Shell Parasite","floor":18,"turns":6},{"damage":21,"enemies":"Spheric Guardian","floor":21,"turns":5},{"damage":24,"enemies":"Chosen and Byrds","floor":24,"turns":6},{"damage":39,"enemies":"Shelled Parasite and Fungi","floor":25,"turns":3}],"seed_played":"-4470630444086627715","potions_obtained":[{"floor":2,"key":"Dexterity Potion"},{"floor":5,"key":"EssenceOfSteel"},{"floor":11,"key":"BlessingOfTheForge"},{"floor":16,"key":"DuplicationPotion"},{"floor":18,"key":"Fire Potion"}],"is_trial":false,"path_per_floor":["M","M","$","M","M","R","?","M","T","M","M","E","M","M","R","B",null,"M","?","$","M","$","R","M","M"],"character_chosen":"THE_SERVANT","items_purchased":["Potential","SilverBlades","Rearm","Regal Pillow","ShatteredReality"],"campfire_rested":3,"item_purchase_floors":[3,3,20,20,22],"current_hp_per_floor":[65,58,58,56,47,65,54,54,54,40,31,36,36,31,52,14,72,43,43,43,22,22,58,34,0,0],"gold":87,"neow_bonus":"UPGRADE_CARD","is_daily":false,"chose_seed":false,"campfire_upgraded":0,"win_rate":0.0,"timestamp":1611121951,"path_taken":["M","M","$","M","M","R","?","M","T","M","M","E","M","M","R","BOSS","M","?","?","M","$","R","M","M"],"items_purchased_type":["Card","Card","Card","Relic","Card"],"build_version":"2020-12-22","purchased_purges":0,"victory":false,"max_hp_per_floor":[65,65,65,65,65,65,65,65,65,65,65,72,72,72,72,72,72,72,72,72,72,72,72,72,72,72],"card_choices":[{"not_picked":["Replace","DoubleEdge"],"picked":"Ricochet","floor":1},{"not_picked":["Unruled","Reset","Manipulate"],"picked":"SKIP","floor":2},{"not_picked":["Unruled","StarChef"],"picked":"TimeWarp","floor":4},{"not_picked":["Initiator","Starlight","Unruled"],"picked":"SKIP","floor":5},{"not_picked":["Desolation","Snipe","DoubleEdge"],"picked":"SKIP","floor":8},{"not_picked":["FastForward","Rewind"],"picked":"Ricochet","floor":10},{"not_picked":["Ricochet","Luminosity"],"picked":"Rearm","floor":11},{"not_picked":["FastForward","Defy","DoubleEdge"],"picked":"SKIP","floor":12},{"not_picked":["Unruled","Hightail"],"picked":"Deny","floor":13},{"not_picked":["FanOfKnives","DancingSilver","FastForward"],"picked":"SKIP","floor":14},{"not_picked":["FlawlessForm","ForgedInTime"],"picked":"MurderousAura","floor":16},{"not_picked":["Starlight","FastForward+1"],"picked":"Rearm","floor":18},{"not_picked":["TimeWarp","Rearm+1"],"picked":"ShatteredReality","floor":21},{"not_picked":["Rewind","Hightail"],"picked":"Moonlight","floor":24}],"player_experience":79223,"relics_obtained":[{"floor":9,"key":"Orichalcum"},{"floor":12,"key":"Strawberry"}],"event_choices":[{"damage_healed":0,"gold_gain":75,"player_choice":"Gather Gold","damage_taken":11,"max_hp_gain":0,"max_hp_loss":0,"event_name":"World of Goop","floor":7,"gold_loss":0},{"damage_healed":0,"gold_gain":0,"player_choice":"Simplicity","damage_taken":0,"max_hp_gain":0,"max_hp_loss":0,"event_name":"Back to Basics","floor":19,"gold_loss":0,"cards_upgraded":["Strike_S","Strike_S","Strike_S","Strike_S","Defend_S","Defend_S","Defend_S","Defend_S"]}],"is_beta":false,"boss_relics":[{"not_picked":["Fusion Hammer","Busted Crown"],"picked":"SacredBark"}],"items_purged_floors":[],"is_endless":false,"potions_floor_spawned":[2,5,11,16,18],"killed_by":"Shelled Parasite and Fungi","ascension_level":3}}