{"host":"1t7ylsixd2on64xs","time":1611168275,"event":{"mods":["BaseMod","Downfall","Minty Spire (QoL Compilation)","StSLib","SuperFastMode"],"gold_per_floor":[99,111,111,130,130,140,140,140,165,180,180,199,99,115,129,225,225,225,245,255,273,273,273,273,288,306,326,338,367,133,164,186,288,288,88,105,105,98,112,112,138,196,289,331,344,358,375,393,407,407,407,434,57,57,57,57,57,57],"floor_reached":56,"language":"ENG","playtime":9718,"items_purged":["hexamod:Strike","Pain"],"score":949,"play_id":"810e16a7-8949-4081-8b9e-7b3983869d90","local_time":"20210121034435","is_ascension_mode":true,"campfire_choices":[{"data":"hexamod:Float","floor":1,"key":"SMITH"},{"data":"hexamod:ForkedFlame","floor":8,"key":"SMITH"},{"floor":11,"key":"RECALL"},{"data":"hexamod:Defend","floor":13,"key":"SMITH"},{"data":"hexamod:HeatShield","floor":18,"key":"SMITH"},{"data":"hexamod:Defend","floor":23,"key":"SMITH"},{"data":"hexamod:GhostflameInferno","floor":35,"key":"SMITH"},{"data":"hexamod:GhostOfSpirePresent","floor":54,"key":"SMITH"}],"circlet_count":0,"master_deck":["hexamod:Strike+1","hexamod:Strike+1","hexamod:Defend+1","hexamod:Defend+1","hexamod:Defend+1","hexamod:Sear","hexamod:Float+1","hexamod:SwordOfDarkness","hexamod:ForkedFlame+1","hexamod:HeatShield+1","hexamod:TimeWarp","hexamod:RetreatToShadows+1","hexamod:VolcanoVisage","hexamod:GhostOfSpirePast","hexamod:GhostflameInferno+1","hexamod:HeatShield","hexamod:RetreatToShadows","hexamod:Rewind+1","CurseOfTheBell","hexamod:FifthSeal","hexamod:ThirdSeal","hexamod:HeatShield+1","hexamod:ThirdSeal","hexamod:ThirdSeal","hexamod:ThirdSeal","hexamod:ThirdSeal","hexamod:ThirdSeal","hexamod:ThirdSeal","hexamod:Rewind+1","hexamod:ThirdSeal","hexamod:GhostOfSpirePast+1","hexamod:ThirdSeal","hexamod:TimeOfNeed","hexamod:GhostOfSpirePresent+1","hexamod:HeatShield+1","hexamod:FourthSeal","hexamod:FifthSeal","hexamod:ThirdSeal","hexamod:RetreatToShadows+1","hexamod:RetreatToShadows","expansioncontent:DashGenerateEvil","hexamod:DynamicBlow+1"],"relics":["hexamod:SpiritBrand","Singing Bowl","MealTicket","downfall:HeartBlessingRed","bronze:MakeshiftBattery","InkBottle","ClockworkSouvenir","TungstenRod","SlaversCollar","downfall:HeartBlessingGreen","downfall:HeartBlessingBlue","Calling Bell","Strawberry","Mummified Hand","Bird Faced Urn","Vajra","Gambling Chip","TheAbacus","hexamod:TheBrokenSeal","Potion Belt","Incense Burner","Whetstone"],"acts_visited":["Exordium","TheCity","TheBeyond","TheEnding"],"potions_floor_usage":[21,29,33,39,42,43,52,55,55,55,56],"damage_taken":[{"damage":2,"enemies":"Small Slimes","floor":2,"turns":5},{"damage":0,"enemies":"Cultist","floor":4,"turns":3},{"damage":0,"enemies":"Jaw Worm","floor":6,"turns":3},{"damage":1,"enemies":"Lagavulin","floor":9,"turns":6},{"damage":1,"enemies":"Lots of Slimes","floor":10,"turns":4},{"damage":0,"enemies":"Blue Slaver","floor":12,"turns":3},{"damage":0,"enemies":"Gremlin Gang","floor":14,"turns":4},{"damage":0,"enemies":"Large Slime","floor":15,"turns":4},{"damage":18,"enemies":"SI_SHIV_ARCHETYPE","floor":16,"turns":9},{"damage":0,"enemies":"Spheric Guardian","floor":19,"turns":3},{"damage":2,"enemies":"Chosen","floor":20,"turns":4},{"damage":6,"enemies":"Centurion and Healer","floor":21,"turns":5},{"damage":1,"enemies":"Shelled Parasite and Fungi","floor":25,"turns":3},{"damage":10,"enemies":"Cultist and Chosen","floor":26,"turns":6},{"damage":3,"enemies":"3 Cultists","floor":27,"turns":6},{"damage":5,"enemies":"Snecko","floor":28,"turns":5},{"damage":5,"enemies":"Slavers","floor":29,"turns":4},{"damage":5,"enemies":"downfall:FleeingMerchant","floor":30,"turns":4},{"damage":15,"enemies":"Gremlin Leader","floor":31,"turns":7},{"damage":0,"enemies":"Centurion and Healer","floor":32,"turns":4},{"damage":33,"enemies":"DF_ARCHETYPE_CLAW","floor":33,"turns":11},{"damage":0,"enemies":"3 Shapes","floor":36,"turns":4},{"damage":0,"enemies":"downfall:FleeingMerchant","floor":38,"turns":4},{"damage":30,"enemies":"3 Darklings","floor":39,"turns":7},{"damage":22,"enemies":"2 Orb Walkers","floor":42,"turns":5},{"damage":8,"enemies":"downfall:FleeingMerchant","floor":43,"turns":4},{"damage":27,"enemies":"Reptomancer","floor":44,"turns":9},{"damage":2,"enemies":"Writhing Mass","floor":45,"turns":5},{"damage":5,"enemies":"Jaw Worm Horde","floor":46,"turns":4},{"damage":2,"enemies":"4 Shapes","floor":47,"turns":5},{"damage":35,"enemies":"Transient","floor":48,"turns":5},{"damage":0,"enemies":"Maw","floor":49,"turns":6},{"damage":169,"enemies":"WA_ARCHETYPE_DIVINITY","floor":50,"turns":16},{"damage":66,"enemies":"downfall:CharBossMerchant","floor":52,"turns":10},{"damage":58,"enemies":"downfall:NeowBoss","floor":55,"turns":19},{"damage":197,"enemies":"downfall:NeowBossFinal","floor":56,"turns":18}],"seed_played":"-6668147657949146666","potions_obtained":[{"floor":0,"key":"Strength Potion"},{"floor":0,"key":"LiquidBronze"},{"floor":0,"key":"Block Potion"},{"floor":6,"key":"DuplicationPotion"},{"floor":12,"key":"FearPotion"},{"floor":16,"key":"hexamod:SoulburnPotion"},{"floor":16,"key":"Fire Potion"},{"floor":19,"key":"Regen Potion"},{"floor":21,"key":"DistilledChaos"},{"floor":25,"key":"DistilledChaos"},{"floor":25,"key":"DuplicationPotion"},{"floor":26,"key":"hexamod:DoubleChargePotion"},{"floor":28,"key":"champ:CounterPotion"},{"floor":29,"key":"PowerPotion"},{"floor":30,"key":"Dexterity Potion"},{"floor":31,"key":"CultistPotion"},{"floor":33,"key":"EssenceOfSteel"},{"floor":36,"key":"hexamod:DoubleChargePotion"},{"floor":38,"key":"Block Potion"},{"floor":39,"key":"ColorlessPotion"},{"floor":42,"key":"DuplicationPotion"},{"floor":45,"key":"Regen Potion"},{"floor":47,"key":"Regen Potion"},{"floor":48,"key":"Explosive Potion"},{"floor":49,"key":"Ancient Potion"},{"floor":52,"key":"GamblersBrew"},{"floor":52,"key":"Fruit Juice"}],"is_trial":false,"path_per_floor":["R","M","?","M","?","M","T","R","E","M","R","M","R","M","M","B",null,"R","M","M","M","?","R","T","M","M","M","M","E","$","E","M","B",null,"R","M","?","$","M","?","T","?","$","E","M","M","M","M","M","B",null,"E","$","R","B","B"],"character_chosen":"THE_SPIRIT","items_purchased":["ClockworkSouvenir","TheAbacus","expansioncontent:DashGenerateEvil","hexamod:DynamicBlow","Whetstone"],"campfire_rested":0,"item_purchase_floors":[30,43,53,53,53],"current_hp_per_floor":[70,68,68,68,68,68,68,68,67,68,68,70,70,72,72,54,76,76,78,76,72,64,64,64,65,57,56,51,46,58,43,45,12,90,100,100,100,100,72,79,79,78,110,119,139,149,163,145,189,30,189,160,175,175,166,0,0,0],"gold":57,"neow_bonus":"THREE_SMALL_POTIONS","is_daily":false,"chose_seed":false,"campfire_upgraded":7,"win_rate":0.0,"timestamp":1611168275,"path_taken":["R","M","?","?","?","M","T","R","E","M","R","M","R","M","M","BOSS","R","M","M","?","?","R","T","M","?","M","M","E","$","E","M","BOSS","R","M","?","$","M","?","T","?","$","E","M","?","M","M","M","BOSS","E","$","R","BOSS","BOSS"],"items_purchased_type":["Relic","Relic","Card","Card","Relic"],"build_version":"2020-12-22","purchased_purges":2,"victory":false,"max_hp_per_floor":[70,70,70,70,70,70,70,70,70,72,72,74,74,76,76,76,76,76,78,78,80,80,80,80,82,84,86,86,86,88,88,90,90,90,100,100,100,100,102,109,109,109,113,131,139,149,163,175,189,189,189,216,216,216,216,216,216,216],"card_choices":[{"not_picked":["hexamod:ThermalTransfer","hexamod:RainOfEmbers"],"picked":"hexamod:SwordOfDarkness","floor":2},{"not_picked":["hexamod:Hexaguard","hexamod:AdvancingGuard"],"picked":"hexamod:ShieldOfDarkness","floor":4},{"not_picked":["hexamod:NecessarySacrifice","hexamod:ThermalTransfer"],"picked":"hexamod:ForkedFlame","floor":6},{"not_picked":["hexamod:BurningTouch","hexamod:SoulSteal"],"picked":"hexamod:HeatShield","floor":9},{"not_picked":["hexamod:NightmareGuise","hexamod:Again","hexamod:Haunt"],"picked":"Singing Bowl","floor":10},{"not_picked":["hexamod:GhostShield","hexamod:RadiantFlame","hexamod:Haunt"],"picked":"Singing Bowl","floor":12},{"not_picked":["hexamod:PowerFromBeyond","hexamod:NightmareGuise","hexamod:SwordOfDarkness"],"picked":"Singing Bowl","floor":14},{"not_picked":["hexamod:ThermalTransfer","hexamod:NightmareGuise"],"picked":"hexamod:FourthSeal","floor":15},{"not_picked":["hexamod:TimeOfNeed","hexamod:TurnItUp"],"picked":"hexamod:TimeWarp","floor":16},{"not_picked":["hexamod:SwordOfDarkness","hexamod:Haunt+1","hexamod:NightmareGuise"],"picked":"Singing Bowl","floor":19},{"not_picked":["hexamod:GhostShield+1","hexamod:FourthSeal"],"picked":"hexamod:RetreatToShadows+1","floor":20},{"not_picked":["hexamod:HeatMetal","hexamod:RadiantFlame+1","hexamod:BurningTouch"],"picked":"Singing Bowl","floor":21},{"not_picked":["hexamod:NecessarySacrifice","hexamod:InspiringFlames+1","hexamod:ShieldOfDarkness"],"picked":"Singing Bowl","floor":25},{"not_picked":["hexamod:PhantomFireball","hexamod:PowerFromBeyond","hexamod:ThermalTransfer"],"picked":"Singing Bowl","floor":26},{"not_picked":["hexamod:GhostShield","hexamod:BacktrackSmack","hexamod:CatchUp+1"],"picked":"Singing Bowl","floor":27},{"not_picked":["hexamod:GhostLash+1","hexamod:FastForward"],"picked":"hexamod:VolcanoVisage","floor":28},{"not_picked":["hexamod:Hexaguard+1","hexamod:GhostShield"],"picked":"hexamod:GhostOfSpirePast","floor":29},{"not_picked":["hexamod:SwordOfDarkness+1","hexamod:Again","hexamod:HeatMetal"],"picked":"Singing Bowl","floor":30},{"not_picked":["hexamod:ChargedBarrage","hexamod:GhostLash"],"picked":"hexamod:SecondSeal","floor":31},{"not_picked":["hexamod:ThermalTransfer","hexamod:HeatMetal","hexamod:RainOfEmbers"],"picked":"Singing Bowl","floor":32},{"not_picked":["hexamod:FlameSwitch","hexamod:VolcanoVisage"],"picked":"hexamod:GhostflameInferno","floor":33},{"not_picked":["hexamod:SwordOfDarkness","hexamod:NightmareStrike+1"],"picked":"hexamod:HeatShield","floor":36},{"not_picked":["hexamod:InspiringFlames+1","hexamod:SpectersWail"],"picked":"hexamod:RetreatToShadows","floor":38},{"not_picked":["hexamod:ForkedFlame","hexamod:BurningTouch+1"],"picked":"hexamod:FifthSeal","floor":38},{"not_picked":["hexamod:FourthSeal","hexamod:ThirdSeal"],"picked":"hexamod:FirstSeal","floor":39},{"not_picked":["hexamod:EmpoweredFlame","hexamod:GhostOfSpireFuture+1","hexamod:Haunt"],"picked":"Singing Bowl","floor":39},{"not_picked":["hexamod:BurningTouch+1","hexamod:RecurringNightmare"],"picked":"hexamod:Rewind+1","floor":39},{"not_picked":["hexamod:HauntingEcho","hexamod:ChargedBarrage+1"],"picked":"hexamod:FifthSeal","floor":42},{"not_picked":["hexamod:FirstSeal","hexamod:FourthSeal"],"picked":"hexamod:ThirdSeal","floor":42},{"not_picked":["hexamod:ShieldOfDarkness+1","hexamod:FirstSeal"],"picked":"hexamod:HeatShield+1","floor":42},{"not_picked":["hexamod:FirstSeal","hexamod:SecondSeal"],"picked":"hexamod:ThirdSeal","floor":43},{"not_picked":["hexamod:SecondSeal","hexamod:FirstSeal"],"picked":"hexamod:SixthSeal","floor":43},{"not_picked":["hexamod:Incineration+1","hexamod:SixthSeal","hexamod:HauntingEcho"],"picked":"Singing Bowl","floor":43},{"not_picked":["hexamod:GhostShield+1","hexamod:FlamesFromBeyond+1"],"picked":"hexamod:ThirdSeal","floor":43},{"not_picked":["hexamod:RainOfEmbers+1","hexamod:Haunt","hexamod:BacktrackSmack+1"],"picked":"Singing Bowl","floor":43},{"not_picked":["hexamod:NightmareStrike+1","hexamod:FlamesFromBeyond+1","hexamod:TimeOfNeed"],"picked":"Singing Bowl","floor":44},{"not_picked":["hexamod:GhostLash+1","hexamod:NightmareGuise+1","hexamod:NightmareStrike+1"],"picked":"Singing Bowl","floor":44},{"not_picked":["hexamod:FifthSeal","hexamod:SkipABeat+1","hexamod:HeatMetal+1"],"picked":"Singing Bowl","floor":44},{"not_picked":["hexamod:FlamesFromBeyond","hexamod:PhantomFireball","hexamod:Hexaguard+1"],"picked":"Singing Bowl","floor":44},{"not_picked":["hexamod:SixthSeal","hexamod:FirstSeal"],"picked":"hexamod:ThirdSeal","floor":44},{"not_picked":["hexamod:NightmareGuise","hexamod:Haunt"],"picked":"hexamod:ThirdSeal","floor":45},{"not_picked":["hexamod:SecondSeal","hexamod:FourthSeal"],"picked":"hexamod:ThirdSeal","floor":45},{"not_picked":["hexamod:HeatMetal","hexamod:AdvancingGuard","hexamod:FastForward"],"picked":"Singing Bowl","floor":45},{"not_picked":["hexamod:StepThrough+1","hexamod:GhostShield","hexamod:Firestarter"],"picked":"Singing Bowl","floor":45},{"not_picked":["hexamod:HauntingEcho+1","hexamod:SpectersWail+1","hexamod:Rewind"],"picked":"Singing Bowl","floor":45},{"not_picked":["hexamod:HeatMetal+1","hexamod:GhostShield","hexamod:SpectralAdrenaline+1"],"picked":"Singing Bowl","floor":45},{"not_picked":["hexamod:InspiringFlames","hexamod:RadiantFlame","hexamod:HeatMetal"],"picked":"Singing Bowl","floor":46},{"not_picked":["hexamod:FirstSeal","hexamod:FourthSeal"],"picked":"hexamod:ThirdSeal","floor":46},{"not_picked":["hexamod:GhostShield","hexamod:TimeOfNeed","hexamod:AdvancingGuard+1"],"picked":"Singing Bowl","floor":46},{"not_picked":["hexamod:StepThrough+1","hexamod:SpectersWail"],"picked":"hexamod:Rewind+1","floor":46},{"not_picked":["hexamod:FastForward+1","hexamod:BacktrackSmack+1","hexamod:NightmareStrike"],"picked":"Singing Bowl","floor":46},{"not_picked":["hexamod:GhostOfSpireFuture+1","hexamod:EtherealExpedition+1","hexamod:FastForward"],"picked":"Singing Bowl","floor":46},{"not_picked":["hexamod:ThermalTransfer+1","hexamod:FirstSeal","hexamod:NightmareGuise+1"],"picked":"Singing Bowl","floor":46},{"not_picked":["hexamod:ShieldOfDarkness","hexamod:AdvancingGuard","hexamod:GhostShield+1"],"picked":"Singing Bowl","floor":47},{"not_picked":["hexamod:SixthSeal","hexamod:FirstSeal"],"picked":"hexamod:ThirdSeal","floor":47},{"not_picked":["hexamod:ChargedBarrage+1","hexamod:GhostShield+1","hexamod:BurningTouch"],"picked":"Singing Bowl","floor":47},{"not_picked":["hexamod:SpectralAdrenaline","hexamod:BurningTouch","hexamod:GhostOfSpireFuture"],"picked":"Singing Bowl","floor":47},{"not_picked":["hexamod:TimeOfNeed","hexamod:SpectersWail+1","hexamod:PowerFromBeyond"],"picked":"Singing Bowl","floor":47},{"not_picked":["hexamod:SkipABeat","hexamod:EmpoweredFlame","hexamod:ThermalTransfer+1"],"picked":"Singing Bowl","floor":47},{"not_picked":["hexamod:Incineration+1","hexamod:PhantomFireball","hexamod:NightmareGuise"],"picked":"Singing Bowl","floor":47},{"not_picked":["hexamod:FirstSeal","hexamod:RadiantFlame","hexamod:FastForward+1"],"picked":"Singing Bowl","floor":47},{"not_picked":["hexamod:NightmareStrike+1","hexamod:ShieldOfDarkness"],"picked":"hexamod:GhostOfSpirePast+1","floor":47},{"not_picked":["hexamod:FourthSeal","hexamod:SecondSeal"],"picked":"hexamod:ThirdSeal","floor":48},{"not_picked":["hexamod:StepThrough+1","hexamod:GhostShield+1","hexamod:PhantomFireball+1"],"picked":"Singing Bowl","floor":48},{"not_picked":["hexamod:CatchUp+1","hexamod:GhostLash","hexamod:EmpoweredFlame+1"],"picked":"Singing Bowl","floor":48},{"not_picked":["hexamod:Firestarter+1","hexamod:RetreatToShadows","hexamod:BurningTouch"],"picked":"Singing Bowl","floor":48},{"not_picked":["hexamod:AdvancingGuard+1","hexamod:Firestarter","hexamod:ExtraCrispy+1"],"picked":"Singing Bowl","floor":48},{"not_picked":["hexamod:PhantomCloak+1","hexamod:NightmareStrike+1"],"picked":"hexamod:TimeOfNeed","floor":48},{"not_picked":["hexamod:SpectersWail","hexamod:InspiringFlames","hexamod:BacktrackSmack"],"picked":"Singing Bowl","floor":48},{"not_picked":["hexamod:HauntingEcho+1","hexamod:Firestarter+1"],"picked":"hexamod:GhostOfSpirePresent","floor":48},{"not_picked":["hexamod:Firestarter+1","hexamod:Again+1","hexamod:HeatMetal+1"],"picked":"Singing Bowl","floor":48},{"not_picked":["hexamod:SpectersWail+1","hexamod:BacktrackSmack+1","hexamod:Firestarter+1"],"picked":"Singing Bowl","floor":49},{"not_picked":["hexamod:SwordOfDarkness","hexamod:FirstSeal","hexamod:ShieldOfDarkness"],"picked":"Singing Bowl","floor":49},{"not_picked":["hexamod:InspiringFlames","hexamod:ChargedBarrage","hexamod:NightmareGuise+1"],"picked":"Singing Bowl","floor":49},{"not_picked":["hexamod:HauntingEcho","hexamod:FlamesFromBeyond+1","hexamod:Hexaguard+1"],"picked":"Singing Bowl","floor":49},{"not_picked":["hexamod:SixthSeal","hexamod:GhostShield+1"],"picked":"hexamod:HeatShield+1","floor":49},{"not_picked":["hexamod:Firestarter+1","hexamod:GhostOfSpireFuture+1","hexamod:FlamesFromBeyond"],"picked":"Singing Bowl","floor":49},{"not_picked":["hexamod:Firestarter","hexamod:ThermalTransfer+1"],"picked":"hexamod:FourthSeal","floor":49},{"not_picked":["hexamod:StepThrough+1","hexamod:FlamesFromBeyond"],"picked":"hexamod:FifthSeal","floor":49},{"not_picked":["hexamod:AdvancingGuard","hexamod:ThermalTransfer","hexamod:EmpoweredFlame"],"picked":"Singing Bowl","floor":49},{"not_picked":["hexamod:EmpoweredFlame","hexamod:ThermalTransfer","hexamod:Hexaguard+1"],"picked":"Singing Bowl","floor":49},{"not_picked":["hexamod:FirstSeal","hexamod:SecondSeal"],"picked":"hexamod:ThirdSeal","floor":49},{"not_picked":["hexamod:GhostLash+1","hexamod:GhostOfSpireFuture","hexamod:NightmareStrike"],"picked":"Singing Bowl","floor":52},{"not_picked":["hexamod:FirstSeal","hexamod:ThirdSeal","hexamod:FourthSeal"],"picked":"Singing Bowl","floor":52},{"not_picked":["hexamod:FourthSeal","hexamod:SecondSeal","hexamod:SixthSeal"],"picked":"Singing Bowl","floor":52},{"not_picked":["hexamod:GhostflameBarrier+1","hexamod:UnleashSpirits","hexamod:FlamesFromBeyond+1"],"picked":"Singing Bowl","floor":52},{"not_picked":["hexamod:HeatCrush","hexamod:BacktrackSmack","hexamod:GhostflameBarrier"],"picked":"Singing Bowl","floor":52},{"not_picked":["hexamod:SpectralAdrenaline+1","hexamod:HeatShield+1","hexamod:GhostLash"],"picked":"Singing Bowl","floor":52},{"not_picked":["hexamod:NecessarySacrifice+1","hexamod:HeatShield","hexamod:InspiringFlames"],"picked":"Singing Bowl","floor":52},{"not_picked":["hexamod:FlamesFromBeyond","hexamod:ExtraCrispy+1","hexamod:ThermalTransfer"],"picked":"Singing Bowl","floor":52},{"not_picked":["hexamod:HauntingEcho+1","hexamod:FourthSeal"],"picked":"hexamod:RetreatToShadows+1","floor":52},{"not_picked":["hexamod:BurningTouch+1","hexamod:GhostflameBarrier","hexamod:FlamesFromBeyond+1"],"picked":"Singing Bowl","floor":52},{"not_picked":["hexamod:ParanormalForm","hexamod:FlamesFromBeyond"],"picked":"hexamod:RetreatToShadows","floor":52},{"not_picked":["hexamod:AdvancingGuard+1","hexamod:BurningTouch+1","hexamod:RecurringNightmare+1"],"picked":"Singing Bowl","floor":52},{"not_picked":["hexamod:HeatMetal","hexamod:ThermalTransfer","hexamod:PowerFromBeyond+1"],"picked":"Singing Bowl","floor":52}],"player_experience":704580,"relics_obtained":[{"floor":7,"key":"Singing Bowl"},{"floor":9,"key":"MealTicket"},{"floor":29,"key":"InkBottle"},{"floor":31,"key":"TungstenRod"},{"floor":40,"key":"Strawberry"},{"floor":40,"key":"Mummified Hand"},{"floor":40,"key":"Bird Faced Urn"},{"floor":41,"key":"Vajra"},{"floor":42,"key":"Gambling Chip"},{"floor":44,"key":"Potion Belt"},{"floor":52,"key":"Incense Burner"}],"event_choices":[{"cards_removed":["hexamod:Strike"],"damage_healed":0,"gold_gain":0,"player_choice":"Offered Basic","damage_taken":0,"max_hp_gain":0,"max_hp_loss":0,"event_name":"Bonfire Elementals","floor":5,"gold_loss":0},{"damage_healed":0,"gold_gain":0,"player_choice":"Fight","damage_taken":0,"max_hp_gain":0,"max_hp_loss":0,"event_name":"Mysterious Sphere","floor":42,"gold_loss":0}],"is_beta":false,"boss_relics":[{"not_picked":["Coffee Dripper","Tiny House"],"picked":"bronze:MakeshiftBattery"},{"not_picked":["Sozu","Empty Cage"],"picked":"SlaversCollar"}],"items_purged_floors":[30,43],"is_endless":false,"potions_floor_spawned":[6,12,14,16,19,25,26,32,33,42,45,47,48,49,52],"killed_by":"downfall:NeowBossFinal","ascension_level":2}}