{"host":"v4tuy5ykrbdcm9o9","time":1611118657,"event":{"mods":["BaseMod","Duelist Mod","Minty Spire (QoL Compilation)","Replay The Spire","StSLib"],"gold_per_floor":[111,166,183,200,213,244,244,273,273,293,310,310,310,310],"floor_reached":13,"language":"ENG","playtime":872,"items_purged":[],"score":121,"play_id":"8777fe83-fda4-4c6c-a4e8-69b485cf2093","local_time":"20210119235737","is_ascension_mode":true,"campfire_choices":[{"floor":7,"key":"REST"},{"floor":12,"key":"REST"}],"circlet_count":0,"master_deck":["Strike_P","Strike_P","Strike_P","Strike_P","Defend_P","Defend_P","Defend_P","Defend_P","Eruption","Vigilance","EmptyBody","JustLucky","CrushJoints","WindmillStrike","Replay:Hum","Alpha","Replay:ManipulateFuture","Halt","CrushJoints"],"relics":["PureWater","NeowsBlessing","Lantern","Anchor","Letter Opener","Singing Bowl"],"acts_visited":["Exordium"],"potions_floor_usage":[5,5,6,13],"damage_taken":[{"damage":0,"enemies":"Jaw Worm","floor":1,"turns":1},{"damage":0,"enemies":"Small Slimes","floor":3,"turns":1},{"damage":0,"enemies":"Cultist","floor":4,"turns":1},{"damage":0,"enemies":"Exordium Wildlife","floor":5,"turns":3},{"damage":8,"enemies":"Lagavulin","floor":6,"turns":7},{"damage":39,"enemies":"3 Sentries","floor":8,"turns":8},{"damage":11,"enemies":"2 Fungi Beasts","floor":10,"turns":3},{"damage":0,"enemies":"3 Louse","floor":11,"turns":3},{"damage":23,"enemies":"Gremlin Nob","floor":13,"turns":4}],"seed_played":"-5229572232669803779","potions_obtained":[{"floor":2,"key":"SmokeBomb"},{"floor":2,"key":"Block Potion"},{"floor":3,"key":"StancePotion"},{"floor":5,"key":"Adrenaline Potion"},{"floor":10,"key":"DuplicationPotion"}],"is_trial":false,"path_per_floor":["M","?","M","M","M","E","R","E","T","M","M","R","E"],"character_chosen":"WATCHER","items_purchased":[],"campfire_rested":2,"item_purchase_floors":[],"current_hp_per_floor":[72,54,54,54,54,46,67,28,28,17,17,38,15,15],"gold":310,"neow_bonus":"THREE_ENEMY_KILL","is_daily":false,"chose_seed":false,"campfire_upgraded":0,"win_rate":0.0,"timestamp":1611118657,"path_taken":["M","?","M","M","M","E","R","E","T","?","M","R","E"],"items_purchased_type":[],"build_version":"2020-12-22","purchased_purges":0,"victory":false,"max_hp_per_floor":[72,72,72,72,72,72,72,72,72,72,72,72,72,72],"card_choices":[{"not_picked":["WheelKick","EmptyFist"],"picked":"EmptyBody","floor":1},{"not_picked":["Halt","ThirdEye"],"picked":"JustLucky","floor":2},{"not_picked":["Halt","Protect"],"picked":"CrushJoints","floor":3},{"not_picked":["EmptyFist","Vengeance"],"picked":"WindmillStrike","floor":4},{"not_picked":["Halt","Wish"],"picked":"Replay:Hum","floor":5},{"not_picked":["Scrawl","Consecrate"],"picked":"Alpha","floor":6},{"not_picked":["WindmillStrike","Replay:BluntJabs"],"picked":"Replay:ManipulateFuture","floor":8},{"not_picked":["Consecrate","Wallop"],"picked":"Halt","floor":10},{"not_picked":["Collect","Prostrate"],"picked":"CrushJoints","floor":11}],"player_experience":593978,"relics_obtained":[{"floor":2,"key":"Lantern"},{"floor":6,"key":"Anchor"},{"floor":8,"key":"Letter Opener"},{"floor":9,"key":"Singing Bowl"}],"event_choices":[],"is_beta":false,"boss_relics":[],"items_purged_floors":[],"is_endless":false,"potions_floor_spawned":[3,5,10],"killed_by":"Gremlin Nob","ascension_level":5}}