{"host":"8388a52tkodd0hlf","time":1611181302,"event":{"mods":["BaseMod","Googly Eyes","Hubris","Infinite Spire","Marisa????????","Minty Spire (QoL Compilation)","Replay The Spire","StSLib","Td1madao Mod","The Bug Knight","The Cursed","The Hierophant","The Servant 0.9.4","Unceasing Turn Reminder"],"gold_per_floor":[112,55,55,5,5,40,40,59,59,70,19,36,71,89,89,186,236,251,251,251,251,267,267,267,267,292,292,292,292,292],"floor_reached":29,"language":"ENG","playtime":1394,"items_purged":[],"score":256,"play_id":"30071396-fb3e-47da-a57d-b951b575f7a3","local_time":"20210120162142","is_ascension_mode":false,"campfire_choices":[{"data":"Blade Dance","floor":7,"key":"SMITH"},{"data":"Fluid Movement","floor":15,"key":"SMITH"},{"data":"hubris:InfiniteBlow","floor":23,"key":"SMITH"},{"data":"hubris:InfiniteBlow+1","floor":25,"key":"SMITH"},{"data":"hubris:InfiniteBlow+2","floor":27,"key":"SMITH"}],"circlet_count":0,"master_deck":["Strike_G","Strike_G","Strike_G","Strike_G","Defend_G","Defend_G","Defend_G","Defend_G","Survivor","Neutralize","Backflip","Fluid Movement+1","ReplayTheSpireMod:From All Sides+1","Blade Dance+1","Fluid Movement+1","Dodge and Roll","Blade Dance","Terror+1","ReplayTheSpireMod:Speed Training","Caltrops","Envenom","Acrobatics","hubris:InfiniteBlow+3","Distraction"],"relics":["Ring of the Snake","NeowsBlessing","hubris:Icosahedron","hubris:DeckOfHolding","Tiny Chest","Bag of Marbles","Tiny House","Replay:Mystery Machine","Sundial","Toy Ornithopter"],"acts_visited":["Exordium","TheCity"],"potions_floor_usage":[16,16,28],"damage_taken":[{"damage":0,"enemies":"Jaw Worm","floor":1,"turns":1},{"damage":0,"enemies":"Lagavulin","floor":6,"turns":1},{"damage":0,"enemies":"Small Slimes","floor":8,"turns":1},{"damage":0,"enemies":"2 Louse","floor":10,"turns":4},{"damage":6,"enemies":"Exordium Wildlife","floor":12,"turns":7},{"damage":15,"enemies":"Gremlin Nob","floor":13,"turns":4},{"damage":11,"enemies":"Blue Slaver","floor":14,"turns":3},{"damage":13,"enemies":"Slime Boss","floor":16,"turns":11},{"damage":10,"enemies":"Chosen","floor":18,"turns":4},{"damage":20,"enemies":"3 Byrds","floor":22,"turns":3},{"damage":44,"enemies":"Centurion and Healer","floor":28,"turns":6},{"damage":6,"enemies":"Snake Plant","floor":29,"turns":1}],"seed_played":"329357322510574756","potions_obtained":[{"floor":6,"key":"Swift Potion"},{"floor":10,"key":"SmokeBomb"},{"floor":13,"key":"ColorlessPotion"},{"floor":14,"key":"Adrenaline Potion"},{"floor":17,"key":"Doom Potion"},{"floor":18,"key":"Elixir"},{"floor":22,"key":"BlessingOfTheForge"}],"is_trial":false,"path_per_floor":["M","$","?","?","?","E","R","M","T","M","$","M","E","M","R","B",null,"M","?","T","AVR","M","R","?","R","T","R","M","M"],"character_chosen":"THE_SILENT","items_purchased":["Fluid Movement+1","Blade Dance"],"campfire_rested":0,"item_purchase_floors":[2,11],"current_hp_per_floor":[70,70,70,70,70,70,70,70,70,70,70,64,49,38,38,25,75,65,65,65,65,45,45,45,45,45,45,6,0,0],"gold":292,"neow_bonus":"THREE_ENEMY_KILL","is_daily":false,"chose_seed":false,"campfire_upgraded":5,"win_rate":0.0,"timestamp":1611181302,"path_taken":["M","$","?","?","?","E","R","M","T","M","?","?","E","M","R","BOSS","M","?","?","AVR","M","R","?","R","T","R","M","?"],"items_purchased_type":["Card","Card"],"build_version":"2020-12-22","purchased_purges":0,"victory":false,"max_hp_per_floor":[70,70,70,70,70,70,70,70,70,70,70,70,70,70,70,70,75,75,75,75,75,75,75,75,75,75,75,75,75,75],"card_choices":[{"not_picked":["Bane","Leg Sweep"],"picked":"Backflip","floor":1},{"not_picked":["Heel Hook","Acrobatics"],"picked":"Blade Dance","floor":6},{"not_picked":["Escape Plan","Calculated Gamble"],"picked":"Fluid Movement","floor":8},{"not_picked":["Toxin Wave","Quick Slash"],"picked":"Dodge and Roll","floor":10},{"not_picked":["PiercingWail","Dash"],"picked":"Terror","floor":12},{"not_picked":["Endless Agony","Sucker Punch"],"picked":"ReplayTheSpireMod:Speed Training","floor":13},{"not_picked":["Bane","Dagger Spray"],"picked":"Caltrops","floor":14},{"not_picked":["Phantasmal Killer","Glass Knife"],"picked":"Envenom","floor":16},{"not_picked":["Blade Dance","Quick Slash"],"picked":"Acrobatics","floor":17},{"not_picked":["Replay:Poison Smokescreen","Finisher","Poisoned Stab"],"picked":"SKIP","floor":18},{"not_picked":["Deflect","Replay:Poison Smokescreen","Distraction"],"picked":"SKIP","floor":22},{"not_picked":["Deflect","Replay:Poison Smokescreen"],"picked":"Distraction","floor":22}],"player_experience":49172,"relics_obtained":[{"floor":6,"key":"hubris:DeckOfHolding"},{"floor":9,"key":"Tiny Chest"},{"floor":13,"key":"Bag of Marbles"},{"floor":20,"key":"Replay:Mystery Machine"},{"floor":26,"key":"Toy Ornithopter"}],"event_choices":[{"cards_removed":["Strike_G"],"damage_healed":0,"gold_gain":0,"player_choice":"Card Removal","damage_taken":0,"max_hp_gain":0,"max_hp_loss":0,"event_name":"The Cleric","floor":4,"gold_loss":50},{"damage_healed":0,"gold_gain":0,"player_choice":"Ignored","damage_taken":0,"max_hp_gain":0,"max_hp_loss":0,"event_name":"Vampires","floor":19,"gold_loss":0},{"damage_healed":0,"gold_gain":0,"player_choice":"Ignored","damage_taken":0,"max_hp_gain":0,"max_hp_loss":0,"event_name":"Beggar","floor":24,"gold_loss":0}],"is_beta":false,"boss_relics":[{"not_picked":["Replay:Drink Me","Velvet Choker"],"picked":"Tiny House"}],"items_purged_floors":[],"is_endless":false,"potions_floor_spawned":[6,10,13,14,18,22],"killed_by":"Snake Plant","ascension_level":0}}