{"host":"q1dfbtk1mb5myi3r","time":1611129012,"event":{"mods":["BaseMod","BetterRewards","Minty Spire (QoL Compilation)","Replay The Spire","StSLib","The Animator"],"gold_per_floor":[109,122,122,122,135,135,135,135],"floor_reached":7,"language":"ENG","playtime":158,"items_purged":[],"score":41,"play_id":"aa9ef178-ef32-442a-ae8f-ff5183d6c729","local_time":"20210120025012","is_ascension_mode":false,"campfire_choices":[{"data":"ReplayTheSpireMod:Faulty Equipment","floor":6,"key":"SMITH"}],"circlet_count":0,"master_deck":["animator:Strike_Konosuba","animator:Defend_Konosuba","animator:Strike","animator:Strike","animator:Strike","animator:Defend","animator:Defend","animator:Defend","animator:Kazuma","animator:Aqua","animator:Aqua","Regret"],"relics":["animator:LivingPicture","animator:TheMissingPiece","NeowsBlessing","Ring of Fury","Ring of Hypnosis","Omamori"],"acts_visited":["Exordium"],"potions_floor_usage":[],"damage_taken":[{"damage":0,"enemies":"Cultist","floor":1,"turns":1},{"damage":0,"enemies":"Jaw Worm","floor":2,"turns":1},{"damage":9,"enemies":"Small Slimes","floor":5,"turns":2},{"damage":0,"enemies":"3 Sentries","floor":7,"turns":1}],"seed_played":"-838323179863717099","potions_obtained":[{"floor":5,"key":"SkillPotion"}],"is_trial":false,"path_per_floor":["M","M","?","?","M","R","E"],"character_chosen":"THE_ANIMATOR","items_purchased":[],"campfire_rested":0,"item_purchase_floors":[],"current_hp_per_floor":[66,66,66,66,57,57,57,57],"gold":135,"neow_bonus":"THREE_ENEMY_KILL","is_daily":false,"chose_seed":false,"campfire_upgraded":1,"win_rate":0.0,"timestamp":1611129012,"path_taken":["M","?","?","?","M","R","E"],"items_purchased_type":[],"build_version":"2020-12-22","purchased_purges":0,"victory":false,"max_hp_per_floor":[66,66,66,66,66,66,66,66],"card_choices":[{"not_picked":["animator:ElricAlphonse","animator:Shalltear"],"picked":"animator:Aqua","floor":1},{"not_picked":["animator:DolaStephanie","animator:Chris","animator:PandorasActor"],"picked":"SKIP","floor":2},{"not_picked":["animator:LizardPriest","animator:WinryRockbell","animator:HiiragiShinya"],"picked":"SKIP","floor":5}],"player_experience":121438,"relics_obtained":[{"floor":3,"key":"Ring of Fury"},{"floor":3,"key":"Ring of Hypnosis"}],"event_choices":[{"damage_healed":0,"gold_gain":0,"player_choice":"Box","damage_taken":0,"relics_obtained":["Omamori"],"max_hp_gain":0,"max_hp_loss":0,"event_name":"Big Fish","floor":4,"gold_loss":0,"cards_obtained":["Regret"]}],"is_beta":false,"boss_relics":[],"items_purged_floors":[],"is_endless":false,"potions_floor_spawned":[5],"killed_by":"3 Sentries","ascension_level":0}}