{"host":"och2iitg9ibgz06n","time":1611185663,"event":{"mods":["Abigail Mod","AchievementEnabler","Aspiration","BaseMod","Colored Powertips","Dio Mod","Hubris","Hyrulean Relics","Infinite Spire","Minty Spire (QoL Compilation)","Replay The Spire","Small Relic Pack","StSLib","The Animator","The Bug Knight","The Hierophant","The Jungle","The Saiyan","TheHero","Wandering Minibosses","everything is the same but u backflip on backflip","slay the spire mod where everything is the same but ironclad has a cowboy hat","vexMod"],"gold_per_floor":[93,93,93,168,187,187,207,241,241,241,260,278,278,278],"floor_reached":13,"language":"ENG","playtime":412,"items_purged":[],"score":102,"play_id":"334db317-06f1-43c7-90a3-3b221157c555","local_time":"20210120173423","is_ascension_mode":true,"campfire_choices":[{"data":"Saiyan:RuthlessBlow","floor":6,"key":"SMITH"},{"floor":10,"key":"REST"}],"circlet_count":0,"master_deck":["Saiyan:SAIYA_Strike","Saiyan:SAIYA_Strike","Saiyan:SAIYA_Strike","Saiyan:SAIYA_Strike","Saiyan:SAIYA_Defend","Saiyan:SAIYA_Defend","Saiyan:SAIYA_Defend","Saiyan:SAIYA_Defend","Saiyan:EnergyBlast","Saiyan:KaioKen","Saiyan:RuthlessBlow+1","Saiyan:TransfigurationBeam","Saiyan:Furor","Saiyan:BackAttack","Saiyan:BurningSoul","Saiyan:Quickening","Saiyan:SaiyanHubris","Saiyan:DrainingStrike"],"relics":["SaiyanSoul","SaiyanHeart","Turnip","hubris:Towel","Durian","hubris:Zylophone"],"acts_visited":["Exordium"],"potions_floor_usage":[12],"damage_taken":[{"damage":0,"enemies":"2 Louse","floor":1,"turns":3},{"damage":0,"enemies":"Small Slimes","floor":5,"turns":2},{"damage":0,"enemies":"Cultist","floor":7,"turns":2},{"damage":35,"enemies":"Replay:BlueRogue","floor":8,"turns":5},{"damage":33,"enemies":"3 Louse","floor":11,"turns":5},{"damage":8,"enemies":"Exordium Thugs","floor":12,"turns":3},{"damage":20,"enemies":"3 Sentries","floor":13,"turns":2}],"seed_played":"-6930423444269450970","potions_obtained":[{"floor":7,"key":"Strength Potion"},{"floor":8,"key":"Explosive Potion"},{"floor":12,"key":"Flashbang"}],"is_trial":false,"path_per_floor":["M","?","?","?","M","R","M","E","T","R","M","M","E"],"character_chosen":"SAIYAJIN","items_purchased":[],"campfire_rested":1,"item_purchase_floors":[],"current_hp_per_floor":[61,61,61,55,56,56,57,29,29,50,19,11,0,0],"gold":278,"neow_bonus":"ONE_RANDOM_RARE_CARD","is_daily":false,"chose_seed":false,"campfire_upgraded":1,"win_rate":0.0,"timestamp":1611185663,"path_taken":["M","?","?","?","?","R","?","E","T","R","M","M","E"],"items_purchased_type":[],"build_version":"2020-12-22","purchased_purges":0,"victory":false,"max_hp_per_floor":[61,61,61,61,62,62,63,70,70,70,72,72,72,72],"card_choices":[{"not_picked":["Saiyan:TurtleShell","Saiyan:BigBangAttack"],"picked":"Saiyan:Furor","floor":1},{"not_picked":["Saiyan:KameHameHa","Saiyan:ExtremeSpeed"],"picked":"Saiyan:BackAttack","floor":5},{"not_picked":["Saiyan:KiExplosion","Saiyan:Planning"],"picked":"Saiyan:BurningSoul","floor":7},{"not_picked":["Saiyan:BackAttack","Saiyan:Planning"],"picked":"Saiyan:Quickening","floor":8},{"not_picked":["Saiyan:BackAttack","Saiyan:TransfigurationBeam"],"picked":"Saiyan:SaiyanHubris","floor":11},{"not_picked":["Saiyan:SaiyanHubris","Saiyan:Makankosappo"],"picked":"Saiyan:DrainingStrike","floor":12}],"player_experience":419382,"relics_obtained":[{"floor":2,"key":"Turnip"},{"floor":8,"key":"Durian"},{"floor":9,"key":"hubris:Zylophone"}],"event_choices":[{"damage_healed":0,"gold_gain":75,"player_choice":"Touch","damage_taken":6,"max_hp_gain":0,"max_hp_loss":0,"event_name":"FaceTrader","floor":4,"gold_loss":0}],"is_beta":false,"boss_relics":[],"items_purged_floors":[],"is_endless":false,"potions_floor_spawned":[7,8,12],"killed_by":"3 Sentries","ascension_level":4}}