{"host":"3a1ypf1irl30q4k8","time":1611162144,"event":{"mods":["AchievementEnabler","BaseMod","Bestiary","Colored Map","Minty Spire (QoL Compilation)","Relic Stats"],"gold_per_floor":[110,110,128,147,162,188,188,216,216,233,31,31,31,42,42,141,141,155,175,275,295,313,313,313],"floor_reached":23,"language":"ENG","playtime":1670,"items_purged":[],"score":271,"play_id":"795abd61-ae7a-4990-9b77-a7609b951d3a","local_time":"20210120170224","is_ascension_mode":true,"campfire_choices":[{"data":"Uppercut","floor":7,"key":"SMITH"},{"data":"Feed","floor":13,"key":"SMITH"},{"floor":15,"key":"REST"}],"circlet_count":0,"master_deck":["Strike_R","Strike_R","Strike_R","Strike_R","Strike_R","Defend_R","Defend_R","Defend_R","Defend_R","Bash","Uppercut+1","Evolve","Anger","Warcry","Flame Barrier","Feed+1","Twin Strike","Wild Strike","Twin Strike","Demon Form","Cleave+1","Disarm","True Grit+1"],"relics":["SlaversCollar","Regal Pillow","Vajra","Shuriken","ClockworkSouvenir","StoneCalendar","Mark of Pain"],"acts_visited":["Exordium","TheCity"],"potions_floor_usage":[3,5,5,8,18,21,22,23],"damage_taken":[{"damage":13,"enemies":"Jaw Worm","floor":1,"turns":4},{"damage":0,"enemies":"Small Slimes","floor":3,"turns":3},{"damage":0,"enemies":"Cultist","floor":4,"turns":3},{"damage":23,"enemies":"Exordium Thugs","floor":5,"turns":4},{"damage":6,"enemies":"Gremlin Nob","floor":6,"turns":3},{"damage":20,"enemies":"3 Sentries","floor":8,"turns":7},{"damage":1,"enemies":"Exordium Wildlife","floor":10,"turns":3},{"damage":16,"enemies":"Gremlin Gang","floor":14,"turns":5},{"damage":16,"enemies":"Hexaghost","floor":16,"turns":7},{"damage":0,"enemies":"Spheric Guardian","floor":18,"turns":2},{"damage":7,"enemies":"Chosen","floor":19,"turns":4},{"damage":25,"enemies":"Snake Plant","floor":21,"turns":5},{"damage":24,"enemies":"Chosen and Byrds","floor":22,"turns":6},{"damage":46,"enemies":"Slavers","floor":23,"turns":2}],"seed_played":"1457600728462571599","potions_obtained":[{"floor":1,"key":"EntropicBrew"},{"floor":6,"key":"ColorlessPotion"},{"floor":10,"key":"Explosive Potion"},{"floor":16,"key":"DuplicationPotion"},{"floor":18,"key":"Explosive Potion"},{"floor":22,"key":"CultistPotion"}],"is_trial":false,"path_per_floor":["M","?","M","M","M","E","R","E","T","M","$","?","R","M","R","B",null,"M","M","?","M","M","E"],"character_chosen":"IRONCLAD","items_purchased":["ClockworkSouvenir","Wild Strike"],"campfire_rested":1,"item_purchase_floors":[11,11],"current_hp_per_floor":[67,72,72,72,49,43,43,23,23,25,25,25,25,13,55,39,92,92,89,89,68,44,0,0],"gold":313,"neow_bonus":"BOSS_RELIC","is_daily":false,"chose_seed":false,"campfire_upgraded":2,"win_rate":0.0,"timestamp":1611162144,"path_taken":["M","?","M","M","M","E","R","E","T","M","$","?","R","M","R","BOSS","M","M","?","M","M","E"],"items_purchased_type":["Relic","Card"],"build_version":"2020-12-22","purchased_purges":0,"victory":false,"max_hp_per_floor":[80,85,85,85,85,85,85,85,85,88,88,88,88,92,92,92,92,92,96,96,100,100,100,100],"relic_stats":{"Regal Pillow":15,"counters":[14,58],"Shuriken":[10],"StoneCalendar":[0],"obtain_stats":[{"SlaversCollar":0,"Regal Pillow":6,"Shuriken":9,"Vajra":8,"StoneCalendar":12,"Mark of Pain":17,"Burning Blood":0,"ClockworkSouvenir":11},{"SlaversCollar":0,"Regal Pillow":5,"Shuriken":6,"Vajra":6,"StoneCalendar":7,"Mark of Pain":9,"Burning Blood":0,"ClockworkSouvenir":7},{"SlaversCollar":0,"Regal Pillow":17,"Shuriken":24,"Vajra":24,"StoneCalendar":27,"Mark of Pain":39,"Burning Blood":0,"ClockworkSouvenir":27}]},"card_choices":[{"not_picked":["Burning Pact","Shrug It Off"],"picked":"Uppercut","floor":1},{"not_picked":["Dark Embrace","Infernal Blade"],"picked":"Evolve","floor":3},{"not_picked":["Shrug It Off","Clothesline"],"picked":"Anger","floor":4},{"not_picked":["Rupture","Sword Boomerang"],"picked":"Warcry","floor":5},{"not_picked":["Second Wind","Perfected Strike"],"picked":"Flame Barrier","floor":6},{"not_picked":["Flame Barrier","Sentinel"],"picked":"Feed","floor":8},{"not_picked":["Flame Barrier","Shrug It Off"],"picked":"Twin Strike","floor":10},{"not_picked":["Uppercut","Havoc"],"picked":"Twin Strike","floor":14},{"not_picked":["Immolate","Brutality"],"picked":"Demon Form","floor":16},{"not_picked":["Sever Soul+1","True Grit"],"picked":"Cleave+1","floor":18},{"not_picked":["Blood for Blood","True Grit"],"picked":"Disarm","floor":19},{"not_picked":["Intimidate","Wild Strike"],"picked":"True Grit+1","floor":21},{"not_picked":["Inflame","Bludgeon","Heavy Blade"],"picked":"SKIP","floor":22}],"player_experience":1138423,"relics_obtained":[{"floor":6,"key":"Regal Pillow"},{"floor":8,"key":"Vajra"},{"floor":9,"key":"Shuriken"}],"event_choices":[{"damage_healed":0,"gold_gain":0,"player_choice":"Donut","damage_taken":0,"max_hp_gain":5,"max_hp_loss":0,"event_name":"Big Fish","floor":2,"gold_loss":0},{"damage_healed":0,"gold_gain":0,"player_choice":"Gave Potion","damage_taken":0,"relics_obtained":["StoneCalendar"],"max_hp_gain":0,"max_hp_loss":0,"event_name":"WeMeetAgain","floor":12,"gold_loss":0},{"damage_healed":0,"gold_gain":100,"player_choice":"Pray","damage_taken":0,"max_hp_gain":0,"max_hp_loss":0,"event_name":"Golden Shrine","floor":20,"gold_loss":0}],"is_beta":false,"boss_relics":[{"not_picked":["Runic Dome","Busted Crown"],"picked":"Mark of Pain"}],"items_purged_floors":[],"is_endless":false,"potions_floor_spawned":[1,6,10,16,18,22],"killed_by":"Slavers","ascension_level":4}}