{"host":"1c17lcvl7acx821p","time":1611157505,"event":{"mods":["AchievementEnabler","BaseMod","Colored Map","Minty Spire (QoL Compilation)","StSLib"],"gold_per_floor":[119,119,119,139,139,170,170,189,489,489,508,508,534,545,545,648,648,662,577,278,278,278,309,309,326,404,433,433,433],"floor_reached":28,"language":"ENG","playtime":899,"items_purged":["Reprogram+1"],"score":390,"play_id":"0506554b-3944-4de9-a037-31ebcaacf911","local_time":"20210120174505","is_ascension_mode":true,"campfire_choices":[{"data":"Hologram","floor":7.0,"key":"SMITH"},{"data":"Zap","floor":12.0,"key":"SMITH"},{"floor":15.0,"key":"REST"},{"floor":24.0,"key":"REST"}],"circlet_count":0,"master_deck":["Strike_B+1","Strike_B+1","Defend_B","Defend_B","Zap+1","Dualcast","Hologram+1","Ball Lightning","Cold Snap+1","Compile Driver+1","Sunder+1","Buffer","Hologram","Echo Form","Rip and Tear+1","Fission+1","Lockon+1","Capacitor","Fission+1","FTL+1","Machine Learning"],"relics":["Cracked Core","NeowsBlessing","Ice Cream","Molten Egg 2","Old Coin","Mercury Hourglass","Astrolabe","Shuriken","DollysMirror","Enchiridion","Lantern","InkBottle","The Courier"],"acts_visited":["Exordium","TheCity"],"potions_floor_usage":[28,28],"damage_taken":[{"damage":0.0,"enemies":"Cultist","floor":1.0,"turns":1.0},{"damage":0.0,"enemies":"Small Slimes","floor":4.0,"turns":1.0},{"damage":0.0,"enemies":"Lagavulin","floor":6.0,"turns":1.0},{"damage":3.0,"enemies":"Jaw Worm","floor":8.0,"turns":2.0},{"damage":6.0,"enemies":"Looter","floor":11.0,"turns":3.0},{"damage":8.0,"enemies":"3 Sentries","floor":13.0,"turns":6.0},{"damage":0.0,"enemies":"Exordium Thugs","floor":14.0,"turns":2.0},{"damage":13.0,"enemies":"The Guardian","floor":16.0,"turns":10.0},{"damage":7.0,"enemies":"Shell Parasite","floor":18.0,"turns":2.0},{"damage":12.0,"enemies":"Book of Stabbing","floor":23.0,"turns":4.0},{"damage":0.0,"enemies":"Chosen","floor":25.0,"turns":2.0},{"damage":30.0,"enemies":"Slavers","floor":27.0,"turns":3.0},{"damage":8,"enemies":"Centurion and Healer","floor":28,"turns":2}],"seed_played":"6134276977054373040","potions_obtained":[{"floor":1.0,"key":"SpeedPotion"},{"floor":10.0,"key":"Ancient Potion"},{"floor":10.0,"key":"AttackPotion"},{"floor":10.0,"key":"AttackPotion"},{"floor":11.0,"key":"LiquidMemories"},{"floor":13.0,"key":"SpeedPotion"},{"floor":16.0,"key":"PowerPotion"},{"floor":27.0,"key":"Explosive Potion"}],"is_trial":false,"path_per_floor":["M","?","?","M","?","E","R","M","T","?","M","R","E","M","R","B",null,"M","?","$","?","?","E","R","M","T","E","M"],"character_chosen":"DEFECT","items_purchased":["Capacitor","DollysMirror"],"campfire_rested":2,"item_purchase_floors":[20,20],"current_hp_per_floor":[68,53,53,53,46,46,46,43,43,43,37,37,29,29,51,38,66,59,59,59,45,29,17,41,41,41,11,3,3],"gold":433,"neow_bonus":"THREE_ENEMY_KILL","is_daily":false,"chose_seed":false,"campfire_upgraded":2,"win_rate":0.0,"timestamp":1611157505,"path_taken":["M","?","?","?","?","E","R","M","T","?","?","R","E","M","R","BOSS","M","?","$","?","?","E","R","M","T","E","?"],"items_purchased_type":["Card","Relic"],"build_version":"2020-12-22","purchased_purges":1,"victory":false,"max_hp_per_floor":[75,75,75,75,75,75,75,75,75,75,75,75,75,75,75,75,75,75,75,75,80,80,80,80,80,80,80,80,80],"card_choices":[{"not_picked":["Hello World","Turbo"],"picked":"Hologram","floor":1.0},{"not_picked":["Stack","Barrage"],"picked":"Ball Lightning","floor":4.0},{"not_picked":["Static Discharge","Redo"],"picked":"Cold Snap+1","floor":6.0},{"not_picked":["Auto Shields","Steam"],"picked":"Compile Driver+1","floor":8.0},{"not_picked":["Darkness","Ball Lightning+1"],"picked":"Sunder+1","floor":11.0},{"not_picked":["Consume","Fusion"],"picked":"Buffer","floor":13.0},{"not_picked":["Turbo","Cold Snap+1"],"picked":"Hologram","floor":14.0},{"not_picked":["Seek","Core Surge+1"],"picked":"Echo Form","floor":16.0},{"not_picked":["Stack","Ball Lightning+1"],"picked":"Lockon+1","floor":18.0},{"not_picked":["Beam Cell+1","Ball Lightning+1"],"picked":"FTL+1","floor":23.0},{"not_picked":["Beam Cell+1","Melter+1","FTL+1"],"picked":"SKIP","floor":25.0},{"not_picked":["Compile Driver+1","Sunder+1"],"picked":"Machine Learning","floor":27.0}],"player_experience":161021,"relics_obtained":[{"floor":6.0,"key":"Molten Egg 2"},{"floor":9.0,"key":"Old Coin"},{"floor":13.0,"key":"Mercury Hourglass"},{"floor":22.0,"key":"Enchiridion"},{"floor":23.0,"key":"Lantern"},{"floor":26.0,"key":"InkBottle"},{"floor":27.0,"key":"The Courier"}],"event_choices":[{"damage_healed":0.0,"max_hp_gain":0.0,"max_hp_loss":0.0,"gold_gain":0.0,"event_name":"Shining Light","player_choice":"Entered Light","floor":2.0,"gold_loss":0.0,"damage_taken":15.0,"cards_upgraded":["Strike_B","Strike_B"]},{"damage_healed":0.0,"max_hp_gain":0.0,"max_hp_loss":0.0,"gold_gain":0.0,"event_name":"WeMeetAgain","player_choice":"Gave Potion","floor":3.0,"gold_loss":0.0,"damage_taken":0.0,"relics_obtained":["Ice Cream"]},{"cards_removed":["Strike_B"],"damage_healed":0.0,"max_hp_gain":0.0,"max_hp_loss":0.0,"gold_gain":0.0,"event_name":"Golden Wing","player_choice":"Card Removal","floor":5.0,"gold_loss":0.0,"damage_taken":7.0},{"damage_healed":0.0,"max_hp_gain":0.0,"max_hp_loss":0.0,"gold_gain":0.0,"event_name":"Lab","player_choice":"Got Potions","floor":10.0,"gold_loss":0.0,"damage_taken":0.0},{"damage_healed":0.0,"max_hp_gain":0.0,"max_hp_loss":0.0,"gold_gain":0.0,"event_name":"Addict","player_choice":"Obtained Relic","floor":19.0,"gold_loss":85.0,"damage_taken":0.0,"relics_obtained":["Shuriken"]},{"damage_healed":0.0,"max_hp_gain":5.0,"max_hp_loss":0.0,"gold_gain":0.0,"event_name":"Forgotten Altar","player_choice":"Shed Blood","floor":21.0,"gold_loss":0.0,"damage_taken":19.0},{"damage_healed":0.0,"max_hp_gain":0.0,"max_hp_loss":0.0,"gold_gain":0.0,"event_name":"Cursed Tome","player_choice":"Obtained Book","floor":22.0,"gold_loss":0.0,"damage_taken":16.0}],"is_beta":false,"boss_relics":[{"not_picked":["SacredBark","FrozenCore"],"picked":"Astrolabe"}],"items_purged_floors":[20],"is_endless":false,"potions_floor_spawned":[1,11,13,14,16,27],"killed_by":"Centurion and Healer","ascension_level":7}}