{"host":"uxx7prhn9zlu6i2v","time":1611103625,"event":{"mods":["100% Spire Juice","2.2 Compatiblity","AchievementEnabler","Act Like it!","BaseMod","CapriCore","Colored Powertips","Dio Mod","Gensokyo","GifTheSpireLib","HololiveMod","KomeijiMod","Lobotomy","LobotomyExtend","Marisa????????","Minty Spire (QoL Compilation)","Permanent Neow","Quick Restart","RNG Fix","Rare Cards Sparkle","Reimu??????","Relic Filter","Relic Sorter","Relic Stats","Spicy Shops","StSLib","Strawberry Spire","The Administrix","The Bug Knight","The Immortal","The Mystic","Wandering Minibosses","Yakumo Yukari mod","??????REMEMod"],"gold_per_floor":[128,26,26,26,61,61,61,126,126,164,490,490,599,826,826,1061,1061,1094,1123,1031,991,1014,1014,1030,1030],"floor_reached":24,"language":"ENG","playtime":2524,"items_purged":[],"score":345,"play_id":"20f8f49b-7495-46dc-bf07-9074b0c8f30a","local_time":"20210119184705","is_ascension_mode":true,"campfire_choices":[{"data":"Hololive_CallOzoraSubaru","floor":6,"key":"SMITH"},{"data":"Hololive_CallSakuraMiko","floor":12,"key":"SMITH"},{"data":"Hololive_CallTsunomakiWatame","floor":15,"key":"SMITH"},{"data":"Hololive_CallSakuraMiko","floor":23,"key":"SMITH"}],"circlet_count":0,"master_deck":["Hololive_Strike","Hololive_Strike","Hololive_Defend","Hololive_Defend","Hololive_CocoNews","Hololive_CallSakuraMiko+1","Hololive_CallYogiri","Hololive_CallOzoraSubaru+1","Hololive_CallSakuraMiko","Hololive_CallSakuraMiko+1","Hololive_CallOmaruPolka+1","Hololive_FlyingPonyTail+1","SpiderBud","Hololive_StrengthChampion","Hololive_CallUruhaRushia","Hololive_CallTsunomakiWatame+1","Hololive_ASMR","PunishingBird","Hololive_Rebound","Hololive_FlyingPonyTail+1","Gensokyo:TarnishedGold","Gensokyo:RustyChest","Gensokyo:DepletedGenerator","Hololive_CallDoris+1","AdministrixMod:FearOfDeath"],"relics":["Hololive_TheStar","REME_ComplimentaryCards","CogitoBucket","RabbitCall","LetterFromLob","Gensokyo:CelestialsFlawlessClothing","Mercury Hourglass","Smiling Mask","Dead Branch","Question Card","HellTrain","Black Star"],"acts_visited":["Gensokyo:Gensokyo","Gensokyo:Gensokyoer"],"potions_floor_usage":[14,14,18,24],"damage_taken":[{"damage":0,"enemies":"Gensokyo:Python","floor":1,"turns":4},{"damage":0,"enemies":"Gensokyo:Gryphon","floor":5,"turns":4},{"damage":0,"enemies":"Gensokyo:Cirno","floor":8,"turns":6},{"damage":0,"enemies":"Gensokyo:3_Fairies","floor":10,"turns":3},{"damage":3,"enemies":"Gensokyo:VengefulSpirit","floor":11,"turns":5},{"damage":0,"enemies":"Gensokyo:Mamizou","floor":13,"turns":6},{"damage":0,"enemies":"Gensokyo:CorruptedTreant","floor":14,"turns":8},{"damage":0,"enemies":"Gensokyo:Reimu","floor":16,"turns":8},{"damage":17,"enemies":"Gensokyo:3_Dogs","floor":18,"turns":6},{"damage":0,"enemies":"Gensokyo:CosmicMonolith","floor":19,"turns":4},{"damage":10,"enemies":"Gensokyo:Wraith","floor":22,"turns":3},{"damage":38,"enemies":"Gensokyo:Chomper_and_Gloop","floor":24,"turns":7}],"seed_played":"-1754145657172305091","potions_obtained":[{"floor":8,"key":"LiquidMemories"},{"floor":11,"key":"LiquidBronze"},{"floor":14,"key":"Explosive Potion"},{"floor":16,"key":"ZuzhouPotion:ReiMu"},{"floor":22,"key":"DuplicationPotion"}],"is_trial":false,"path_per_floor":["M","COS","?","$","M","R","?","E","T","M","M","R","E","M","R","B",null,"M","M","COS","?","M","R","M"],"character_chosen":"Hololive_HololiveCharacter","items_purchased":[],"campfire_rested":0,"item_purchase_floors":[],"current_hp_per_floor":[35,35,27,27,27,27,27,27,27,27,24,24,24,24,24,24,35,18,22,22,22,14,14,15,15],"gold":1030,"neow_bonus":"","is_daily":false,"chose_seed":false,"campfire_upgraded":4,"win_rate":0.0,"timestamp":1611103625,"path_taken":["M","COS","?","?","M","R","?","E","T","?","M","R","E","M","R","BOSS","M","M","COS","?","M","R","M"],"items_purchased_type":[],"build_version":"2020-12-22","purchased_purges":0,"victory":false,"max_hp_per_floor":[35,35,35,35,35,35,35,35,35,35,35,35,35,35,35,35,35,35,35,35,35,35,35,35,35],"relic_stats":{"counters":[14,66],"Dead Branch":[37],"Black Star":0,"Smiling Mask":0,"Question Card":17,"obtain_stats":[{"RabbitCall":0,"CogitoBucket":0,"Dead Branch":13,"Hololive_TheStar":0,"LetterFromLob":1,"Black Star":17,"Gensokyo:CelestialsFlawlessClothing":3,"HellTrain":14,"Smiling Mask":9,"Question Card":13,"REME_ComplimentaryCards":0,"Mercury Hourglass":8},{"RabbitCall":0,"CogitoBucket":0,"Dead Branch":6,"Hololive_TheStar":0,"LetterFromLob":1,"Black Star":9,"Gensokyo:CelestialsFlawlessClothing":1,"HellTrain":8,"Smiling Mask":3,"Question Card":6,"REME_ComplimentaryCards":0,"Mercury Hourglass":3},{"RabbitCall":0,"CogitoBucket":0,"Dead Branch":24,"Hololive_TheStar":0,"LetterFromLob":4,"Black Star":45,"Gensokyo:CelestialsFlawlessClothing":4,"HellTrain":37,"Smiling Mask":14,"Question Card":28,"REME_ComplimentaryCards":0,"Mercury Hourglass":14}],"Mercury Hourglass":[268]},"card_choices":[{"not_picked":["ShyLook","Murderer","OSAHOGD"],"picked":"Singing Bowl","floor":1},{"not_picked":["Hololive_BringToTrial","Hololive_RevenueBasedLive","Hololive_Drill"],"picked":"Hololive_CallOmaruPolka","floor":1},{"not_picked":["FieryBird","WhitesApple","OldLady"],"picked":"Singing Bowl","floor":5},{"not_picked":["Hololive_CocoNews","Hololive_CallCivia","Hololive_RevenueBasedLive","Hololive_LuckPotion"],"picked":"SKIP","floor":5},{"not_picked":["VoidDream","Murderer","WallGazer"],"picked":"Singing Bowl","floor":8},{"not_picked":["Hololive_DDD","Hololive_SoulCatcher","Hololive_Breathe"],"picked":"Hololive_FlyingPonyTail","floor":8},{"not_picked":["Murderer","CrumblingArmor","VoidDream"],"picked":"Singing Bowl","floor":10},{"not_picked":["PunishingBird","WallGazer"],"picked":"SpiderBud","floor":10},{"not_picked":["Hololive_CallAyundaRisu","Hololive_LuckPotion","Hololive_CocoNews"],"picked":"Hololive_StrengthChampion","floor":10},{"not_picked":["FairyFestival","ShyLook","QueenBee"],"picked":"Singing Bowl","floor":11},{"not_picked":["Hololive_CallAkiRosenthal","Hololive_Nanodesu","Hololive_Psychosis"],"picked":"Hololive_CallUruhaRushia","floor":11},{"not_picked":["FairyFestival","CherryBlossoms","MHz"],"picked":"Singing Bowl","floor":13},{"not_picked":["Hololive_Psychosis","Hololive_WolfAndLamb","Hololive_FlyingPonyTail"],"picked":"Hololive_CallTsunomakiWatame","floor":13},{"not_picked":["UniverseFragment","OldLady","BeautyBeast"],"picked":"Singing Bowl","floor":14},{"not_picked":["Hololive_CocoNews","Hololive_CallNakiriAyame","Hololive_CallInugamiKorone","Hololive_RevenueBasedLive","Hololive_Drill"],"picked":"SKIP","floor":14},{"not_picked":["MeatLantern","ShyLook","FairyFestival"],"picked":"Singing Bowl","floor":16},{"not_picked":["Funeral","SnowQueen"],"picked":"Mercenary","floor":16},{"not_picked":["Hololive_Thief","Hololive_MaximGun","Hololive_IdolExercise","Hololive_DurableLive"],"picked":"Hololive_ASMR","floor":16},{"not_picked":["NakedNest","SilentOrchestra","Wellcheers"],"picked":"Singing Bowl","floor":18},{"not_picked":["OldLady","LittlePrince"],"picked":"PunishingBird","floor":18},{"not_picked":["Hololive_Psychosis","Hololive_LuckPotion","Hololive_Yoholoon","Hololive_CallNakiriAyame"],"picked":"Hololive_Rebound","floor":18},{"not_picked":["MeatLantern","BeautyBeast","FairyFestival"],"picked":"Singing Bowl","floor":19},{"not_picked":["Hololive_Sequa+1","Hololive_LuckPotion+1","Hololive_StrengthChampion+1","Hololive_RevenueBasedLive"],"picked":"Hololive_FlyingPonyTail+1","floor":19},{"not_picked":["LittlePrince","BlackSwan","BigBird"],"picked":"Singing Bowl","floor":22},{"not_picked":["Hololive_Sequa","Hololive_Teleport","Hololive_CallInugamiKorone","Hololive_OvertimeWork"],"picked":"Hololive_CallDoris+1","floor":22}],"player_experience":1851658,"relics_obtained":[{"floor":1,"key":"LetterFromLob"},{"floor":8,"key":"Mercury Hourglass"},{"floor":9,"key":"Smiling Mask"},{"floor":13,"key":"Question Card"}],"event_choices":[],"is_beta":false,"boss_relics":[{"not_picked":["Astrolabe","Hololive_ChaosS"],"picked":"Black Star"}],"items_purged_floors":[],"is_endless":false,"potions_floor_spawned":[8,11,14,16,22],"killed_by":"Gensokyo:Chomper_and_Gloop","ascension_level":1}}