{"host":"vyjryxuuuxkt43k4","time":1611151033,"event":{"mods":["AchievementEnabler","BaseMod","Colored Map","DeckTracker","Keyboard Shortcuts","Minty Spire (QoL Compilation)","Permanent Neow","Quick Restart","StSLib","SuperFastMode","everything is the same but u backflip on backflip"],"gold_per_floor":[365,65,65,78,78,78,113,134,134,168,187,206,206,230,230,328,328,342,138,53,53,2,2,2,2],"floor_reached":24,"language":"KOR","playtime":796,"items_purged":[],"score":357,"play_id":"47c70738-8569-4376-a003-db8ac1346857","local_time":"20210120225713","is_ascension_mode":true,"campfire_choices":[{"data":"Bash","floor":6.0,"key":"SMITH"},{"floor":13.0,"key":"REST"},{"data":"Armaments","floor":15.0,"key":"SMITH"},{"floor":23,"key":"REST"}],"circlet_count":0,"master_deck":["AscendersBane","Strike_R+1","Strike_R","Strike_R","Strike_R","Strike_R","Defend_R","Defend_R","Defend_R","Defend_R","Bash+1","Perfected Strike+1","Perfected Strike+1","Evolve","Seeing Red","Second Wind","Power Through","Power Through","Armaments+1","Twin Strike","Feel No Pain","Offering","Twin Strike","Disarm","Wild Strike"],"relics":["Burning Blood","Akabeko","Lee\u0027s Waffle","Golden Idol","StoneCalendar","Prayer Wheel","Whetstone","Fusion Hammer","Vajra","Centennial Puzzle","Nilry\u0027s Codex"],"acts_visited":["Exordium","TheCity"],"potions_floor_usage":[24],"damage_taken":[{"damage":8.0,"enemies":"2 Louse","floor":1.0,"turns":3.0},{"damage":7.0,"enemies":"Jaw Worm","floor":4.0,"turns":2.0},{"damage":23.0,"enemies":"Lagavulin","floor":7.0,"turns":5.0},{"damage":7.0,"enemies":"Small Slimes","floor":8.0,"turns":3.0},{"damage":15.0,"enemies":"3 Sentries","floor":10.0,"turns":6.0},{"damage":11.0,"enemies":"Looter","floor":11.0,"turns":2.0},{"damage":10.0,"enemies":"Gremlin Gang","floor":12.0,"turns":6.0},{"damage":6.0,"enemies":"3 Louse","floor":14.0,"turns":5.0},{"damage":16.0,"enemies":"Slime Boss","floor":16.0,"turns":7.0},{"damage":22,"enemies":"3 Byrds","floor":18,"turns":6},{"damage":56,"enemies":"Gremlin Leader","floor":24,"turns":6}],"seed_played":"-388808112680384515","potions_obtained":[{"floor":1.0,"key":"Block Potion"},{"floor":7.0,"key":"SkillPotion"},{"floor":12.0,"key":"Fire Potion"}],"is_trial":false,"path_per_floor":["M","$","?","M","?","R","E","M","T","E","M","M","R","M","R","B",null,"M","$","?","?","$","R","E"],"character_chosen":"IRONCLAD","items_purchased":["Akabeko","Lee\u0027s Waffle","Vajra","Wild Strike","Energy Potion"],"campfire_rested":2,"item_purchase_floors":[2,2,19,19,22],"current_hp_per_floor":[66,75,75,74,48,48,31,30,30,21,16,12,34,34,34,24,62,46,46,46,25,25,47,0,0],"gold":2,"neow_bonus":"TWO_FIFTY_GOLD","is_daily":false,"chose_seed":false,"campfire_upgraded":2,"win_rate":0.0,"timestamp":1611151033,"path_taken":["M","$","?","M","?","R","E","M","T","E","M","M","R","M","R","BOSS","M","$","?","?","?","R","E"],"items_purchased_type":["Relic","Relic","Relic","Card","Potion"],"build_version":"2020-12-22","purchased_purges":0,"victory":false,"max_hp_per_floor":[68,75,75,75,75,75,75,75,75,75,75,75,75,75,75,75,75,75,75,75,75,75,75,75,75],"card_choices":[{"not_picked":["Havoc","Twin Strike"],"picked":"Perfected Strike","floor":1.0},{"not_picked":["Rage","Heavy Blade"],"picked":"Perfected Strike","floor":4.0},{"not_picked":["Headbutt","Dropkick"],"picked":"Evolve","floor":7.0},{"not_picked":["Iron Wave","Havoc"],"picked":"Seeing Red","floor":8.0},{"not_picked":["Brutality","Burning Pact"],"picked":"Second Wind","floor":10.0},{"not_picked":["Shrug It Off","Twin Strike"],"picked":"Power Through","floor":11.0},{"not_picked":["Heavy Blade","Power Through","Cleave"],"picked":"SKIP","floor":11.0},{"not_picked":["Heavy Blade","Cleave"],"picked":"Power Through","floor":11.0},{"not_picked":["Intimidate","Dual Wield"],"picked":"Armaments","floor":12.0},{"not_picked":["Heavy Blade","Cleave","Body Slam"],"picked":"SKIP","floor":12.0},{"not_picked":["Sentinel","Headbutt"],"picked":"Twin Strike","floor":14.0},{"not_picked":["Warcry","Havoc"],"picked":"Feel No Pain","floor":14.0},{"not_picked":["Fiend Fire","Bludgeon"],"picked":"Offering","floor":16.0},{"not_picked":["Fire Breathing+1","Second Wind"],"picked":"Twin Strike","floor":18},{"not_picked":["Armaments","Pummel"],"picked":"Disarm","floor":18}],"player_experience":164665,"relics_obtained":[{"floor":7.0,"key":"StoneCalendar"},{"floor":9.0,"key":"Prayer Wheel"},{"floor":10.0,"key":"Whetstone"},{"floor":21,"key":"Nilry\u0027s Codex"}],"event_choices":[{"damage_healed":0.0,"max_hp_gain":0.0,"max_hp_loss":0.0,"gold_gain":0.0,"event_name":"Living Wall","player_choice":"Grow","floor":3.0,"gold_loss":0.0,"damage_taken":0.0,"cards_upgraded":["Perfected Strike"]},{"damage_healed":0.0,"max_hp_gain":0.0,"max_hp_loss":0.0,"gold_gain":0.0,"event_name":"Golden Idol","player_choice":"Take Damage","floor":5.0,"gold_loss":0.0,"damage_taken":26.0,"relics_obtained":["Golden Idol"]},{"damage_healed":0,"gold_gain":0,"player_choice":"Obtained Relic","damage_taken":0,"relics_obtained":["Centennial Puzzle"],"max_hp_gain":0,"max_hp_loss":0,"event_name":"Addict","floor":20,"gold_loss":85},{"damage_healed":0,"gold_gain":0,"player_choice":"Obtained Book","damage_taken":21,"max_hp_gain":0,"max_hp_loss":0,"event_name":"Cursed Tome","floor":21,"gold_loss":0}],"is_beta":false,"boss_relics":[{"not_picked":["Black Blood","Pandora\u0027s Box"],"picked":"Fusion Hammer"}],"items_purged_floors":[],"is_endless":false,"potions_floor_spawned":[1,7,12],"killed_by":"Gremlin Leader","ascension_level":15}}