{"host":"m7puq4mk16tgc6yn","time":1611173844,"event":{"mods":["AchievementEnabler","BaseMod","Colored Map","Colored Powertips","Minty Spire (QoL Compilation)","Relic Stats"],"gold_per_floor":[214,229,229,245,3,31,31,61,61,61,92,92,124,141,141,241,241,259,277,36,59,59,84,97,125,125,125,137,151,101,133,133,233,233,250,266,266,313,328,328,132,150,198,198,44,55,84,104,104,104,104,104,6,41,41],"floor_reached":56,"language":"ENG","playtime":2807,"items_purged":["Strike_R","Strike_R","Strike_R"],"score":1500,"play_id":"92cbef08-dcb4-4bfd-890d-2d526ade2c55","local_time":"20210120121724","is_ascension_mode":true,"campfire_choices":[{"data":"Headbutt","floor":10.0,"key":"SMITH"},{"data":"Ghostly Armor","floor":12.0,"key":"SMITH"},{"data":"Thunderclap","floor":15.0,"key":"SMITH"},{"data":"Disarm","floor":27.0,"key":"SMITH"},{"data":"Shrug It Off","floor":32.0,"key":"SMITH"},{"data":"Shrug It Off","floor":40,"key":"SMITH"},{"data":"Defend_R","floor":44,"key":"SMITH"},{"floor":49,"key":"RECALL"},{"data":"Fire Breathing","floor":52,"key":"SMITH"}],"circlet_count":0,"master_deck":["Strike_R+1","Strike_R+1","Defend_R","Defend_R","Defend_R+1","Defend_R+1","Bash+1","Thunderclap+1","Ghostly Armor+1","Headbutt+1","Shrug It Off+1","Cleave+1","Pommel Strike+1","Shockwave+1","Reaper+1","Blood for Blood+1","Disarm+1","Immolate+1","Shrug It Off+1","Uppercut+1","Barricade","Feed+1","Cleave+1","Headbutt+1","Fire Breathing+1","Demon Form"],"relics":["Burning Blood","Orichalcum","Anchor","Molten Egg 2","Pantograph","Regal Pillow","War Paint","Snecko Eye","Matryoshka","Oddly Smooth Stone","Whetstone","Smiling Mask","HornCleat","Red Skull","Omamori","Paper Frog","Ancient Tea Set","Cursed Key","Calipers","Lee\u0027s Waffle","Potion Belt","Lantern","Centennial Puzzle"],"acts_visited":["Exordium","TheCity","TheBeyond","TheEnding"],"potions_floor_usage":[55,55,55,55,55],"damage_taken":[{"damage":1.0,"enemies":"Cultist","floor":1.0,"turns":4.0},{"damage":3.0,"enemies":"Jaw Worm","floor":2.0,"turns":4.0},{"damage":3.0,"enemies":"2 Louse","floor":4.0,"turns":2.0},{"damage":21.0,"enemies":"3 Sentries","floor":6.0,"turns":11.0},{"damage":8.0,"enemies":"Gremlin Nob","floor":8.0,"turns":4.0},{"damage":4.0,"enemies":"3 Sentries","floor":11.0,"turns":6.0},{"damage":14.0,"enemies":"Lagavulin","floor":13.0,"turns":4.0},{"damage":3.0,"enemies":"Looter","floor":14.0,"turns":3.0},{"damage":0.0,"enemies":"Slime Boss","floor":16.0,"turns":8.0},{"damage":0.0,"enemies":"Shell Parasite","floor":18.0,"turns":4.0},{"damage":0.0,"enemies":"2 Thieves","floor":19.0,"turns":3.0},{"damage":0.0,"enemies":"Slavers","floor":23.0,"turns":3.0},{"damage":0.0,"enemies":"Shelled Parasite and Fungi","floor":24.0,"turns":4.0},{"damage":0.0,"enemies":"Gremlin Leader","floor":25.0,"turns":3.0},{"damage":0.0,"enemies":"Centurion and Healer","floor":28.0,"turns":2.0},{"damage":5.0,"enemies":"Snake Plant","floor":29.0,"turns":4.0},{"damage":0.0,"enemies":"Book of Stabbing","floor":31.0,"turns":4.0},{"damage":5.0,"enemies":"Champ","floor":33.0,"turns":11.0},{"damage":0,"enemies":"3 Shapes","floor":35,"turns":2},{"damage":0,"enemies":"3 Darklings","floor":36,"turns":1},{"damage":0,"enemies":"2 Orb Walkers","floor":38,"turns":3},{"damage":0,"enemies":"Sphere and 2 Shapes","floor":39,"turns":4},{"damage":0,"enemies":"Writhing Mass","floor":42,"turns":4},{"damage":5,"enemies":"Spire Growth","floor":46,"turns":4},{"damage":24,"enemies":"Reptomancer","floor":47,"turns":6},{"damage":0,"enemies":"Maw","floor":48,"turns":7},{"damage":6,"enemies":"Time Eater","floor":50,"turns":14},{"damage":33,"enemies":"Shield and Spear","floor":54,"turns":6},{"damage":13,"enemies":"The Heart","floor":55,"turns":7}],"seed_played":"1297653605337790396","potions_obtained":[{"floor":2.0,"key":"SteroidPotion"},{"floor":4.0,"key":"GamblersBrew"},{"floor":11.0,"key":"PowerPotion"},{"floor":16.0,"key":"Dexterity Potion"},{"floor":19.0,"key":"HeartOfIron"},{"floor":25.0,"key":"PowerPotion"},{"floor":35,"key":"DistilledChaos"},{"floor":42,"key":"Fire Potion"},{"floor":46,"key":"SmokeBomb"},{"floor":48,"key":"DuplicationPotion"},{"floor":54,"key":"AttackPotion"}],"is_trial":false,"path_per_floor":["M","M","?","M","$","E","$","E","T","R","E","R","E","M","R","B",null,"M","M","$","T","T","E","M","E","T","R","M","M","$","E","R","B",null,"M","M","?","?","M","R","$","M","T","R","$","M","E","M","R","B",null,"R","$","E","B",null],"character_chosen":"IRONCLAD","items_purchased":["Orichalcum","Shrug It Off","Matryoshka","Lee\u0027s Waffle","Potion Belt","FairyPotion"],"campfire_rested":0,"item_purchase_floors":[5,5,20,41,45,53],"current_hp_per_floor":[80,80,80,80,80,65,65,63,63,63,65,65,57,60,60,80,80,80,80,80,80,80,80,80,80,80,80,80,80,80,80,80,80,80,80,80,80,80,84,84,91,91,91,91,91,91,82,91,91,91,91,91,91,71,84],"gold":41,"neow_bonus":"HUNDRED_GOLD","is_daily":false,"chose_seed":false,"campfire_upgraded":8,"win_rate":0.0,"timestamp":1611173844,"path_taken":["M","?","?","M","$","E","$","E","T","R","E","R","E","?","R","BOSS","M","M","$","?","?","E","M","E","T","R","?","M","$","E","R","BOSS","M","M","?","?","M","R","$","M","T","R","?","M","E","?","R","BOSS","R","$","E","BOSS"],"items_purchased_type":["Relic","Card","Relic","Relic","Relic","Potion"],"build_version":"2020-12-22","purchased_purges":3,"victory":true,"max_hp_per_floor":[80,80,80,80,80,80,80,80,80,80,80,80,80,80,80,80,80,80,80,80,80,80,80,80,80,80,80,80,80,80,80,80,80,80,80,80,80,80,84,84,91,91,91,91,91,91,91,91,91,91,91,91,91,91,91],"relic_stats":{"Regal Pillow":0,"Lee\u0027s Waffle":7,"counters":[29,142],"Whetstone":["Strike_R","Strike_R"],"Orichalcum":[78],"War Paint":["Defend_R","Shockwave"],"Smiling Mask":125,"Cursed Key":1,"Burning Blood":67,"Centennial Puzzle":[3],"Pantograph":40,"Snecko Eye":[162,191,172,191],"obtain_stats":[{"Potion Belt":45,"Regal Pillow":11,"Lee\u0027s Waffle":41,"Lantern":47,"Calipers":38,"Oddly Smooth Stone":21,"Omamori":25,"Whetstone":21,"Orichalcum":5,"War Paint":13,"Smiling Mask":22,"Ancient Tea Set":31,"Cursed Key":34,"Burning Blood":0,"Anchor":6,"Centennial Puzzle":54,"Matryoshka":20,"HornCleat":22,"Pantograph":9,"Snecko Eye":17,"Molten Egg 2":8,"Red Skull":23,"Paper Frog":26},{"Potion Belt":23,"Regal Pillow":6,"Lee\u0027s Waffle":22,"Lantern":25,"Calipers":21,"Oddly Smooth Stone":11,"Omamori":14,"Whetstone":11,"Orichalcum":3,"War Paint":7,"Smiling Mask":11,"Ancient Tea Set":17,"Cursed Key":18,"Burning Blood":0,"Anchor":4,"Centennial Puzzle":28,"Matryoshka":11,"HornCleat":11,"Pantograph":5,"Snecko Eye":9,"Molten Egg 2":5,"Red Skull":12,"Paper Frog":14},{"Potion Belt":98,"Regal Pillow":31,"Lee\u0027s Waffle":94,"Lantern":108,"Calipers":90,"Oddly Smooth Stone":53,"Omamori":63,"Whetstone":53,"Orichalcum":10,"War Paint":35,"Smiling Mask":53,"Ancient Tea Set":73,"Cursed Key":84,"Burning Blood":0,"Anchor":21,"Centennial Puzzle":135,"Matryoshka":53,"HornCleat":53,"Pantograph":25,"Snecko Eye":46,"Molten Egg 2":25,"Red Skull":56,"Paper Frog":63}]},"card_choices":[{"not_picked":["Infernal Blade","Wild Strike"],"picked":"Thunderclap","floor":1.0},{"not_picked":["Burning Pact","Infernal Blade"],"picked":"Ghostly Armor","floor":2.0},{"not_picked":["Body Slam","Clash"],"picked":"Headbutt","floor":4.0},{"not_picked":["Bloodletting","Dark Embrace","Dual Wield"],"picked":"SKIP","floor":6.0},{"not_picked":["Shockwave","Infernal Blade"],"picked":"Cleave+1","floor":8.0},{"not_picked":["Warcry","Inflame"],"picked":"Pommel Strike+1","floor":11.0},{"not_picked":["Combust","Second Wind"],"picked":"Shockwave","floor":13.0},{"not_picked":["Second Wind","Clash+1","Rage"],"picked":"SKIP","floor":14.0},{"not_picked":["Juggernaut","Barricade"],"picked":"Reaper+1","floor":16.0},{"not_picked":["Warcry","Thunderclap+1"],"picked":"Blood for Blood+1","floor":18.0},{"not_picked":["Clash+1","True Grit","Anger+1"],"picked":"SKIP","floor":19.0},{"not_picked":["Flex","Wild Strike+1"],"picked":"Disarm","floor":23.0},{"not_picked":["Reckless Charge+1","Rampage+1"],"picked":"Immolate+1","floor":24.0},{"not_picked":["Flex+1","Iron Wave+1"],"picked":"Shrug It Off","floor":25.0},{"not_picked":["Headbutt+1","Disarm"],"picked":"Uppercut+1","floor":28.0},{"not_picked":["Sentinel","Heavy Blade+1","Wild Strike+1"],"picked":"SKIP","floor":29.0},{"not_picked":["Spot Weakness","Flame Barrier"],"picked":"Barricade","floor":31.0},{"not_picked":["Barricade","Double Tap"],"picked":"Feed+1","floor":33.0},{"not_picked":["Intimidate","Sentinel","Power Through"],"picked":"SKIP","floor":35},{"not_picked":["Twin Strike+1","Warcry+1"],"picked":"Cleave+1","floor":36},{"not_picked":["Hemokinesis+1","Body Slam+1","Evolve+1"],"picked":"SKIP","floor":39},{"not_picked":["Bloodletting+1","Reckless Charge+1","Dual Wield+1"],"picked":"SKIP","floor":42},{"not_picked":["Armaments","True Grit"],"picked":"Headbutt+1","floor":46},{"not_picked":["Seeing Red","Intimidate"],"picked":"Fire Breathing","floor":47},{"not_picked":["Havoc+1","Clash+1","Dual Wield+1"],"picked":"SKIP","floor":48},{"not_picked":["Sword Boomerang+1","Pommel Strike+1"],"picked":"Demon Form","floor":54}],"player_experience":84329,"relics_obtained":[{"floor":6.0,"key":"Anchor"},{"floor":8.0,"key":"Molten Egg 2"},{"floor":9.0,"key":"Pantograph"},{"floor":11.0,"key":"Regal Pillow"},{"floor":13.0,"key":"War Paint"},{"floor":21.0,"key":"Oddly Smooth Stone"},{"floor":21.0,"key":"Whetstone"},{"floor":22.0,"key":"Smiling Mask"},{"floor":22.0,"key":"HornCleat"},{"floor":23.0,"key":"Red Skull"},{"floor":25.0,"key":"Omamori"},{"floor":26.0,"key":"Paper Frog"},{"floor":31.0,"key":"Ancient Tea Set"},{"floor":38,"key":"Calipers"},{"floor":47,"key":"Lantern"},{"floor":54,"key":"Centennial Puzzle"}],"event_choices":[{"damage_healed":0.0,"max_hp_gain":0.0,"max_hp_loss":0.0,"gold_gain":0.0,"event_name":"Upgrade Shrine","player_choice":"Upgraded","floor":3.0,"gold_loss":0.0,"damage_taken":0.0,"cards_upgraded":["Bash"]},{"damage_healed":0,"gold_gain":0,"player_choice":"Ignored","damage_taken":0,"max_hp_gain":0,"max_hp_loss":0,"event_name":"Tomb of Lord Red Mask","floor":37,"gold_loss":0},{"damage_healed":0,"gold_gain":0,"player_choice":"Fight","damage_taken":0,"max_hp_gain":0,"max_hp_loss":0,"event_name":"Mysterious Sphere","floor":38,"gold_loss":0}],"is_beta":false,"boss_relics":[{"not_picked":["Philosopher\u0027s Stone","Mark of Pain"],"picked":"Snecko Eye"},{"not_picked":["Empty Cage","Fusion Hammer"],"picked":"Cursed Key"}],"items_purged_floors":[5,30,41],"is_endless":false,"potions_floor_spawned":[2,4,11,16,19,24,25,28,35,42,46,48,54],"ascension_level":3}}