{"host":"l5xpox9cbdko122s","time":1611174808,"event":{"mods":["AchievementEnabler","BaseMod","Better Skull","Colored Map","Colored Powertips","Curses Come First","Displayed Cursed Tome","Hermit","Highlight Path","Minty Spire (QoL Compilation)","Quick Restart","Shop Mod","StSLib"],"gold_per_floor":[110,60,60,75,75,105,105,105,128,141,154,170,205,205,205,303,303,320,419,419,199,214,214,214,225,249,249,199,214,214,233,233,233,233],"floor_reached":33,"language":"ENG","playtime":1620,"items_purged":["hermit:Purgatory"],"score":255,"play_id":"9aa91cd3-625c-4d54-b3de-f4399121407c","local_time":"20210120153328","is_ascension_mode":false,"campfire_choices":[{"floor":8,"key":"RECALL"},{"floor":15,"key":"REST"},{"floor":23,"key":"REST"},{"floor":32,"key":"REST"}],"circlet_count":0,"master_deck":["hermit:Strike_Hermit","hermit:Strike_Hermit","hermit:Strike_Hermit","hermit:Strike_Hermit+1","hermit:Defend_Hermit","hermit:Defend_Hermit","hermit:Defend_Hermit","hermit:Defend_Hermit","hermit:Snapshot+1"],"relics":["Runic Pyramid","Turnip","Regal Pillow","HandDrill","MerchantsRug"],"acts_visited":["Exordium","TheCity"],"potions_floor_usage":[13,16,22,25,29,33],"damage_taken":[{"damage":6,"enemies":"Jaw Worm","floor":1,"turns":3},{"damage":1,"enemies":"2 Louse","floor":4,"turns":3},{"damage":25,"enemies":"Gremlin Nob","floor":6,"turns":4},{"damage":0,"enemies":"Small Slimes","floor":10,"turns":2},{"damage":2,"enemies":"Blue Slaver","floor":11,"turns":3},{"damage":8,"enemies":"Red Slaver","floor":12,"turns":3},{"damage":30,"enemies":"3 Sentries","floor":13,"turns":12},{"damage":46,"enemies":"Slime Boss","floor":16,"turns":11},{"damage":40,"enemies":"2 Thieves","floor":18,"turns":2},{"damage":10,"enemies":"3 Byrds","floor":22,"turns":6},{"damage":16,"enemies":"Centurion and Healer","floor":25,"turns":9},{"damage":42,"enemies":"3 Cultists","floor":29,"turns":6},{"damage":11,"enemies":"Snake Plant","floor":31,"turns":4},{"damage":90,"enemies":"Collector","floor":33,"turns":6}],"seed_played":"-8704448403350421849","potions_obtained":[{"floor":12,"key":"PowerPotion"},{"floor":13,"key":"SteroidPotion"},{"floor":16,"key":"EssenceOfSteel"},{"floor":22,"key":"EssenceOfSteel"},{"floor":25,"key":"Fire Potion"},{"floor":29,"key":"Dexterity Potion"}],"is_trial":false,"path_per_floor":["M","?","?","M","?","E","$","R","T","M","M","M","E","?","R","B",null,"M","?","?","$","M","R","$","M","T","?","?","M","?","M","R","B"],"character_chosen":"HERMIT","items_purchased":["HandDrill","MerchantsRug"],"campfire_rested":3,"item_purchase_floors":[21,21],"current_hp_per_floor":[69,69,74,73,73,48,48,48,48,48,46,38,8,8,47,1,80,40,40,40,40,30,69,69,53,53,53,53,11,37,26,65,0,0],"gold":233,"neow_bonus":"BOSS_RELIC","is_daily":false,"chose_seed":false,"campfire_upgraded":0,"win_rate":0.0,"timestamp":1611174808,"path_taken":["M","?","?","?","?","E","$","R","T","M","M","M","E","?","R","BOSS","M","?","?","$","M","R","$","M","T","?","?","?","?","M","R","BOSS"],"items_purchased_type":["Relic","Relic"],"build_version":"2020-12-22","purchased_purges":1,"victory":false,"max_hp_per_floor":[75,75,80,80,80,80,80,80,80,80,80,80,80,80,80,80,80,80,80,80,80,80,80,80,80,80,80,80,80,80,80,80,80,80],"card_choices":[{"not_picked":["hermit:Desperado","hermit:SprayPray","hermit:Coalescence"],"picked":"SKIP","floor":1},{"not_picked":["hermit:Desperado","hermit:Manifest","hermit:ItchyTrigger"],"picked":"SKIP","floor":4},{"not_picked":["hermit:SprayPray","hermit:HighCaliber","hermit:Midnight"],"picked":"SKIP","floor":6},{"not_picked":["hermit:HighCaliber","hermit:Dive","hermit:PistolWhip"],"picked":"SKIP","floor":10},{"not_picked":["hermit:Glare","hermit:Dive","hermit:Feint"],"picked":"SKIP","floor":11},{"not_picked":["hermit:PistolWhip","hermit:Gestalt","hermit:Midnight"],"picked":"SKIP","floor":12},{"not_picked":["hermit:HoleUp","hermit:WideOpen","hermit:Magnum"],"picked":"SKIP","floor":13},{"not_picked":["hermit:FromBeyond","hermit:BlackWind"],"picked":"hermit:Purgatory","floor":16},{"not_picked":["hermit:PistolWhip","hermit:ItchyTrigger","hermit:Headshot"],"picked":"SKIP","floor":18},{"not_picked":["hermit:Gestalt","hermit:CursedWeapon","hermit:HoleUp"],"picked":"SKIP","floor":22},{"not_picked":["hermit:Manifest","hermit:ItchyTrigger+1","hermit:CalledShot+1"],"picked":"SKIP","floor":25},{"not_picked":["hermit:HighNoon","hermit:LoneWolf","hermit:Glare+1"],"picked":"SKIP","floor":29},{"not_picked":["hermit:HoleUp","hermit:Determination","hermit:Snipe+1"],"picked":"SKIP","floor":31}],"player_experience":160356,"relics_obtained":[{"floor":6,"key":"Turnip"},{"floor":9,"key":"Regal Pillow"},{"floor":13,"key":"Art of War"}],"event_choices":[{"cards_removed":["hermit:Covet"],"damage_healed":0,"gold_gain":0,"player_choice":"Card Removal","damage_taken":0,"max_hp_gain":0,"max_hp_loss":0,"event_name":"The Cleric","floor":2,"gold_loss":50},{"damage_healed":0,"gold_gain":0,"player_choice":"Donut","damage_taken":0,"max_hp_gain":5,"max_hp_loss":0,"event_name":"Big Fish","floor":3,"gold_loss":0},{"damage_healed":0,"gold_gain":0,"player_choice":"Grow","damage_taken":0,"max_hp_gain":0,"max_hp_loss":0,"event_name":"Living Wall","floor":5,"gold_loss":0,"cards_upgraded":["hermit:Snapshot"]},{"damage_healed":0,"gold_gain":0,"player_choice":"Forge","damage_taken":0,"max_hp_gain":0,"max_hp_loss":0,"event_name":"Accursed Blacksmith","floor":14,"gold_loss":0,"cards_upgraded":["hermit:Strike_Hermit"]},{"damage_healed":0,"gold_gain":99,"player_choice":"Stole From Cult","damage_taken":0,"max_hp_gain":0,"max_hp_loss":0,"event_name":"Nest","floor":19,"gold_loss":0},{"damage_healed":0,"gold_gain":0,"player_choice":"Ignored","damage_taken":0,"max_hp_gain":0,"max_hp_loss":0,"event_name":"Ghosts","floor":20,"gold_loss":0},{"damage_healed":0,"gold_gain":0,"player_choice":"Ignored","damage_taken":0,"max_hp_gain":0,"max_hp_loss":0,"event_name":"Vampires","floor":27,"gold_loss":0},{"damage_healed":0,"gold_gain":0,"player_choice":"Bet on Murderer","damage_taken":0,"max_hp_gain":0,"max_hp_loss":0,"event_name":"The Joust","floor":28,"gold_loss":50},{"damage_healed":26,"gold_gain":0,"player_choice":"Heal","damage_taken":0,"max_hp_gain":0,"max_hp_loss":0,"event_name":"The Library","floor":30,"gold_loss":0}],"is_beta":false,"boss_relics":[{"not_picked":["Snecko Eye","Fusion Hammer"],"picked":"Velvet Choker"}],"items_purged_floors":[21],"is_endless":false,"potions_floor_spawned":[12,13,16,22,25,29],"killed_by":"Collector","ascension_level":0}}