{"host":"iq8y45rd2spacc1d","time":1611144775,"event":{"mods":["Aspiration","BaseMod","DeckTracker","GifTheSpireLib","Halation","Hermit","Hubris","Infinite Spire","Minty Spire (QoL Compilation)","Replay The Spire","StSLib","The Bug Knight","The Cursed","The Disciple"],"gold_per_floor":[112,112,112,132,144,172,172,200,226,245,257,257,267,278,278,383,383,394,394,414,434,434,459,470,470,523,549,568,586,615,615,615,713,713,732,747,797,428,445,479,479,507,533,132,132,150,167,177,177,177],"floor_reached":51,"language":"ENG","playtime":3968,"items_purged":["Looming Evil"],"score":1016,"play_id":"53c6d5c6-6872-4c95-8aa0-90fc77cde924","local_time":"20210120131255","is_ascension_mode":true,"campfire_choices":[{"data":"Allegro","floor":7.0,"key":"SMITH"},{"floor":15.0,"key":"REST"},{"floor":25.0,"key":"REST"},{"floor":32,"key":"REST"},{"floor":49,"key":"REST"}],"circlet_count":0,"master_deck":["Moderato","Adagio","Strike_Br","Strike_Br","Strike_Br","Strike_Br","Defend_Br","Defend_Br","Defend_Br","SecondHand","PatternShift","Allegro+1","DaylightSavings+10","HandsUpC","WindUp","AlternateTimeline","WindUp","Parity","ReapSow","WatchCommand","OldTimer","Engulf+1","ExoVibe","LockedBell","Break","Recurrance","ResonantCall","Parity","ExoVibe+4","Echoward+1","Echonomics","BlueShift+1","ReapSow+4","WindUp","Recurrance","BeatsPerMinute","Break+1","LockedWarPaint+1","Pot Of Greed","Pot Of Greed","Pot Of Greed","Pot Of Greed","Discovery","Allegro+1","BiteCommand","TickedOff+1"],"relics":["Chronometer","aspiration:Nostalgia","infinitespire:DarkRift","halation:PromiseList","Pet Ghost","Happy Flower","Shuriken","Snecko Eye","aspiration:Stabinomicon","Blood Vial","hubris:SlimyHat","Iron Hammer","Ring of Searing","ReplayTheSpireMod:Ring of Collecting","aspiration:PoetsPen_weak","hubris:64BitClover","Nunchaku","halation:Trompette","hubris:HerbalPaste","Oddly Smooth Stone","Ring of Peace","Grinning Jar","ClockworkSouvenir","infinitespire:Satchel","hubris:Icosahedron"],"acts_visited":["Exordium","TheCity","TheBeyond"],"potions_floor_usage":[29,29,50,50],"damage_taken":[{"damage":2.0,"enemies":"2 Louse","floor":1.0,"turns":3.0},{"damage":0.0,"enemies":"Cultist","floor":4.0,"turns":3.0},{"damage":0.0,"enemies":"Small Slimes","floor":5.0,"turns":3.0},{"damage":8.0,"enemies":"3 Sentries","floor":6.0,"turns":5.0},{"damage":0.0,"enemies":"Lagavulin","floor":8.0,"turns":4.0},{"damage":10.0,"enemies":"Gremlin Gang","floor":10.0,"turns":3.0},{"damage":8.0,"enemies":"Large Slime","floor":11.0,"turns":3.0},{"damage":3.0,"enemies":"3 Louse","floor":13.0,"turns":3.0},{"damage":5.0,"enemies":"Blue Slaver","floor":14.0,"turns":3.0},{"damage":14.0,"enemies":"Hexaghost","floor":16.0,"turns":6.0},{"damage":6.0,"enemies":"3 Byrds","floor":18.0,"turns":3.0},{"damage":12.0,"enemies":"2 Thieves","floor":20.0,"turns":3.0},{"damage":2.0,"enemies":"Cultist and Chosen","floor":21.0,"turns":3.0},{"damage":2.0,"enemies":"Book of Stabbing","floor":23.0,"turns":2.0},{"damage":13.0,"enemies":"Shelled Parasite and Fungi","floor":24.0,"turns":3.0},{"damage":12.0,"enemies":"HollowMod:Nosk","floor":27.0,"turns":6.0},{"damage":0,"enemies":"Snecko","floor":28,"turns":2},{"damage":16,"enemies":"Centurion and Healer","floor":29,"turns":3},{"damage":25,"enemies":"Slavers","floor":30,"turns":5},{"damage":36,"enemies":"Collector","floor":33,"turns":4},{"damage":10,"enemies":"3 Darklings","floor":35,"turns":3},{"damage":5,"enemies":"3 Shapes","floor":36,"turns":2},{"damage":10,"enemies":"Mind Bloom Boss Battle","floor":37,"turns":3},{"damage":0,"enemies":"Sphere and 2 Shapes","floor":39,"turns":2},{"damage":5,"enemies":"Giant Head","floor":40,"turns":3},{"damage":5,"enemies":"R_Hoarder","floor":42,"turns":2},{"damage":0,"enemies":"Jaw Worm Horde","floor":46,"turns":2},{"damage":0,"enemies":"Maw","floor":47,"turns":2},{"damage":20,"enemies":"Jaw Worm Horde","floor":48,"turns":3},{"damage":16,"enemies":"Awakened One","floor":50,"turns":4}],"seed_played":"4851628771717150170","potions_obtained":[{"floor":4.0,"key":"LiquidMemories"},{"floor":5.0,"key":"Reflective Coating"},{"floor":6.0,"key":"AttackPotion"},{"floor":13.0,"key":"EssenceOfSteel"},{"floor":16.0,"key":"Strength Potion"},{"floor":23.0,"key":"Strength Potion"},{"floor":27,"key":"Weak Potion"},{"floor":29,"key":"FairyPotion"},{"floor":35,"key":"Dexterity Potion"},{"floor":40,"key":"Explosive Potion"},{"floor":46,"key":"Venom Potion"}],"is_trial":false,"path_per_floor":["M","?","?","M","M","E","R","E","T","M","M","?","M","M","R","B",null,"M","?","M","M","?","E","M","R","T","E","M","M","E","?","R","B",null,"M","M","?","$","M","E","AVR","E","T","$","?","M","M","M","R","B",null],"character_chosen":"CHRONO_CLASS","items_purchased":["Nunchaku","DistilledChaos","Recurrance","ClockworkSouvenir","infinitespire:Satchel","Discovery"],"campfire_rested":4,"item_purchase_floors":[38,38,38,44,44,44],"current_hp_per_floor":[65,65,65,65,65,57,57,57,57,47,39,27,24,19,38,24,65,59,59,47,45,34,32,19,40,40,30,32,28,5,5,26,21,70,60,57,49,49,51,48,48,48,48,48,48,53,58,45,66,57],"gold":177,"neow_bonus":"NOSTALGIA","is_daily":false,"chose_seed":false,"campfire_upgraded":1,"win_rate":0.0,"timestamp":1611144775,"path_taken":["M","?","?","M","M","E","R","E","T","M","?","?","M","M","R","BOSS","M","?","?","M","?","E","M","R","T","E","M","M","E","?","R","BOSS","M","M","?","$","M","E","AVR","E","T","$","?","M","?","M","R","BOSS"],"items_purchased_type":["Relic","Potion","Card","Relic","Relic","Card"],"build_version":"2020-12-22","purchased_purges":1,"victory":true,"max_hp_per_floor":[65,65,65,65,65,65,65,65,65,65,65,65,65,65,65,65,65,65,65,65,65,70,70,70,70,70,70,70,70,70,70,70,70,70,70,70,70,70,70,70,70,70,70,70,70,70,70,70,70,70],"card_choices":[{"not_picked":["BiteCommand","TiringSlam"],"picked":"Tempo","floor":1.0},{"not_picked":["BiteCommand","TiringSlam"],"picked":"DaylightSavings","floor":4.0},{"not_picked":["CrunchTime","ShortSighted"],"picked":"HandsUpC","floor":5.0},{"not_picked":["LockedBlood","LockedThread"],"picked":"WindUp","floor":6.0},{"not_picked":["Analog","TickedOff"],"picked":"AlternateTimeline","floor":8.0},{"not_picked":["CrunchTime","VestedLegacy"],"picked":"WindUp","floor":10.0},{"not_picked":["Echoward","PrimeTime"],"picked":"Parity","floor":11.0},{"not_picked":["Stagnate","OverTime"],"picked":"ReapSow","floor":13.0},{"not_picked":["HandsUpB","LockedScales"],"picked":"WatchCommand","floor":14.0},{"not_picked":["Fragmentalize","OracleForm"],"picked":"OldTimer","floor":16.0},{"not_picked":["LockedPlans","Echoward"],"picked":"Engulf+1","floor":18.0},{"not_picked":["WatchCommand","LockedAnchor"],"picked":"ExoVibe","floor":20.0},{"not_picked":["AlternateTimeline","Echoward+1"],"picked":"LockedBell","floor":21.0},{"not_picked":["Engulf","FormalWear"],"picked":"Break","floor":23.0},{"not_picked":["WatchCommand+1","ExoVibe"],"picked":"Recurrance","floor":24.0},{"not_picked":["LockedBell","ExoVibe"],"picked":"ResonantCall","floor":27},{"not_picked":["LockedScales","LockedWhetstone"],"picked":"Parity","floor":28},{"not_picked":["Engulf","CrunchTime"],"picked":"ExoVibe+1","floor":29},{"not_picked":["LockedWhetstone","LockedTornado"],"picked":"Echoward+1","floor":30},{"not_picked":["LockedFlame","OracleForm"],"picked":"Echonomics","floor":33},{"not_picked":["CrunchTime","Analog+1"],"picked":"BlueShift+1","floor":35},{"not_picked":["BiteCommand+1","WakeUpCall"],"picked":"ReapSow+1","floor":36},{"not_picked":["Echoward","LockedScales"],"picked":"WindUp","floor":37},{"not_picked":["Echoward+1","CrunchTime"],"picked":"BeatsPerMinute","floor":39},{"not_picked":["LockedWarPaint","Stagnate+1"],"picked":"Break+1","floor":40},{"not_picked":["Chronoelasticity","LockedAnchor"],"picked":"LockedWarPaint+1","floor":42},{"not_picked":["LockedAstrolabe","LockedTornado+1"],"picked":"Tempo+1","floor":46},{"not_picked":["Facsimile+1","LockedBlood+1"],"picked":"BiteCommand","floor":47},{"not_picked":["AlternateTimeline","BlueShift+1"],"picked":"TickedOff+1","floor":48}],"player_experience":327773,"relics_obtained":[{"floor":6.0,"key":"halation:PromiseList"},{"floor":8.0,"key":"Pet Ghost"},{"floor":9.0,"key":"Happy Flower"},{"floor":23.0,"key":"aspiration:Stabinomicon"},{"floor":26.0,"key":"Blood Vial"},{"floor":27,"key":"hubris:SlimyHat"},{"floor":30,"key":"Iron Hammer"},{"floor":31,"key":"Ring of Searing"},{"floor":31,"key":"ReplayTheSpireMod:Ring of Collecting"},{"floor":37,"key":"hubris:64BitClover"},{"floor":40,"key":"halation:Trompette"},{"floor":42,"key":"Oddly Smooth Stone"},{"floor":43,"key":"Ring of Peace"},{"floor":43,"key":"Grinning Jar"}],"event_choices":[{"damage_healed":0.0,"max_hp_gain":0.0,"max_hp_loss":0.0,"gold_gain":0.0,"event_name":"The Cleric","player_choice":"Leave","floor":2.0,"gold_loss":0.0,"damage_taken":0.0},{"cards_removed":["Defend_Br"],"damage_healed":0.0,"max_hp_gain":0.0,"max_hp_loss":0.0,"gold_gain":0.0,"event_name":"Purifier","player_choice":"Purged","floor":3.0,"gold_loss":0.0,"damage_taken":0.0},{"damage_healed":0.0,"max_hp_gain":0.0,"max_hp_loss":0.0,"gold_gain":0.0,"event_name":"Scrap Ooze","player_choice":"Success","floor":12.0,"gold_loss":0.0,"damage_taken":12.0,"relics_obtained":["Shuriken"]},{"damage_healed":0.0,"max_hp_gain":0.0,"max_hp_loss":0.0,"gold_gain":0.0,"event_name":"Upgrade Shrine","player_choice":"Upgraded","floor":19.0,"gold_loss":0.0,"damage_taken":0.0,"cards_upgraded":["DaylightSavings"]},{"damage_healed":0.0,"max_hp_gain":5.0,"max_hp_loss":0.0,"gold_gain":0.0,"event_name":"Forgotten Altar","player_choice":"Shed Blood","floor":22.0,"gold_loss":0.0,"damage_taken":16.0},{"damage_healed":0,"gold_gain":0,"player_choice":"Fight","damage_taken":0,"max_hp_gain":0,"max_hp_loss":0,"event_name":"MindBloom","floor":37,"gold_loss":0}],"is_beta":false,"boss_relics":[{"not_picked":["aspiration:SilentSkillbook","Velvet Choker"],"picked":"Snecko Eye"},{"not_picked":["Fusion Hammer","Tiny House"],"picked":"aspiration:PoetsPen_weak"}],"items_purged_floors":[38],"is_endless":false,"potions_floor_spawned":[4,5,6,13,16,23,27,29,35,40,46,48],"ascension_level":2}}