{"host":"xbs6xfa3tvu21mfl","time":1611136726,"event":{"mods":["BaseMod","Downfall","Minty Spire (QoL Compilation)","Quick Restart","StSLib"],"gold_per_floor":[99,113,131,150,250,49,49,67,67,67,97,113,113,23,43,142,142,142,161,179,198,37,37,62,62,62,62,62,78,78,92,104,199,199,199,212,232,250,250,250,250],"floor_reached":39,"language":"ZHS","playtime":2224,"items_purged":["downfall:Malfunctioning","bronze:Strike"],"score":425,"play_id":"88153595-952d-41d1-ac50-33bf20ffb2bb","local_time":"20210120175846","is_ascension_mode":false,"campfire_choices":[{"data":"bronze:TinkerersToolbox","floor":1.0,"key":"SMITH"},{"data":"bronze:Strike","floor":9.0,"key":"PURGE"},{"data":"bronze:Goto","floor":18.0,"key":"PURGE"},{"floor":23.0,"key":"REST"},{"floor":26.0,"key":"REST"},{"floor":30.0,"key":"REST"},{"data":"bronze:SpaghettiCode","floor":35.0,"key":"SMITH"}],"circlet_count":0,"master_deck":["bronze:Strike","bronze:Strike","bronze:Defend+1","bronze:Defend","bronze:TinkerersToolbox+1","bronze:WhirlingStrike","bronze:Separator+1","bronze:FollowUp","bronze:ChildClass","expansioncontent:StudyTheSpire","bronze:DarkDash+1","bronze:ForceShield","bronze:Separator","bronze:ThunderWave","bronze:FineTuning","bronze:Shell","bronze:ForceShield","bronze:Constructor","bronze:Safeguard","bronze:Terminator","bronze:CleanCode","bronze:Repair","bronze:Constructor","bronze:SpaghettiCode+1","bronze:BitShift","bronze:NullPointer+1","bronze:Philosophize+1"],"relics":["bronze:BronzeCore","Peace Pipe","Odd Mushroom","SlaversCollar","Anchor","bronze:ElectromagneticCoil"],"acts_visited":["Exordium","TheCity","TheBeyond"],"potions_floor_usage":[39],"damage_taken":[{"damage":7.0,"enemies":"Small Slimes","floor":2.0,"turns":3.0},{"damage":0.0,"enemies":"2 Louse","floor":3.0,"turns":2.0},{"damage":6.0,"enemies":"Jaw Worm","floor":4.0,"turns":3.0},{"damage":0.0,"enemies":"downfall:FleeingMerchant","floor":6.0,"turns":4.0},{"damage":0.0,"enemies":"2 Fungi Beasts","floor":8.0,"turns":3.0},{"damage":7.0,"enemies":"The Mushroom Lair","floor":11.0,"turns":3.0},{"damage":0.0,"enemies":"3 Louse","floor":12.0,"turns":1.0},{"damage":15.0,"enemies":"downfall:FleeingMerchant","floor":14.0,"turns":4.0},{"damage":0.0,"enemies":"Blue Slaver","floor":15.0,"turns":3.0},{"damage":0.0,"enemies":"SI_SHIV_ARCHETYPE","floor":16.0,"turns":6.0},{"damage":16.0,"enemies":"Shell Parasite","floor":19.0,"turns":6.0},{"damage":24.0,"enemies":"Chosen and Byrds","floor":20.0,"turns":9.0},{"damage":26.0,"enemies":"Centurion and Healer","floor":21.0,"turns":5.0},{"damage":0.0,"enemies":"downfall:FleeingMerchant","floor":22.0,"turns":4.0},{"damage":14.0,"enemies":"Sentry and Sphere","floor":29.0,"turns":6.0},{"damage":7.0,"enemies":"Snecko","floor":31.0,"turns":6.0},{"damage":1.0,"enemies":"Centurion and Healer","floor":32.0,"turns":6.0},{"damage":23.0,"enemies":"IC_MUSHROOM_ARCHETYPE","floor":33.0,"turns":13.0},{"damage":8.0,"enemies":"Orb Walker","floor":36.0,"turns":4.0},{"damage":20.0,"enemies":"3 Darklings","floor":37.0,"turns":8.0},{"damage":6,"enemies":"Spire Growth","floor":38,"turns":7},{"damage":52,"enemies":"2 Orb Walkers","floor":39,"turns":3}],"seed_played":"-5349101096105765328","potions_obtained":[{"floor":8.0,"key":"bronze:BurnAndBuffPotion"},{"floor":11.0,"key":"AttackPotion"},{"floor":12.0,"key":"Ancient Potion"},{"floor":20.0,"key":"ColorlessPotion"},{"floor":31.0,"key":"Fire Potion"},{"floor":33.0,"key":"Fire Potion"},{"floor":37.0,"key":"Energy Potion"}],"is_trial":false,"path_per_floor":["R","M","M","M","?","$","T","M","R","?","?","M","?","$","M","B",null,"R","M","M","M","$","R","T","?","R","?","?","M","R","M","M","B",null,"R","M","M","M","?"],"character_chosen":"THE_AUTOMATON","items_purchased":["expansioncontent:StudyTheSpire","bronze:Constructor"],"campfire_rested":3,"item_purchase_floors":[6,22],"current_hp_per_floor":[70,63,63,57,57,57,57,57,57,57,50,50,50,35,35,35,70,70,54,30,4,4,25,25,25,46,46,46,32,53,46,52,36,70,70,69,49,50,0,0,0],"gold":250,"neow_bonus":"ONE_RANDOM_RARE_CARD","is_daily":false,"chose_seed":false,"campfire_upgraded":2,"win_rate":0.0,"timestamp":1611136726,"path_taken":["R","M","M","M","?","$","T","M","R","?","?","?","?","$","M","BOSS","R","M","M","M","$","R","T","?","R","?","?","M","R","M","M","BOSS","R","M","M","M","?"],"items_purchased_type":["Card","Card"],"build_version":"2020-12-22","purchased_purges":2,"victory":false,"max_hp_per_floor":[70,70,70,70,70,70,70,70,70,70,70,70,70,70,70,70,70,70,70,70,70,70,70,70,70,70,70,70,70,70,70,70,70,70,70,70,70,70,70,70,70],"card_choices":[{"not_picked":["bronze:BitShift","bronze:Iterate"],"picked":"bronze:WhirlingStrike","floor":2.0},{"not_picked":["bronze:Repulsor","bronze:Allocate"],"picked":"bronze:Separator","floor":3.0},{"not_picked":["bronze:CutThrough","bronze:Invalidate"],"picked":"bronze:FollowUp","floor":4.0},{"not_picked":["bronze:CutThrough","bronze:Turbo"],"picked":"bronze:ChildClass","floor":6.0},{"not_picked":["bronze:Allocate","bronze:Fortify","bronze:Turbo"],"picked":"SKIP","floor":8.0},{"not_picked":["bronze:Branch","bronze:Virus"],"picked":"bronze:ForceShield","floor":12.0},{"not_picked":["bronze:Shield","bronze:Deprecate"],"picked":"bronze:Separator","floor":14.0},{"not_picked":["bronze:Deprecate","bronze:Shield","bronze:ChosenStrike"],"picked":"SKIP","floor":15.0},{"not_picked":["bronze:Format","bronze:ShipIt"],"picked":"bronze:ThunderWave","floor":16.0},{"not_picked":["bronze:Iterate","bronze:CutThrough"],"picked":"bronze:FineTuning","floor":19.0},{"not_picked":["bronze:Turbo","bronze:DelayedGuard"],"picked":"bronze:Shell","floor":20.0},{"not_picked":["bronze:GetLatest","bronze:Overheat"],"picked":"bronze:ForceShield","floor":21.0},{"not_picked":["bronze:WildBeam","bronze:DelayedSlice","bronze:BitShift"],"picked":"SKIP","floor":22.0},{"not_picked":["bronze:Iterate","bronze:TinkerersToolbox","bronze:OilSpill"],"picked":"SKIP","floor":29.0},{"not_picked":["bronze:CutThrough","bronze:Shield+1"],"picked":"bronze:Repair","floor":31.0},{"not_picked":["bronze:BronzeArmor","bronze:WildBeam"],"picked":"bronze:Constructor","floor":32.0},{"not_picked":["bronze:CleanCode","bronze:ThunderWave"],"picked":"bronze:SpaghettiCode","floor":33.0},{"not_picked":["bronze:Branch","bronze:Separator+1"],"picked":"bronze:BitShift","floor":36.0},{"not_picked":["bronze:Iterate+1","bronze:CutThrough"],"picked":"bronze:NullPointer+1","floor":37.0},{"not_picked":["bronze:DelayedGuard","bronze:BugBarrage+1"],"picked":"bronze:Philosophize+1","floor":38}],"player_experience":150520,"relics_obtained":[{"floor":7.0,"key":"Peace Pipe"},{"floor":11.0,"key":"Odd Mushroom"},{"floor":24.0,"key":"Anchor"}],"event_choices":[{"damage_healed":0.0,"max_hp_gain":0.0,"max_hp_loss":0.0,"gold_gain":0.0,"event_name":"Mushrooms","player_choice":"Fought Mushrooms","floor":11.0,"gold_loss":0.0,"damage_taken":0.0},{"damage_healed":0.0,"max_hp_gain":0.0,"max_hp_loss":0.0,"gold_gain":0.0,"event_name":"The Library","player_choice":"Read","floor":25.0,"gold_loss":0.0,"damage_taken":0.0,"cards_obtained":["bronze:Safeguard"]},{"damage_healed":0.0,"max_hp_gain":0.0,"max_hp_loss":0.0,"gold_gain":0.0,"cards_transformed":["bronze:Defend","bronze:Replicate"],"event_name":"Drug Dealer","player_choice":"Became Test Subject","floor":27.0,"gold_loss":0.0,"damage_taken":0.0,"cards_obtained":["bronze:Terminator","bronze:CleanCode"]},{"damage_healed":0,"gold_gain":0,"player_choice":"Fight","damage_taken":0,"max_hp_gain":0,"max_hp_loss":0,"event_name":"Mysterious Sphere","floor":39,"gold_loss":0}],"is_beta":false,"boss_relics":[{"not_picked":["Philosopher\u0027s Stone","Busted Crown"],"picked":"SlaversCollar"},{"not_picked":["Tiny House","Velvet Choker"],"picked":"bronze:ElectromagneticCoil"}],"items_purged_floors":[14,22],"is_endless":false,"potions_floor_spawned":[8,11,12,20,31,33,37],"killed_by":"2 Orb Walkers","ascension_level":0}}