{"host":"j4g6ia6asvpyu2b0","time":1611184710,"event":{"mods":["BaseMod","Colored Map","Minty Spire (QoL Compilation)","Permanent Neow","Quick Restart","Relic Stats","StSLib","Unceasing Turn Reminder"],"gold_per_floor":[117,87,100,111,61,96,96,125,149,161,179,190,224,224,224,299,299,317,333,145,145,44,44,73,73,73,103,4,20,30,56,56,127,127,138,138,154,164,177,210,210,244,317,344,362,374,388,405,405,405,405,405,2,29,29],"floor_reached":56,"language":"ENG","playtime":2539,"items_purged":["Strike_G","Pain"],"score":2092,"play_id":"bafc5b04-f42c-44ec-ab47-0a1222e0e06b","local_time":"20210120161830","is_ascension_mode":true,"campfire_choices":[{"data":"Crippling Poison","floor":7.0,"key":"SMITH"},{"data":"Venomology","floor":15.0,"key":"SMITH"},{"data":"Envenom","floor":23.0,"key":"SMITH"},{"data":"Noxious Fumes","floor":32.0,"key":"SMITH"},{"data":"Adrenaline","floor":41.0,"key":"SMITH"},{"floor":49,"key":"RECALL"},{"data":"Catalyst","floor":52,"key":"SMITH"}],"circlet_count":0,"master_deck":["AscendersBane","Strike_G","Strike_G","Strike_G","Strike_G","Defend_G","Defend_G","Defend_G","Defend_G","Survivor","Neutralize","Dodge and Roll","Dagger Spray","Crippling Poison+1","Poisoned Stab","Poisoned Stab","Dash","Poisoned Stab","Distraction","Venomology+1","Envenom+1","Blade Dance","PiercingWail","Shame","Bouncing Flask","Noxious Fumes+1","Crippling Poison","Blade Dance","Predator","Adrenaline+1","Flying Knee","Pain","Prepared","Blade Dance","Dagger Throw+1","Noxious Fumes+1","Catalyst+1","Malaise","Parasite","Blur","Terror","Secret Weapon","Good Instincts"],"relics":["Runic Pyramid","Toy Ornithopter","Potion Belt","Vajra","Oddly Smooth Stone","Meat on the Bone","Busted Crown","Membership Card","Enchiridion","PreservedInsect","Du-Vu Doll","Ancient Tea Set","Bronze Scales","Blood Vial","Cursed Key","WarpedTongs","Anchor","Akabeko","Molten Egg 2","Orichalcum","Ginger","Paper Crane"],"acts_visited":["Exordium","TheCity","TheBeyond","TheEnding"],"potions_floor_usage":[50,54,55,55,55,55,55,55,55,55],"damage_taken":[{"damage":0.0,"enemies":"2 Louse","floor":1.0,"turns":4.0},{"damage":0.0,"enemies":"Cultist","floor":3.0,"turns":5.0},{"damage":9.0,"enemies":"Jaw Worm","floor":4.0,"turns":4.0},{"damage":3.0,"enemies":"Lagavulin","floor":6.0,"turns":9.0},{"damage":9.0,"enemies":"3 Sentries","floor":8.0,"turns":6.0},{"damage":0.0,"enemies":"3 Louse","floor":10.0,"turns":2.0},{"damage":7.0,"enemies":"Exordium Wildlife","floor":11.0,"turns":3.0},{"damage":0.0,"enemies":"Red Slaver","floor":12.0,"turns":4.0},{"damage":4.0,"enemies":"Lagavulin","floor":13.0,"turns":7.0},{"damage":23.0,"enemies":"Hexaghost","floor":16.0,"turns":10.0},{"damage":2.0,"enemies":"Chosen","floor":18.0,"turns":5.0},{"damage":2.0,"enemies":"Shell Parasite","floor":19.0,"turns":4.0},{"damage":1.0,"enemies":"Gremlin Leader","floor":24.0,"turns":5.0},{"damage":0.0,"enemies":"Slavers","floor":27.0,"turns":4.0},{"damage":0.0,"enemies":"Centurion and Healer","floor":29.0,"turns":5.0},{"damage":1.0,"enemies":"Sentry and Sphere","floor":30.0,"turns":5.0},{"damage":3.0,"enemies":"Gremlin Leader","floor":31.0,"turns":5.0},{"damage":56.0,"enemies":"Champ","floor":33.0,"turns":11.0},{"damage":3.0,"enemies":"Orb Walker","floor":35.0,"turns":4.0},{"damage":26.0,"enemies":"3 Shapes","floor":37.0,"turns":4.0},{"damage":25.0,"enemies":"Writhing Mass","floor":38.0,"turns":5.0},{"damage":24.0,"enemies":"Jaw Worm Horde","floor":39.0,"turns":3.0},{"damage":14.0,"enemies":"Nemesis","floor":40.0,"turns":6.0},{"damage":0.0,"enemies":"Giant Head","floor":42.0,"turns":5.0},{"damage":31.0,"enemies":"Nemesis","floor":44.0,"turns":5.0},{"damage":31.0,"enemies":"Spire Growth","floor":45.0,"turns":3.0},{"damage":0.0,"enemies":"Maw","floor":46.0,"turns":4.0},{"damage":17.0,"enemies":"Writhing Mass","floor":47.0,"turns":4.0},{"damage":1,"enemies":"Transient","floor":48,"turns":5},{"damage":67,"enemies":"Awakened One","floor":50,"turns":11},{"damage":24,"enemies":"Shield and Spear","floor":54,"turns":5},{"damage":26,"enemies":"The Heart","floor":55,"turns":7}],"seed_played":"-4697651190014895683","potions_obtained":[{"floor":2.0,"key":"PowerPotion"},{"floor":2.0,"key":"CunningPotion"},{"floor":3.0,"key":"PowerPotion"},{"floor":6.0,"key":"ColorlessPotion"},{"floor":12.0,"key":"AttackPotion"},{"floor":18.0,"key":"SkillPotion"},{"floor":39.0,"key":"Fruit Juice"},{"floor":40.0,"key":"Energy Potion"},{"floor":45.0,"key":"GamblersBrew"}],"is_trial":false,"path_per_floor":["M","?","M","M","?","E","R","E","T","M","M","M","E","?","R","B",null,"M","M","$","?","$","R","E","?","T","E","$","M","M","E","R","B",null,"M","?","M","M","M","E","R","E","T","E","M","M","M","M","R","B",null,"R","$","E","B",null],"character_chosen":"THE_SILENT","items_purchased":["Membership Card","PreservedInsect","PiercingWail","Noxious Fumes","Crippling Poison","Blade Dance","Ginger","PowerPotion","LiquidBronze","Secret Weapon","Good Instincts"],"campfire_rested":0,"item_purchase_floors":[20,22,22,28,28,28,53,53,53,53,53],"current_hp_per_floor":[63,63,63,54,54,51,51,47,47,47,40,40,36,36,36,25,59,62,70,70,54,54,54,53,53,53,63,63,68,69,66,66,26,59,63,63,39,47,57,45,45,47,47,35,18,32,29,42,42,20,61,61,61,44,60],"gold":29,"neow_bonus":"BOSS_RELIC","is_daily":false,"chose_seed":false,"campfire_upgraded":6,"win_rate":0.0,"timestamp":1611184710,"path_taken":["M","?","?","M","?","E","R","E","T","M","M","M","E","?","R","BOSS","M","M","$","?","$","R","E","?","T","E","?","?","M","E","R","BOSS","M","?","M","?","M","E","R","E","T","E","M","M","M","M","R","BOSS","R","$","E","BOSS"],"items_purchased_type":["Relic","Relic","Card","Card","Card","Card","Relic","Potion","Potion","Card","Card"],"build_version":"2020-12-22","purchased_purges":2,"victory":true,"max_hp_per_floor":[70,70,70,70,70,70,70,70,70,70,70,70,70,70,70,70,70,70,70,70,70,70,70,70,70,70,70,70,70,70,70,70,70,70,70,70,70,70,75,75,75,75,75,75,75,75,75,75,75,75,75,75,75,75,75],"relic_stats":{"Blood Vial":30,"Busted Crown":40,"counters":[32,169],"Bronze Scales":[336],"PreservedInsect":443,"Ginger":[2],"Orichalcum":[36],"Cursed Key":1,"obtain_stats":[{"Potion Belt":8,"Vajra":9,"Oddly Smooth Stone":13,"Enchiridion":21,"PreservedInsect":22,"Ginger":53,"Orichalcum":44,"Paper Crane":54,"Ancient Tea Set":25,"Cursed Key":34,"Akabeko":42,"WarpedTongs":36,"Du-Vu Doll":24,"Blood Vial":31,"Anchor":40,"Busted Crown":17,"Bronze Scales":27,"Molten Egg 2":43,"Membership Card":20,"Toy Ornithopter":6,"Ring of the Snake":0,"Runic Pyramid":0,"Meat on the Bone":14},{"Potion Belt":5,"Vajra":5,"Oddly Smooth Stone":9,"Enchiridion":12,"PreservedInsect":12,"Ginger":30,"Orichalcum":25,"Paper Crane":31,"Ancient Tea Set":13,"Cursed Key":18,"Akabeko":24,"WarpedTongs":19,"Du-Vu Doll":13,"Blood Vial":17,"Anchor":23,"Busted Crown":10,"Bronze Scales":14,"Molten Egg 2":24,"Membership Card":12,"Toy Ornithopter":4,"Ring of the Snake":0,"Runic Pyramid":0,"Meat on the Bone":9},{"Potion Belt":28,"Vajra":28,"Oddly Smooth Stone":44,"Enchiridion":63,"PreservedInsect":63,"Ginger":157,"Orichalcum":130,"Paper Crane":162,"Ancient Tea Set":68,"Cursed Key":98,"Akabeko":125,"WarpedTongs":102,"Du-Vu Doll":68,"Blood Vial":87,"Anchor":120,"Busted Crown":54,"Bronze Scales":72,"Molten Egg 2":125,"Membership Card":63,"Toy Ornithopter":22,"Ring of the Snake":0,"Runic Pyramid":0,"Meat on the Bone":44}],"Toy Ornithopter":119,"Meat on the Bone":120,"WarpedTongs":[67]},"card_choices":[{"not_picked":["Prepared","Finisher"],"picked":"Dodge and Roll","floor":1.0},{"not_picked":["Infinite Blades","Well Laid Plans"],"picked":"Dagger Spray","floor":3.0},{"not_picked":["Deflect","Dash"],"picked":"Crippling Poison","floor":4.0},{"not_picked":["Escape Plan","Dodge and Roll"],"picked":"Poisoned Stab","floor":6.0},{"not_picked":["Prepared","Bane"],"picked":"Poisoned Stab","floor":8.0},{"not_picked":["Dodge and Roll","Terror"],"picked":"Dash","floor":10.0},{"not_picked":["Terror","Prepared"],"picked":"Poisoned Stab","floor":11.0},{"not_picked":["Deflect","Infinite Blades"],"picked":"Distraction","floor":12.0},{"not_picked":["Prepared","Bane"],"picked":"Venomology","floor":13.0},{"not_picked":["Venomology","Phantasmal Killer"],"picked":"Envenom","floor":16.0},{"not_picked":[],"picked":"Blade Dance","floor":18.0},{"not_picked":["Setup"],"picked":"SKIP","floor":19.0},{"not_picked":["Expertise"],"picked":"SKIP","floor":24.0},{"not_picked":[],"picked":"Bouncing Flask","floor":27.0},{"not_picked":["Poisoned Stab"],"picked":"SKIP","floor":29.0},{"not_picked":["Well Laid Plans"],"picked":"SKIP","floor":30.0},{"not_picked":[],"picked":"Predator","floor":31.0},{"not_picked":[],"picked":"Adrenaline","floor":33.0},{"not_picked":[],"picked":"Flying Knee","floor":35.0},{"not_picked":[],"picked":"Prepared","floor":37.0},{"not_picked":["Sucker Punch"],"picked":"SKIP","floor":38.0},{"not_picked":[],"picked":"Blade Dance","floor":39.0},{"not_picked":[],"picked":"Dagger Throw+1","floor":40.0},{"not_picked":[],"picked":"Noxious Fumes+1","floor":42.0},{"not_picked":[],"picked":"Catalyst","floor":44.0},{"not_picked":[],"picked":"Malaise","floor":45.0},{"not_picked":["Underhanded Strike+1"],"picked":"SKIP","floor":46.0},{"not_picked":[],"picked":"Blur","floor":47.0},{"not_picked":[],"picked":"Terror","floor":48},{"not_picked":["Deflect+1"],"picked":"SKIP","floor":54}],"player_experience":888296,"relics_obtained":[{"floor":6.0,"key":"Toy Ornithopter"},{"floor":8.0,"key":"Potion Belt"},{"floor":9.0,"key":"Vajra"},{"floor":13.0,"key":"Oddly Smooth Stone"},{"floor":21.0,"key":"Enchiridion"},{"floor":24.0,"key":"Du-Vu Doll"},{"floor":27.0,"key":"Bronze Scales"},{"floor":31.0,"key":"Blood Vial"},{"floor":40.0,"key":"Anchor"},{"floor":42.0,"key":"Akabeko"},{"floor":43.0,"key":"Molten Egg 2"},{"floor":44.0,"key":"Orichalcum"},{"floor":54,"key":"Paper Crane"}],"event_choices":[{"damage_healed":0.0,"max_hp_gain":0.0,"max_hp_loss":0.0,"gold_gain":0.0,"event_name":"The Woman in Blue","player_choice":"Bought 2 Potions","floor":2.0,"gold_loss":0.0,"damage_taken":0.0},{"cards_removed":["Defend_G"],"damage_healed":0.0,"max_hp_gain":0.0,"max_hp_loss":0.0,"gold_gain":0.0,"event_name":"The Cleric","player_choice":"Card Removal","floor":5.0,"gold_loss":50.0,"damage_taken":0.0},{"damage_healed":0.0,"max_hp_gain":0.0,"max_hp_loss":0.0,"gold_gain":0.0,"event_name":"Dead Adventurer","player_choice":"Searched \u00271\u0027 times","floor":14.0,"gold_loss":0.0,"damage_taken":0.0,"relics_obtained":["Meat on the Bone"]},{"damage_healed":0.0,"max_hp_gain":0.0,"max_hp_loss":0.0,"gold_gain":0.0,"event_name":"Cursed Tome","player_choice":"Obtained Book","floor":21.0,"gold_loss":0.0,"damage_taken":16.0},{"damage_healed":0.0,"max_hp_gain":0.0,"max_hp_loss":0.0,"gold_gain":0.0,"event_name":"Addict","player_choice":"Stole Relic","floor":25.0,"gold_loss":0.0,"damage_taken":0.0,"relics_obtained":["Ancient Tea Set"],"cards_obtained":["Shame"]},{"damage_healed":0.0,"max_hp_gain":0.0,"max_hp_loss":0.0,"gold_gain":0.0,"event_name":"Accursed Blacksmith","player_choice":"Rummage","floor":36.0,"gold_loss":0.0,"damage_taken":0.0,"relics_obtained":["WarpedTongs"],"cards_obtained":["Pain"]}],"is_beta":false,"boss_relics":[{"not_picked":["Tiny House","Runic Dome"],"picked":"Busted Crown"},{"not_picked":["Philosopher\u0027s Stone","WristBlade"],"picked":"Cursed Key"}],"items_purged_floors":[20,53],"is_endless":false,"potions_floor_spawned":[3,4,6,12,18,29,33,38,39,40,45,46,47,48],"ascension_level":13}}