{"host":"f7rb14kzcw8hx1r1","time":1611179839,"event":{"mods":["BaseMod","Better Note","Better Third Choice","Colored Map","Highlight Path","Hubris","Minty Spire (QoL Compilation)","Replay The Spire","StSLib","The Forsaken"],"gold_per_floor":[110,126,145,145,12,12,37,37,61,61,90,100,100,113,113,215,215,228,247,247,263,282,317,317,317,395,395,448,473,473,483,483,583,583,599,263,263,111,161,194,194,226,226,226,3,3,16,47,47,47],"floor_reached":51,"language":"ENG","playtime":2223,"items_purged":["Strike_B","Strike_B","Strike_B"],"score":804,"play_id":"d5679122-9c2f-4ea8-ba87-47d074365b72","local_time":"20210120225719","is_ascension_mode":false,"campfire_choices":[{"data":"Zap","floor":6.0,"key":"SMITH"},{"data":"Coolheaded","floor":8.0,"key":"SMITH"},{"data":"Dualcast","floor":10.0,"key":"SMITH"},{"data":"Hologram","floor":13.0,"key":"SMITH"},{"data":"hubris:Ukulele","floor":15.0,"key":"SMITH"},{"data":"After Image","floor":24.0,"key":"SMITH"},{"data":"Defragment","floor":27.0,"key":"SMITH"},{"data":"Creative AI","floor":30.0,"key":"SMITH"},{"data":"Leap","floor":32.0,"key":"SMITH"},{"floor":41,"key":"REST"},{"data":"Echo Form","floor":46,"key":"SMITH"},{"data":"Defragment","floor":49,"key":"SMITH"}],"circlet_count":0,"master_deck":["Defend_B","Defend_B","Defend_B","Defend_B","Zap+1","Dualcast+1","Echo Form+1","Hologram+1","Leap+1","Coolheaded+1","Pot Of Greed+1","Pot Of Greed+1","Ball Lightning","hubris:Ukulele+1","Creative AI+1","After Image+1","Self Repair","White Noise+1","Defragment+1","Self Repair+1","Electrodynamics","Conserve Battery+1","Pot Of Greed","FIFO Queue","Cold Snap","Leap+1","Ball Lightning+1","Machine Learning","Storm","Defragment+1"],"relics":["Cracked Core","Replay:Wax Seal","Snack Pack","hubris:TenFootPole","Grinning Jar","SlaversCollar","Prayer Wheel","Nunchaku","theForsaken:Lifeblossom","Pear","Gremlin Horn","Matryoshka","Philosopher\u0027s Stone","hubris:SoftwareUpdate","CaptainsWheel","Gremlin Food","Akabeko","War Paint","theForsaken:Gavel","ReplayTheSpireMod:Lightbulb"],"acts_visited":["Exordium","TheCity","TheBeyond"],"potions_floor_usage":[48,50],"damage_taken":[{"damage":2.0,"enemies":"Small Slimes","floor":1.0,"turns":4.0},{"damage":1.0,"enemies":"Cultist","floor":2.0,"turns":3.0},{"damage":1.0,"enemies":"Jaw Worm","floor":3.0,"turns":5.0},{"damage":31.0,"enemies":"Gremlin Nob","floor":7.0,"turns":4.0},{"damage":0.0,"enemies":"3 Sentries","floor":11.0,"turns":9.0},{"damage":0.0,"enemies":"2 Fungi Beasts","floor":12.0,"turns":4.0},{"damage":5.0,"enemies":"Looter","floor":14.0,"turns":2.0},{"damage":10.0,"enemies":"The Guardian","floor":16.0,"turns":8.0},{"damage":5.0,"enemies":"Chosen","floor":18.0,"turns":4.0},{"damage":1.0,"enemies":"3 Byrds","floor":19.0,"turns":3.0},{"damage":14.0,"enemies":"Snake Plant","floor":21.0,"turns":4.0},{"damage":25.0,"enemies":"Centurion and Healer","floor":22.0,"turns":12.0},{"damage":17.0,"enemies":"Gremlin Leader","floor":23.0,"turns":6.0},{"damage":21.0,"enemies":"Book of Stabbing","floor":29.0,"turns":8.0},{"damage":7.0,"enemies":"Shelled Parasite and Fungi","floor":31.0,"turns":9.0},{"damage":8.0,"enemies":"Champ","floor":33.0,"turns":10.0},{"damage":6,"enemies":"3 Darklings","floor":35,"turns":4},{"damage":0,"enemies":"Mind Bloom Boss Battle","floor":39,"turns":5},{"damage":57,"enemies":"Nemesis","floor":40,"turns":9},{"damage":1,"enemies":"R_Hoarder","floor":42,"turns":8},{"damage":0,"enemies":"3 Shapes","floor":47,"turns":3},{"damage":12,"enemies":"Nemesis","floor":48,"turns":9},{"damage":41,"enemies":"Awakened One","floor":50,"turns":9}],"seed_played":"7412205950163150773","potions_obtained":[{"floor":0.0,"key":"Milkshake"},{"floor":0.0,"key":"ColorlessPotion"},{"floor":0.0,"key":"AttackPotion"},{"floor":2.0,"key":"Weak Potion"},{"floor":3.0,"key":"LiquidBronze"},{"floor":11.0,"key":"Adrenaline Potion"},{"floor":12.0,"key":"SteroidPotion"},{"floor":18.0,"key":"Regen Potion"},{"floor":23.0,"key":"LifebloodPotion"},{"floor":28.0,"key":"ColorlessPotion"},{"floor":31.0,"key":"BlessingOfTheForge"},{"floor":39,"key":"FearPotion"},{"floor":42,"key":"Swift Potion"},{"floor":47,"key":"DuplicationPotion"},{"floor":48,"key":"SpeedPotion"}],"is_trial":false,"path_per_floor":["M","M","M","?","$","R","E","R","T","R","E","M","R","M","R","B",null,"M","M","?","M","M","E","R","?","T","R","?","E","R","M","R","B",null,"M","$","?","$","?","E","R","E","T","?","$","R","M","E","R","B",null],"character_chosen":"DEFECT","items_purchased":["Replay:Wax Seal","Leap","hubris:SoftwareUpdate","Cold Snap","FocusPotion","Dexterity Potion"],"campfire_rested":1,"item_purchase_floors":[5,5,36,38,45,45],"current_hp_per_floor":[73,72,71,71,71,71,40,40,40,40,40,40,40,35,35,27,75,72,71,71,59,58,50,50,50,60,60,50,58,58,71,71,85,85,85,85,85,85,85,45,70,85,85,81,81,81,81,81,81,55],"gold":47,"neow_bonus":"THREE_SMALL_POTIONS","is_daily":false,"chose_seed":false,"campfire_upgraded":11,"win_rate":0.0,"timestamp":1611179839,"path_taken":["M","M","M","?","$","R","E","R","T","R","E","M","R","?","R","BOSS","M","M","?","M","M","E","R","?","T","R","?","E","R","M","R","BOSS","M","$","?","$","?","E","R","E","T","?","$","R","?","E","R","BOSS"],"items_purchased_type":["Relic","Card","Relic","Card","Potion","Potion"],"build_version":"2020-12-22","purchased_purges":3,"victory":true,"max_hp_per_floor":[75,75,75,75,75,75,75,75,75,75,75,75,75,75,75,75,75,75,75,75,75,75,75,75,75,85,85,85,85,85,85,85,85,85,85,85,85,85,85,85,85,85,85,81,81,81,81,81,81,81],"card_choices":[{"not_picked":["Genetic Algorithm","BasicCrystalCard","Stack"],"picked":"SKIP","floor":1.0},{"not_picked":["Cold Snap","Turbo"],"picked":"Echo Form","floor":2.0},{"not_picked":["Recycle","Rip and Tear"],"picked":"Hologram","floor":3.0},{"not_picked":["Consume","ReplaySort"],"picked":"Coolheaded","floor":7.0},{"not_picked":["ReplayTheSpireMod:Repulse","Hello World","Lockon"],"picked":"SKIP","floor":11.0},{"not_picked":["Conserve Battery","Hologram"],"picked":"Ball Lightning","floor":12.0},{"not_picked":["Turbo","Sweeping Beam"],"picked":"hubris:Ukulele","floor":14.0},{"not_picked":["Echo Form","Multi-Cast"],"picked":"ReplayTheSpireMod:Fabricate Wheel","floor":16.0},{"not_picked":["Gash","Stack+1","Streamline"],"picked":"SKIP","floor":18.0},{"not_picked":["Sweeping Beam+1","Coolheaded","Barrage"],"picked":"SKIP","floor":18.0},{"not_picked":["BasicCrystalCard","Force Field"],"picked":"Creative AI","floor":19.0},{"not_picked":["Streamline","Sweeping Beam","Compile Driver"],"picked":"SKIP","floor":19.0},{"not_picked":["ReplayTheSpireMod:System Scan+1","Conserve Battery"],"picked":"Self Repair","floor":21.0},{"not_picked":["Redo","Coolheaded+1","Skim"],"picked":"SKIP","floor":21.0},{"not_picked":["Sweeping Beam","Gash+1"],"picked":"White Noise+1","floor":22.0},{"not_picked":["Fusion","Cold Snap","Redo"],"picked":"SKIP","floor":22.0},{"not_picked":["Go for the Eyes+1","Ball Lightning"],"picked":"Defragment","floor":23.0},{"not_picked":["Cold Snap+1","Rebound+1"],"picked":"Self Repair","floor":28.0},{"not_picked":["Heatsinks","Turbo","Creative AI"],"picked":"SKIP","floor":29.0},{"not_picked":["Aggregate+1","Recycle","Doom and Gloom+1"],"picked":"SKIP","floor":31.0},{"not_picked":["Coolheaded","Stack+1","ReplaySolidLightProjector"],"picked":"SKIP","floor":31.0},{"not_picked":["Core Surge","Biased Cognition"],"picked":"Electrodynamics","floor":33.0},{"not_picked":["Doom and Gloom+1","Redo+1"],"picked":"Conserve Battery+1","floor":35},{"not_picked":["ReplayGash+1","Auto Shields+1"],"picked":"FIFO Queue","floor":35},{"not_picked":["Steam+1","Streamline+1"],"picked":"Leap+1","floor":39},{"not_picked":["Sweeping Beam+1","Double Energy+1"],"picked":"Ball Lightning+1","floor":40},{"not_picked":["Hello World+1","Streamline+1","Gash+1"],"picked":"SKIP","floor":42},{"not_picked":["Gash+1","Go for the Eyes+1"],"picked":"Machine Learning","floor":47},{"not_picked":["Recycle+1","Redo+1"],"picked":"Storm","floor":47},{"not_picked":["Time Bomb","Turbo+1"],"picked":"Defragment","floor":48}],"player_experience":922832,"relics_obtained":[{"floor":7.0,"key":"Snack Pack"},{"floor":9.0,"key":"hubris:TenFootPole"},{"floor":11.0,"key":"Grinning Jar"},{"floor":23.0,"key":"Nunchaku"},{"floor":26.0,"key":"Pear"},{"floor":28.0,"key":"Gremlin Horn"},{"floor":29.0,"key":"Matryoshka"},{"floor":39,"key":"CaptainsWheel"},{"floor":40,"key":"Gremlin Food"},{"floor":42,"key":"Akabeko"},{"floor":43,"key":"War Paint"},{"floor":43,"key":"theForsaken:Gavel"},{"floor":48,"key":"ReplayTheSpireMod:Lightbulb"}],"event_choices":[{"cards_removed":["Strike_B"],"damage_healed":0.0,"max_hp_gain":0.0,"max_hp_loss":0.0,"gold_gain":0.0,"event_name":"Purifier","player_choice":"Purged","floor":4.0,"gold_loss":0.0,"damage_taken":0.0},{"cards_removed":["Creative AI"],"damage_healed":0.0,"max_hp_gain":0.0,"max_hp_loss":0.0,"gold_gain":0.0,"event_name":"betterNote:BetterNote","player_choice":"Take \u0026 Give","floor":20.0,"gold_loss":0.0,"damage_taken":0.0,"cards_obtained":["After Image"]},{"damage_healed":0,"gold_gain":0,"player_choice":"Fight","damage_taken":0,"max_hp_gain":0,"max_hp_loss":0,"event_name":"MindBloom","floor":39,"gold_loss":0},{"damage_healed":0,"gold_gain":0,"player_choice":"Max HP","damage_taken":0,"max_hp_gain":0,"max_hp_loss":4,"event_name":"Winding Halls","floor":44,"gold_loss":0}],"is_beta":false,"boss_relics":[{"not_picked":["Honey Jar","hubris:VirtuousBlindfold"],"picked":"SlaversCollar"},{"not_picked":["Runic Pyramid","Replay:Drink Me"],"picked":"Philosopher\u0027s Stone"}],"items_purged_floors":[36,38,45],"is_endless":false,"potions_floor_spawned":[2,3,11,12,14,18,23,31,39,42,47,48],"ascension_level":0}}