{"host":"hn99riirbf0lv0ml","time":1611165203,"event":{"mods":["AchievementEnabler","Act Like it!","Bard","BaseMod","Beaked The Cultist","Colored Map","Colored Powertips","Conspire","Duelist Mod","Friendly Minions","Gensokyo","GifTheSpireLib","Glutton Mod","Halation","Jorbs\u0027s Wanderer Trilogy","Mad Scientist","Marisa????????","Minty Spire (QoL Compilation)","Rare Cards Sparkle","Replay The Spire","StSLib","The Blackbeard","The Bug Knight","The Construct","The Cursed","The Disciple","The Mystic","The Runesmith","The Servant 0.9.4","The Witch"],"gold_per_floor":[114,114,125,50,62,62,73,73,96,109,9,9,29,61,61,61,61],"floor_reached":16,"language":"ENG","playtime":5591,"items_purged":["Defend_P","Defend_P"],"score":92,"play_id":"f2023a9d-566e-46eb-ba5f-c768c437d637","local_time":"20210120125323","is_ascension_mode":false,"campfire_choices":[{"floor":6,"key":"REST"},{"floor":8,"key":"REST"},{"floor":12,"key":"REST"},{"floor":15,"key":"REST"}],"circlet_count":0,"master_deck":["Strike_P","Strike_P","Strike_P","Strike_P","Defend_P","Defend_P","Eruption","Vigilance","Strike_Witch","Defend_B","Halt+1","EmptyMind","Replay:AtTheReady","WheelKick","PathToVictory","Halt","Swivel"],"relics":["PureWater","halation:BlackBeret"],"acts_visited":["Exordium"],"potions_floor_usage":[7,16],"damage_taken":[{"damage":10,"enemies":"2 Louse","floor":1,"turns":3},{"damage":43,"enemies":"Cultist","floor":3,"turns":10},{"damage":6,"enemies":"conspire:RoseBush","floor":5,"turns":3},{"damage":8,"enemies":"Exordium Thugs","floor":7,"turns":6},{"damage":53,"enemies":"Red Slaver","floor":10,"turns":7},{"damage":17,"enemies":"Exordium Wildlife","floor":13,"turns":4},{"damage":33,"enemies":"Hexaghost","floor":16,"turns":11}],"seed_played":"-7820439432833643965","potions_obtained":[{"floor":1,"key":"StancePotion"},{"floor":5,"key":"Swift Potion"},{"floor":10,"key":"construct:ShiftPotion"}],"is_trial":false,"path_per_floor":["M","?","M","$","M","R","M","R","T","M","$","R","M","?","R","B"],"character_chosen":"WATCHER","items_purchased":[],"campfire_rested":4,"item_purchase_floors":[],"current_hp_per_floor":[76,76,33,33,27,52,44,69,69,16,16,41,24,3,28,0,0],"gold":61,"neow_bonus":"TWENTY_PERCENT_HP_BONUS","is_daily":false,"chose_seed":false,"campfire_upgraded":0,"win_rate":0.0,"timestamp":1611165203,"path_taken":["M","?","M","$","?","R","?","R","T","M","?","R","M","?","R","BOSS"],"items_purchased_type":[],"build_version":"2020-12-22","purchased_purges":2,"victory":false,"max_hp_per_floor":[86,86,86,86,86,86,86,86,86,86,86,86,86,86,86,86,86],"card_choices":[{"not_picked":["ClearTheMind","DeceiveReality"],"picked":"Halt","floor":1},{"not_picked":["Crescendo","Indignation"],"picked":"EmptyMind","floor":3},{"not_picked":["FlurryOfBlows","EmptyFist"],"picked":"Replay:AtTheReady","floor":5},{"not_picked":["EmptyMind","FlyingSleeves"],"picked":"WheelKick","floor":7},{"not_picked":["Conclude","EmptyBody"],"picked":"PathToVictory","floor":10},{"not_picked":["DeceiveReality","Replay:Vibes"],"picked":"Halt","floor":13},{"not_picked":["Vengeance","ThirdEye"],"picked":"Swivel","floor":14}],"player_experience":180624,"relics_obtained":[{"floor":14,"key":"halation:BlackBeret"}],"event_choices":[{"damage_healed":0,"gold_gain":0,"player_choice":"Forge","damage_taken":0,"max_hp_gain":0,"max_hp_loss":0,"event_name":"Accursed Blacksmith","floor":2,"gold_loss":0,"cards_upgraded":["Halt"]}],"is_beta":false,"boss_relics":[],"items_purged_floors":[4,11],"is_endless":false,"potions_floor_spawned":[1,5,10],"killed_by":"Hexaghost","ascension_level":0}}