{"host":"l84l8xigz5v5foa2","time":1611133170,"event":{"mods":["2.2 Compatiblity","AchievementEnabler","BaseMod","Better Note","Better Vampires","Card Filter","Colored Map","DeckTracker","Downfall","Gremlin Skip","Highlight Path","Keyboard Shortcuts","Minty Spire (QoL Compilation)","Permanent Neow","Quick Restart","Relic Filter","Relic Stats","StSLib","SuperFastMode","Transform Curses","Unknown Chances"],"gold_per_floor":[99,112,122,135,135,135,135,150,150,185,185,204,204,219,235,235,235,235],"floor_reached":16,"language":"ENG","playtime":468,"items_purged":[],"score":208,"play_id":"79fe2ff5-d083-4463-8cdc-dea77041684b","local_time":"20210120175930","is_ascension_mode":true,"campfire_choices":[{"data":"hexamod:Float","floor":1.0,"key":"SMITH"},{"data":"hexamod:SoulSteal","floor":9.0,"key":"SMITH"},{"data":"Good Instincts","floor":11,"key":"SMITH"}],"circlet_count":0,"master_deck":["AscendersBane","hexamod:Strike","hexamod:Strike","hexamod:Strike","hexamod:Defend","hexamod:Defend","hexamod:Defend","hexamod:Sear","hexamod:Float+1","Good Instincts+1","hexamod:HauntingEcho","hexamod:Hexaguard","hexamod:SoulSteal+1","hexamod:NightmareStrike+1","hexamod:FastForward","hexamod:SpectersWail+1"],"relics":["hexamod:SpiritBrand","Black Star","HornCleat","Molten Egg 2","Pen Nib"],"acts_visited":["Exordium"],"potions_floor_usage":[10,14,16,16],"damage_taken":[{"damage":0.0,"enemies":"Jaw Worm","floor":2.0,"turns":4.0},{"damage":0.0,"enemies":"Small Slimes","floor":3.0,"turns":3.0},{"damage":0.0,"enemies":"Cultist","floor":4.0,"turns":3.0},{"damage":0.0,"enemies":"2 Fungi Beasts","floor":8.0,"turns":3.0},{"damage":4,"enemies":"Lagavulin","floor":10,"turns":6},{"damage":0,"enemies":"Lots of Slimes","floor":12,"turns":3},{"damage":2,"enemies":"3 Louse","floor":14,"turns":4},{"damage":6,"enemies":"Exordium Thugs","floor":15,"turns":4},{"damage":59,"enemies":"WA_ARCHETYPE_RETAIN","floor":16,"turns":7}],"seed_played":"-5255543951246978732","potions_obtained":[{"floor":4.0,"key":"DistilledChaos"},{"floor":8.0,"key":"EssenceOfSteel"},{"floor":13,"key":"Regen Potion"},{"floor":14,"key":"hexamod:EctoCoolerPotion"}],"is_trial":false,"path_per_floor":["R","M","M","M","?","?","T","M","R","E","R","M","?","M","M","B"],"character_chosen":"THE_SPIRIT","items_purchased":[],"campfire_rested":0,"item_purchase_floors":[],"current_hp_per_floor":[57,57,57,57,57,57,57,57,57,53,53,53,53,63,57,0,0,0],"gold":235,"neow_bonus":"RANDOM_COLORLESS","is_daily":false,"chose_seed":false,"campfire_upgraded":3,"win_rate":0.0,"timestamp":1611133170,"path_taken":["R","M","M","M","?","?","T","M","R","E","R","?","?","M","M","BOSS"],"items_purchased_type":[],"build_version":"2020-12-22","purchased_purges":0,"victory":false,"max_hp_per_floor":[63,63,63,63,63,63,63,63,63,63,63,63,63,63,63,63,63,63],"relic_stats":{"counters":[9,37],"Pen Nib":[2],"Black Star":1,"obtain_stats":[{"HornCleat":7,"Molten Egg 2":10,"Pen Nib":10,"Black Star":0,"hexamod:SpiritBrand":0},{"HornCleat":3,"Molten Egg 2":5,"Pen Nib":5,"Black Star":0,"hexamod:SpiritBrand":0},{"HornCleat":10,"Molten Egg 2":19,"Pen Nib":19,"Black Star":0,"hexamod:SpiritBrand":0}]},"card_choices":[{"not_picked":["Impatience","Purity"],"picked":"Good Instincts","floor":0.0},{"not_picked":["hexamod:ShieldOfDarkness","hexamod:HeatCrush"],"picked":"hexamod:HauntingEcho","floor":2.0},{"not_picked":["hexamod:NightmareGuise","hexamod:GhostflameInferno"],"picked":"hexamod:Hexaguard","floor":3.0},{"not_picked":["hexamod:NightmareGuise","hexamod:FlamesFromBeyond","hexamod:EtherealExpedition"],"picked":"SKIP","floor":4.0},{"not_picked":["hexamod:NightmareStrike","hexamod:BacktrackSmack"],"picked":"hexamod:SoulSteal","floor":8.0},{"not_picked":["hexamod:ExtraCrispy","hexamod:ShieldOfDarkness"],"picked":"hexamod:NightmareStrike+1","floor":10},{"not_picked":["hexamod:InspiringFlames","hexamod:GhostLash+1"],"picked":"hexamod:FastForward","floor":12},{"not_picked":["hexamod:HeatShield","hexamod:FastForward","hexamod:RecurringNightmare"],"picked":"SKIP","floor":14},{"not_picked":["hexamod:ShieldOfDarkness","hexamod:GhostShield"],"picked":"hexamod:SpectersWail+1","floor":15}],"player_experience":3312252,"relics_obtained":[{"floor":7.0,"key":"HornCleat"},{"floor":10,"key":"Molten Egg 2"},{"floor":10,"key":"Pen Nib"}],"event_choices":[{"damage_healed":0,"gold_gain":0,"player_choice":"Got Potions","damage_taken":0,"max_hp_gain":0,"max_hp_loss":0,"event_name":"Lab","floor":13,"gold_loss":0}],"is_beta":false,"boss_relics":[],"items_purged_floors":[],"is_endless":false,"potions_floor_spawned":[4,8,14],"killed_by":"WA_ARCHETYPE_RETAIN","ascension_level":20}}