{"host":"qgrlfjrqk9z96gfi","time":1611120604,"event":{"mods":["BaseMod","Block Reminder","Colored Map","Custom Start","DeckTracker","Minty Spire (QoL Compilation)"],"gold_per_floor":[412,103,178,193,203,234,234,234,234,234,266,266,266,266],"floor_reached":13,"language":"ENG","playtime":346,"items_purged":["Strike_G"],"score":182,"play_id":"313c8ffb-7ee9-4c95-acf3-94b4fca7feeb","local_time":"20210119193004","is_ascension_mode":true,"campfire_choices":[{"data":"Envenom","floor":8,"key":"SMITH"},{"data":"Footwork","floor":10,"key":"SMITH"},{"floor":12,"key":"REST"}],"circlet_count":0,"master_deck":["AscendersBane","Strike_G","Strike_G","Strike_G","Strike_G","Defend_G+1","Defend_G","Defend_G","Defend_G+1","Defend_G","Survivor","Neutralize","CurseOfTheBell","Cloak And Dagger","Accuracy","Blade Dance","Envenom+1","Footwork+1","Parasite","Infinite Blades+1"],"relics":["Calling Bell","War Paint","Question Card","Old Coin","TheAbacus","Eternal Feather","Frozen Egg 2","Tiny Chest"],"acts_visited":["Exordium"],"potions_floor_usage":[6,13],"damage_taken":[{"damage":12,"enemies":"Jaw Worm","floor":1,"turns":7},{"damage":1,"enemies":"Small Slimes","floor":4,"turns":4},{"damage":0,"enemies":"Cultist","floor":5,"turns":4},{"damage":26,"enemies":"Gremlin Nob","floor":6,"turns":4},{"damage":28,"enemies":"3 Sentries","floor":11,"turns":9},{"damage":55,"enemies":"Gremlin Nob","floor":13,"turns":4}],"seed_played":"1692425003033903135","potions_obtained":[{"floor":1,"key":"BlessingOfTheForge"},{"floor":11,"key":"AttackPotion"}],"is_trial":false,"path_per_floor":["M","$","?","M","M","E","?","R","T","R","E","R","E"],"character_chosen":"THE_SILENT","items_purchased":["Accuracy","TheAbacus"],"campfire_rested":1,"item_purchase_floors":[2,2],"current_hp_per_floor":[47,47,36,35,35,9,25,34,34,43,15,46,0,0],"gold":266,"neow_bonus":"BOSS_RELIC","is_daily":false,"chose_seed":false,"campfire_upgraded":2,"win_rate":0.0,"timestamp":1611120604,"path_taken":["M","$","?","M","M","E","?","R","T","R","E","R","E"],"items_purchased_type":["Card","Relic"],"build_version":"2020-12-22","purchased_purges":1,"victory":false,"max_hp_per_floor":[66,66,66,66,66,66,66,66,66,66,66,66,66,66],"card_choices":[{"not_picked":["Expertise","Dagger Spray","Outmaneuver"],"picked":"Cloak And Dagger","floor":1},{"not_picked":["Bane","Distraction","Poisoned Stab"],"picked":"Blade Dance","floor":4},{"not_picked":["Slice","Flechettes","Cloak And Dagger"],"picked":"Envenom","floor":5},{"not_picked":["Leg Sweep","Noxious Fumes","Predator"],"picked":"Footwork","floor":6},{"not_picked":["Bane","Tools of the Trade+1","Choke"],"picked":"Infinite Blades+1","floor":11}],"player_experience":1034650,"relics_obtained":[{"floor":0,"key":"War Paint"},{"floor":0,"key":"Question Card"},{"floor":0,"key":"Old Coin"},{"floor":6,"key":"Eternal Feather"},{"floor":9,"key":"Frozen Egg 2"},{"floor":11,"key":"Tiny Chest"}],"event_choices":[{"damage_healed":0,"gold_gain":75,"player_choice":"Gather Gold","damage_taken":11,"max_hp_gain":0,"max_hp_loss":0,"event_name":"World of Goop","floor":3,"gold_loss":0},{"damage_healed":16,"gold_gain":0,"player_choice":"Healed and dodged fight","damage_taken":0,"max_hp_gain":0,"max_hp_loss":0,"event_name":"Mushrooms","floor":7,"gold_loss":0,"cards_obtained":["Parasite"]}],"is_beta":false,"boss_relics":[],"items_purged_floors":[2],"is_endless":false,"potions_floor_spawned":[1,11],"killed_by":"Gremlin Nob","ascension_level":20}}