{"host":"ewfe3cr33ktd9xzj","time":1611120042,"event":{"mods":["AchievementEnabler","Arknights The Spire","BaseMod","Colored Map","Custom Start","DeckTracker","Minty Spire (QoL Compilation)","Permanent Neow","Quick Restart","Rare Cards Sparkle","StSLib","everything is the same but u backflip on backflip"],"gold_per_floor":[118,129,129,54,74,105,119,119,119,138,171,250,250,3,3,99,99,99],"floor_reached":17,"language":"KOR","playtime":804,"items_purged":["ats:Strike C","ats:Armor Crushing Shot"],"score":165,"play_id":"3c2f0585-6a38-4ab0-9cee-8dcc9f83d754","local_time":"20210120142042","is_ascension_mode":false,"campfire_choices":[{"data":"ats:Demon Strength","floor":8,"key":"SMITH"},{"data":"ats:Encircling Forest","floor":13,"key":"SMITH"},{"data":"ats:Cat Scratch","floor":15,"key":"SMITH"}],"circlet_count":0,"master_deck":["ats:Strike G","ats:Strike V","ats:Defend","ats:Defend","ats:Defend","ats:Defend","ats:Emotion Absorption","ats:Hammer On","ats:Cat Scratch+1","ats:Closed Bolt Burst Fire","ats:Encircling Forest+1","ats:Demon Strength+1","Envenom"],"relics":["ats:Tactical Delivery","ats:Originium","Dead Branch","Blue Candle","Eternal Feather","Bottled Lightning","PrismaticShard","ats:Omniscience"],"acts_visited":["Exordium","TheCity"],"potions_floor_usage":[6,11,16],"damage_taken":[{"damage":0,"enemies":"Small Slimes","floor":1,"turns":3},{"damage":6,"enemies":"Jaw Worm","floor":2,"turns":3},{"damage":0,"enemies":"Cultist","floor":5,"turns":3},{"damage":9,"enemies":"Gremlin Nob","floor":6,"turns":4},{"damage":6,"enemies":"Lots of Slimes","floor":7,"turns":3},{"damage":0,"enemies":"Exordium Wildlife","floor":10,"turns":1},{"damage":18,"enemies":"3 Sentries","floor":11,"turns":6},{"damage":25,"enemies":"The Guardian","floor":16,"turns":11}],"seed_played":"7029492012323190157","potions_obtained":[{"floor":2,"key":"SkillPotion"},{"floor":7,"key":"AttackPotion"},{"floor":11,"key":"SkillPotion"}],"is_trial":false,"path_per_floor":["M","M","?","$","M","E","M","R","T","M","E","T","R","$","R","B",null],"character_chosen":"DOCTOR_CLASS","items_purchased":["PrismaticShard"],"campfire_rested":0,"item_purchase_floors":[14],"current_hp_per_floor":[72,66,66,66,66,57,51,51,51,51,33,33,39,39,45,20,72,72],"gold":99,"neow_bonus":"BOSS_RELIC","is_daily":false,"chose_seed":false,"campfire_upgraded":3,"win_rate":0.0,"timestamp":1611120042,"path_taken":["M","M","?","$","M","E","M","R","T","M","E","?","R","$","R","BOSS"],"items_purchased_type":["Relic"],"build_version":"2020-12-22","purchased_purges":2,"victory":false,"max_hp_per_floor":[72,72,72,72,72,72,72,72,72,72,72,72,72,72,72,72,72,72],"card_choices":[{"not_picked":["ats:Apocalypse","ats:Poison Spread"],"picked":"ats:Hammer On","floor":1},{"not_picked":["ats:Healing Drone","ats:Childhood Dance"],"picked":"ats:Cat Scratch","floor":2},{"not_picked":["ats:Apocalypse","ats:Flexible Camouflage"],"picked":"ats:Encircling Forest","floor":5},{"not_picked":["ats:Assault Order","ats:Part Time Job","ats:Powerful Strike"],"picked":"SKIP","floor":6},{"not_picked":["ats:Flexible Camouflage","ats:Consecutive Shot Auto"],"picked":"ats:Demon Strength","floor":7},{"not_picked":["ats:Automatic Cover","ats:Red Shift","ats:Ignite"],"picked":"SKIP","floor":10},{"not_picked":["ats:Composite Medical Shells","ats:Healing Strengthening","ats:Thorns"],"picked":"SKIP","floor":11},{"not_picked":["ats:Rat Pack","ats:Fractured Body"],"picked":"Envenom","floor":16}],"player_experience":52001,"relics_obtained":[{"floor":6,"key":"ats:Originium"},{"floor":6,"key":"Dead Branch"},{"floor":9,"key":"Blue Candle"},{"floor":11,"key":"Eternal Feather"},{"floor":12,"key":"Bottled Lightning"}],"event_choices":[{"damage_healed":0,"gold_gain":0,"cards_transformed":["ats:Strike S"],"player_choice":"Change","damage_taken":0,"max_hp_gain":0,"max_hp_loss":0,"event_name":"Living Wall","floor":3,"gold_loss":0,"cards_obtained":["ats:Closed Bolt Burst Fire"]}],"is_beta":false,"boss_relics":[{"not_picked":["Ectoplasm","Tiny House"],"picked":"ats:Omniscience"}],"items_purged_floors":[4,14],"is_endless":false,"potions_floor_spawned":[2,7,11],"ascension_level":0}}