{"host":"iphsb0ccnjx0pfn6","time":1611107520,"event":{"mods":["2.2 Compatiblity","AchievementEnabler","BaseMod","Colored Map","DeckTracker","Keyboard Shortcuts","Minty Spire (QoL Compilation)","Permanent Neow","Quick Restart","Relic Stats","StSLib","SuperFastMode","Uncapped","everything is the same but u backflip on backflip"],"gold_per_floor":[109,34,50,70,83,83,93,93,174,174,194,210,210,235,235,307,307,265,282,282,182,182,182,11,35,62,62,79,79,93,41,41,41,41],"floor_reached":33,"language":"KOR","playtime":780,"items_purged":["Strike_G","Defend_G"],"score":594,"play_id":"7315be0d-12fe-4ae6-841b-20fcd4e2a84e","local_time":"20210120105200","is_ascension_mode":true,"campfire_choices":[{"data":"Caltrops","floor":6.0,"key":"SMITH"},{"data":"Neutralize","floor":10.0,"key":"SMITH"},{"data":"Bouncing Flask","floor":15.0,"key":"SMITH"},{"data":"Adrenaline","floor":23.0,"key":"SMITH"},{"data":"Tactician","floor":29.0,"key":"SMITH"},{"data":"Burst","floor":32,"key":"SMITH"}],"circlet_count":0,"master_deck":["AscendersBane","Defend_G","Defend_G","Defend_G","Defend_G","Survivor","Neutralize+1","PiercingWail","Sucker Punch","Quick Slash","Caltrops+1","Bouncing Flask+1","Tactician+1","Dagger Throw","Adrenaline+1","Burst+1","Crippling Poison+1","Acrobatics"],"relics":["Ring of the Snake","FossilizedHelix","Empty Cage","Nilry\u0027s Codex","TheAbacus","Akabeko","Strawberry"],"acts_visited":["Exordium","TheCity"],"potions_floor_usage":[33,33],"damage_taken":[{"damage":0.0,"enemies":"Cultist","floor":1.0,"turns":4.0},{"damage":3.0,"enemies":"2 Louse","floor":3.0,"turns":4.0},{"damage":0.0,"enemies":"Small Slimes","floor":4.0,"turns":3.0},{"damage":8.0,"enemies":"Exordium Wildlife","floor":5.0,"turns":4.0},{"damage":8.0,"enemies":"Large Slime","floor":7.0,"turns":6.0},{"damage":0.0,"enemies":"2 Fungi Beasts","floor":11.0,"turns":4.0},{"damage":9.0,"enemies":"Looter","floor":12.0,"turns":4.0},{"damage":23.0,"enemies":"Gremlin Nob","floor":14.0,"turns":4.0},{"damage":0.0,"enemies":"Hexaghost","floor":16.0,"turns":7.0},{"damage":15.0,"enemies":"2 Thieves","floor":18.0,"turns":5.0},{"damage":0.0,"enemies":"3 Byrds","floor":19.0,"turns":2.0},{"damage":15.0,"enemies":"Sentry and Sphere","floor":28.0,"turns":6.0},{"damage":3,"enemies":"Centurion and Healer","floor":30,"turns":6},{"damage":0,"enemies":"Automaton","floor":33,"turns":6}],"seed_played":"6333952570335409107","potions_obtained":[{"floor":3.0,"key":"Block Potion"},{"floor":4.0,"key":"BlessingOfTheForge"},{"floor":7.0,"key":"SkillPotion"},{"floor":11.0,"key":"FearPotion"},{"floor":14.0,"key":"DuplicationPotion"},{"floor":28.0,"key":"PowerPotion"}],"is_trial":false,"path_per_floor":["M","$","M","M","M","R","M","?","T","R","M","M","?","E","R","B",null,"M","M","?","$","?","R","$","T","T","?","M","R","M","$","R","B"],"character_chosen":"THE_SILENT","items_purchased":["TheAbacus","Acrobatics"],"campfire_rested":0,"item_purchase_floors":[24,31],"current_hp_per_floor":[44,44,41,41,33,33,25,76,76,76,76,67,67,44,44,44,68,53,53,53,53,32,32,32,32,39,39,24,24,21,21,21,21,21],"gold":41,"neow_bonus":"RANDOM_COLORLESS_2","is_daily":false,"chose_seed":false,"campfire_upgraded":6,"win_rate":0.0,"timestamp":1611107520,"path_taken":["M","$","M","M","?","R","M","?","T","R","?","M","?","E","R","BOSS","M","M","?","$","?","R","$","?","T","?","M","R","M","?","R","BOSS"],"items_purchased_type":["Relic","Card"],"build_version":"2020-12-22","purchased_purges":2,"victory":false,"max_hp_per_floor":[66,66,66,66,66,66,66,76,76,76,76,76,76,76,76,76,76,76,76,76,76,76,76,76,76,83,83,83,83,83,83,83,83,83],"relic_stats":{"TheAbacus":[36],"counters":[14,65],"obtain_stats":[{"TheAbacus":24,"Nilry\u0027s Codex":22,"Strawberry":26,"Empty Cage":17,"FossilizedHelix":14,"Akabeko":25,"Ring of the Snake":0},{"TheAbacus":11,"Nilry\u0027s Codex":11,"Strawberry":11,"Empty Cage":9,"FossilizedHelix":8,"Akabeko":11,"Ring of the Snake":0},{"TheAbacus":47,"Nilry\u0027s Codex":47,"Strawberry":47,"Empty Cage":40,"FossilizedHelix":33,"Akabeko":47,"Ring of the Snake":0}],"Ring of the Snake":[28]},"card_choices":[{"not_picked":["Violence","Panache"],"picked":"Sadistic Nature","floor":0.0},{"not_picked":["Footwork","Deflect"],"picked":"PiercingWail","floor":1.0},{"not_picked":["Prepared","Flying Knee"],"picked":"Sucker Punch","floor":3.0},{"not_picked":["Flying Knee","Accuracy"],"picked":"Quick Slash","floor":4.0},{"not_picked":["Dash","Skewer"],"picked":"Caltrops","floor":5.0},{"not_picked":["Flying Knee","Blade Dance","Caltrops"],"picked":"SKIP","floor":7.0},{"not_picked":["Setup","Eviscerate"],"picked":"Bouncing Flask","floor":11.0},{"not_picked":["Poisoned Stab","Bullet Time"],"picked":"Tactician","floor":12.0},{"not_picked":["Prepared","Dash"],"picked":"Dagger Throw","floor":14.0},{"not_picked":["Venomology","Night Terror"],"picked":"Adrenaline","floor":16.0},{"not_picked":["Dagger Spray","Outmaneuver+1","Backflip"],"picked":"SKIP","floor":18.0},{"not_picked":["Outmaneuver","Setup"],"picked":"Burst","floor":19.0},{"not_picked":["Choke","Deadly Poison"],"picked":"Crippling Poison+1","floor":28.0},{"not_picked":["Dagger Throw","Endless Agony","Dodge and Roll+1"],"picked":"SKIP","floor":30}],"player_experience":1265772,"relics_obtained":[{"floor":14.0,"key":"FossilizedHelix"},{"floor":22.0,"key":"Nilry\u0027s Codex"},{"floor":25.0,"key":"Akabeko"},{"floor":26.0,"key":"Strawberry"}],"event_choices":[{"cards_removed":["Sadistic Nature"],"damage_healed":41.0,"max_hp_gain":10.0,"max_hp_loss":0.0,"gold_gain":0.0,"event_name":"Bonfire Elementals","player_choice":"Offered Rare","floor":8.0,"gold_loss":0.0,"damage_taken":0.0},{"cards_removed":["Strike_G"],"damage_healed":0.0,"max_hp_gain":0.0,"max_hp_loss":0.0,"gold_gain":0.0,"event_name":"Living Wall","player_choice":"Forget","floor":13.0,"gold_loss":0.0,"damage_taken":0.0},{"cards_removed":["Strike_G"],"damage_healed":0.0,"max_hp_gain":0.0,"max_hp_loss":0.0,"gold_gain":0.0,"event_name":"Back to Basics","player_choice":"Elegance","floor":20.0,"gold_loss":0.0,"damage_taken":0.0},{"damage_healed":0.0,"max_hp_gain":0.0,"max_hp_loss":0.0,"gold_gain":0.0,"event_name":"Cursed Tome","player_choice":"Obtained Book","floor":22.0,"gold_loss":0.0,"damage_taken":21.0},{"damage_healed":0.0,"max_hp_gain":0.0,"max_hp_loss":0.0,"gold_gain":0.0,"event_name":"The Mausoleum","player_choice":"Ignored","floor":27.0,"gold_loss":0.0,"damage_taken":0.0}],"is_beta":false,"boss_relics":[{"not_picked":["SlaversCollar","Sozu"],"picked":"Empty Cage"}],"items_purged_floors":[2,21],"is_endless":false,"potions_floor_spawned":[3,4,7,11,14,28,30],"killed_by":"Automaton","ascension_level":20}}