{"host":"vfh4a5lsno7fg1vy","time":1611158694,"event":{"mods":["BaseMod","Minty Spire (QoL Compilation)","StSLib","Synergy Search"],"gold_per_floor":[112,112,64,64,75,75,88,88,88,105,119,138,138,138,138,242,242,253,268,282,282,282],"floor_reached":21,"language":"KOR","playtime":875,"items_purged":[],"score":190,"play_id":"6af65e8c-be01-4a6b-a9b1-61dcb4251aa6","local_time":"20210121010454","is_ascension_mode":true,"campfire_choices":[{"floor":6,"key":"REST"},{"data":"Pommel Strike","floor":13,"key":"SMITH"},{"floor":15,"key":"REST"}],"circlet_count":0,"master_deck":["Strike_R","Strike_R","Strike_R","Strike_R","Strike_R","Defend_R","Defend_R","Defend_R","Bash","Anger","Perfected Strike","Perfected Strike","Flame Barrier","Cleave","Pommel Strike+1","Blood for Blood","Demon Form","Anger","Blood for Blood","Flex+1"],"relics":["Burning Blood","Darkstone Periapt","Bird Faced Urn","WingedGreaves","Ice Cream","Black Star"],"acts_visited":["Exordium","TheCity"],"potions_floor_usage":[16,16,19,21,21],"damage_taken":[{"damage":14,"enemies":"Jaw Worm","floor":1,"turns":3},{"damage":14,"enemies":"Small Slimes","floor":5,"turns":2},{"damage":1,"enemies":"2 Louse","floor":7,"turns":3},{"damage":11,"enemies":"Looter","floor":10,"turns":2},{"damage":15,"enemies":"Gremlin Gang","floor":11,"turns":5},{"damage":22,"enemies":"Exordium Wildlife","floor":12,"turns":3},{"damage":40,"enemies":"Hexaghost","floor":16,"turns":9},{"damage":24,"enemies":"Chosen","floor":18,"turns":4},{"damage":20,"enemies":"3 Byrds","floor":19,"turns":4},{"damage":33,"enemies":"Sentry and Sphere","floor":20,"turns":5},{"damage":32,"enemies":"3 Cultists","floor":21,"turns":3}],"seed_played":"-6980098725227503890","potions_obtained":[{"floor":1,"key":"Block Potion"},{"floor":7,"key":"FearPotion"},{"floor":11,"key":"Block Potion"},{"floor":12,"key":"SkillPotion"},{"floor":18,"key":"FearPotion"},{"floor":20,"key":"Strength Potion"}],"is_trial":false,"path_per_floor":["M","?","$","?","M","R","M","T","T","M","M","M","R","?","R","B",null,"M","M","M","M"],"character_chosen":"IRONCLAD","items_purchased":["Perfected Strike"],"campfire_rested":2,"item_purchase_floors":[3],"current_hp_per_floor":[72,60,60,53,45,69,74,74,74,69,60,44,44,44,68,34,80,64,52,25,0,0],"gold":282,"neow_bonus":"THREE_CARDS","is_daily":false,"chose_seed":false,"campfire_upgraded":1,"win_rate":0.0,"timestamp":1611158694,"path_taken":["M","?","$","?","M","R","M","?","T","M","M","M","R","?","R","BOSS","M","M","M","M"],"items_purchased_type":["Card"],"build_version":"2020-12-22","purchased_purges":0,"victory":false,"max_hp_per_floor":[80,80,80,80,80,80,80,80,80,80,80,80,80,80,80,80,80,80,80,80,80,80],"card_choices":[{"not_picked":["Twin Strike","Dark Embrace"],"picked":"Anger","floor":0},{"not_picked":["Disarm","Shrug It Off"],"picked":"Perfected Strike","floor":1},{"not_picked":["Dark Embrace","Bloodletting"],"picked":"Flame Barrier","floor":5},{"not_picked":["Sword Boomerang","Entrench"],"picked":"Cleave","floor":7},{"not_picked":["Feel No Pain","Sentinel","Reckless Charge"],"picked":"SKIP","floor":10},{"not_picked":["Anger","Sword Boomerang"],"picked":"Pommel Strike","floor":11},{"not_picked":["Iron Wave","Bloodletting"],"picked":"Blood for Blood","floor":12},{"not_picked":["Impervious","Berserk"],"picked":"Demon Form","floor":16},{"not_picked":["Hemokinesis","Seeing Red"],"picked":"Anger","floor":18},{"not_picked":["Warcry","Body Slam"],"picked":"Blood for Blood","floor":19},{"not_picked":["Dual Wield","Clothesline"],"picked":"Flex+1","floor":20}],"player_experience":216215,"relics_obtained":[{"floor":8,"key":"Bird Faced Urn"},{"floor":9,"key":"WingedGreaves"}],"event_choices":[{"damage_healed":0,"gold_gain":0,"player_choice":"Success","damage_taken":12,"relics_obtained":["Darkstone Periapt"],"max_hp_gain":0,"max_hp_loss":0,"event_name":"Scrap Ooze","floor":2,"gold_loss":0},{"cards_removed":["Defend_R"],"damage_healed":0,"gold_gain":0,"player_choice":"Card Removal","damage_taken":7,"max_hp_gain":0,"max_hp_loss":0,"event_name":"Golden Wing","floor":4,"gold_loss":0},{"damage_healed":0,"gold_gain":0,"player_choice":"Searched \u00271\u0027 times","damage_taken":0,"relics_obtained":["Ice Cream"],"max_hp_gain":0,"max_hp_loss":0,"event_name":"Dead Adventurer","floor":14,"gold_loss":0}],"is_beta":false,"boss_relics":[{"not_picked":["Snecko Eye","Astrolabe"],"picked":"Black Star"}],"items_purged_floors":[],"is_endless":false,"potions_floor_spawned":[1,7,11,12,18,20],"killed_by":"3 Cultists","ascension_level":2}}