{"host":"e3fr1g3um1afn0bb","time":1611107050,"event":{"mods":["2.2 Compatiblity","Act Like it!","Arknights The Spire","BaseMod","CapriCore","Colored Map","Custom Start","Hermit","Luminous","Marisa£¨Ùöéë¡¡Øª×âÞÞ£©","Minty Spire (QoL Compilation)","Prisma Mod","Rare Cards Sparkle","Shade Mod","StSLib","Td1madao Mod","The Alterego","The Animator","The Dragon Tamer","The Fake Hero","The Jungle","TheHero","WarShipGirlsR/??á´Ò³R mod","Yakumo Yukari mod"],"gold_per_floor":[18,8,20,33,46,46,75,75,75,75,75,75,148,162,162,260,260,272,272,272,272],"floor_reached":20,"language":"KOR","playtime":1239,"items_purged":[],"score":172,"play_id":"77fc6244-d36f-4d8a-9125-2144f7a4090f","local_time":"20210120104410","is_ascension_mode":false,"campfire_choices":[{"data":"ats:Part Time Job","floor":6,"key":"SMITH"},{"floor":8,"key":"REST"},{"data":"ats:Ignite","floor":10,"key":"SMITH"},{"floor":15,"key":"REST"}],"circlet_count":0,"master_deck":["ats:Strike C","ats:Strike G","ats:Strike S","ats:Strike V","ats:Armor Crushing Shot","ats:Defend","ats:Defend","ats:Defend","ats:Defend","ats:Emotion Absorption","Metamorphosis","ats:Poison Spread","ats:Part Time Job+1","ats:Apocalypse","ats:Spore Proliferation","ats:Hammer On","ats:Flexible Camouflage","ats:Ignite+1","ats:Directed Diagnosis","ats:Powerful Strike","ats:Assault Order","ats:Childhood Dance","ats:Explosion Area Strengthen","ats:Wolf Pack","ats:Fractured Body","ats:Collapsing Strike","ats:Demon Strength"],"relics":["ats:Sanity","ats:Originium","Ginger","Busted Crown"],"acts_visited":["Exordium","TheCity"],"potions_floor_usage":[1,7,20],"damage_taken":[{"damage":9,"enemies":"Small Slimes","floor":1,"turns":5},{"damage":10,"enemies":"2 Louse","floor":3,"turns":3},{"damage":10,"enemies":"Jaw Worm","floor":4,"turns":5},{"damage":35,"enemies":"Exordium Thugs","floor":5,"turns":6},{"damage":63,"enemies":"3 Sentries","floor":7,"turns":12},{"damage":5,"enemies":"2 Fungi Beasts","floor":14,"turns":4},{"damage":21,"enemies":"Slime Boss","floor":16,"turns":9},{"damage":80,"enemies":"3 Byrds","floor":18,"turns":5},{"damage":15,"enemies":"Shell Parasite","floor":20,"turns":3}],"seed_played":"2064701195398632978","potions_obtained":[{"floor":1,"key":"Fruit Juice"},{"floor":5,"key":"BlessingOfTheForge"},{"floor":7,"key":"SpeedPotion"},{"floor":16,"key":"CultistPotion"},{"floor":18,"key":"Swift Potion"}],"is_trial":false,"path_per_floor":["M","?","M","M","M","R","E","R","T","R","?","$","?","M","R","B",null,"M","?","M"],"character_chosen":"DOCTOR_CLASS","items_purchased":[],"campfire_rested":2,"item_purchase_floors":[],"current_hp_per_floor":[68,68,67,67,42,42,7,30,30,30,30,30,30,25,48,51,77,7,7,0,0],"gold":272,"neow_bonus":"RANDOM_COLORLESS_2","is_daily":false,"chose_seed":false,"campfire_upgraded":2,"win_rate":0.0,"timestamp":1611107050,"path_taken":["M","?","M","?","M","R","E","R","T","R","?","$","?","M","R","BOSS","M","?","M"],"items_purchased_type":[],"build_version":"2020-12-22","purchased_purges":0,"victory":false,"max_hp_per_floor":[77,77,77,77,77,77,77,77,77,77,77,77,77,77,77,77,77,77,77,77,77],"card_choices":[{"not_picked":["Secret Weapon","Violence"],"picked":"Metamorphosis","floor":0},{"not_picked":["ats:Childhood Dance","ats:Cat Scratch"],"picked":"ats:Poison Spread","floor":1},{"not_picked":[],"picked":"ats:Part Time Job","floor":2},{"not_picked":[],"picked":"ats:Apocalypse","floor":2},{"not_picked":["ats:Directed Diagnosis","ats:Very Hot Blade"],"picked":"ats:Spore Proliferation","floor":3},{"not_picked":["ats:Part Time Job","ats:Poison Spread"],"picked":"ats:Hammer On","floor":4},{"not_picked":["ats:Hammer On","ats:Assault Order"],"picked":"ats:Flexible Camouflage","floor":5},{"not_picked":["ats:Hammer On","ats:Support Order"],"picked":"ats:Ignite","floor":7},{"not_picked":["ats:Assault Order","ats:Ignite"],"picked":"ats:Wolf Pack","floor":14},{"not_picked":["ats:Disruption Kick","ats:Wolf Pack"],"picked":"ats:Fractured Body","floor":16},{"not_picked":[],"picked":"ats:Collapsing Strike","floor":18}],"player_experience":202624,"relics_obtained":[{"floor":7,"key":"ats:Originium"},{"floor":7,"key":"Ginger"}],"event_choices":[{"damage_healed":0,"gold_gain":73,"player_choice":"Gained Gold","damage_taken":0,"max_hp_gain":0,"max_hp_loss":0,"event_name":"Golden Wing","floor":13,"gold_loss":0},{"damage_healed":0,"gold_gain":0,"player_choice":"Read","damage_taken":0,"max_hp_gain":0,"max_hp_loss":0,"event_name":"The Library","floor":19,"gold_loss":0,"cards_obtained":["ats:Demon Strength"]}],"is_beta":false,"boss_relics":[{"not_picked":["Sozu","Snecko Eye"],"picked":"Busted Crown"}],"items_purged_floors":[],"is_endless":false,"potions_floor_spawned":[1,5,7,16,18],"killed_by":"Shell Parasite","ascension_level":0}}