{"host":"0bf1j2iyw2812bby","time":1611146437,"event":{"mods":["BaseMod","Colored Map","Downfall","Minty Spire (QoL Compilation)","StSLib"],"gold_per_floor":[99,113,113,127,127,158,212,228,254,264,64,81,100,17,31,31,31],"floor_reached":16,"language":"ENG","playtime":1845,"items_purged":[],"score":120,"play_id":"07d7ba8f-3176-496d-a080-b1c864259c47","local_time":"20210120074037","is_ascension_mode":true,"campfire_choices":[{"floor":1,"key":"RECALL"},{"floor":11,"key":"REST"}],"circlet_count":0,"master_deck":["bronze:Strike","bronze:Strike","bronze:Strike","bronze:Strike","bronze:Defend","bronze:Defend","bronze:Defend","bronze:Defend","bronze:Replicate","bronze:Goto","bronze:Repulsor","bronze:OilSpill","bronze:DazingPulse","bronze:Boost","bronze:Repulsor","bronze:Backtrace","bronze:FineTuning","bronze:ChosenStrike","bronze:ChosenStrike","bronze:Constructor","bronze:ChildClass","bronze:InfiniteBeams"],"relics":["SacredBark","InkBottle","Letter Opener","Centennial Puzzle","downfall:HeartBlessingRed","downfall:HeartBlessingBlue"],"acts_visited":["Exordium"],"potions_floor_usage":[9,16],"damage_taken":[{"damage":1,"enemies":"Cultist","floor":2,"turns":4},{"damage":2,"enemies":"2 Louse","floor":4,"turns":4},{"damage":0,"enemies":"2 Louse","floor":5,"turns":3},{"damage":32,"enemies":"Lagavulin","floor":6,"turns":9},{"damage":0,"enemies":"Jaw Worm","floor":8,"turns":3},{"damage":14,"enemies":"Gremlin Nob","floor":9,"turns":4},{"damage":8,"enemies":"Large Slime","floor":10,"turns":7},{"damage":4,"enemies":"Gremlin Gang","floor":12,"turns":4},{"damage":0,"enemies":"2 Fungi Beasts","floor":13,"turns":3},{"damage":0,"enemies":"downfall:FleeingMerchant","floor":14,"turns":4},{"damage":10,"enemies":"Lots of Slimes","floor":15,"turns":3},{"damage":42,"enemies":"WA_ARCHETYPE_RETAIN","floor":16,"turns":7}],"seed_played":"-2459892374612347139","potions_obtained":[{"floor":5,"key":"SkillPotion"},{"floor":8,"key":"Swift Potion"},{"floor":10,"key":"hexamod:SoulburnPotion"},{"floor":15,"key":"Weak Potion"}],"is_trial":false,"path_per_floor":["R","M","T","M","?","E","T","M","E","M","R","M","M","$","M","B"],"character_chosen":"THE_AUTOMATON","items_purchased":["bronze:InfiniteBeams"],"campfire_rested":1,"item_purchase_floors":[14],"current_hp_per_floor":[70,69,69,67,67,35,35,35,21,13,47,43,43,43,33,0,0],"gold":31,"neow_bonus":"BOSS_RELIC","is_daily":false,"chose_seed":false,"campfire_upgraded":0,"win_rate":0.0,"timestamp":1611146437,"path_taken":["R","?","?","M","?","E","T","M","E","M","R","M","M","?","M","BOSS"],"items_purchased_type":["Card"],"build_version":"2020-12-13","purchased_purges":0,"victory":false,"max_hp_per_floor":[70,70,70,70,70,70,70,70,70,70,80,80,80,80,80,80,80],"card_choices":[{"not_picked":["bronze:WhirlingStrike","bronze:DelayedGuard"],"picked":"bronze:Repulsor","floor":2},{"not_picked":["bronze:WhirlingStrike","bronze:Constructor"],"picked":"bronze:OilSpill","floor":4},{"not_picked":[],"picked":"bronze:DazingPulse","floor":5},{"not_picked":["bronze:NullPointer","bronze:DelayedGuard"],"picked":"bronze:Boost","floor":5},{"not_picked":["bronze:ClassDefault","bronze:Flail"],"picked":"bronze:Repulsor","floor":6},{"not_picked":["bronze:FineTuning","bronze:Turbo"],"picked":"bronze:Backtrace","floor":8},{"not_picked":["bronze:HardenedForm","bronze:Philosophize"],"picked":"bronze:FineTuning","floor":9},{"not_picked":["bronze:DelayedGuard","bronze:DelayedSlice"],"picked":"bronze:ChosenStrike","floor":10},{"not_picked":["bronze:Flail","bronze:Frontload"],"picked":"bronze:ChosenStrike","floor":12},{"not_picked":["bronze:BitShift","bronze:CutThrough"],"picked":"bronze:Constructor","floor":13},{"not_picked":["bronze:ChosenStrike","bronze:WildBeam"],"picked":"bronze:ChildClass","floor":14},{"not_picked":["bronze:WhirlingStrike","bronze:Backtrace","bronze:Invalidate"],"picked":"SKIP","floor":15}],"player_experience":363191,"relics_obtained":[{"floor":3,"key":"InkBottle"},{"floor":6,"key":"Letter Opener"},{"floor":9,"key":"Centennial Puzzle"}],"event_choices":[],"is_beta":false,"boss_relics":[],"items_purged_floors":[],"is_endless":false,"potions_floor_spawned":[5,8,10,15],"killed_by":"WA_ARCHETYPE_RETAIN","ascension_level":1}}