{"host":"9n6i2vl93jt4o42q","time":1611147916,"event":{"mods":["BaseMod","Minty Spire (QoL Compilation)","Relic Stats"],"gold_per_floor":[117,132,132,151,163,163,163,438,463,463,488,488,67,86,86,86,86],"floor_reached":16,"language":"ENG","playtime":3477,"items_purged":["Regret"],"score":200,"play_id":"e2b0c4cb-61c8-4257-820b-9fdd1baf1596","local_time":"20210120140516","is_ascension_mode":true,"campfire_choices":[{"data":"Cloak And Dagger","floor":6.0,"key":"SMITH"},{"data":"Quick Slash","floor":10.0,"key":"SMITH"},{"floor":12.0,"key":"REST"},{"data":"Well Laid Plans","floor":15.0,"key":"SMITH"}],"circlet_count":0,"master_deck":["AscendersBane","Strike_G","Strike_G","Strike_G","Defend_G","Defend_G","Defend_G","Defend_G","Defend_G","Survivor","Neutralize+1","Quick Slash+1","Deadly Poison","Reflex","Dagger Throw","Cloak And Dagger+1","Unload","Tactician","Well Laid Plans+1","Deflect"],"relics":["Ring of the Snake","Ancient Tea Set","Tiny Chest","Bag of Marbles"],"acts_visited":["Exordium"],"potions_floor_usage":[16],"damage_taken":[{"damage":3.0,"enemies":"Cultist","floor":1.0,"turns":5.0},{"damage":0.0,"enemies":"Jaw Worm","floor":2.0,"turns":4.0},{"damage":0.0,"enemies":"2 Louse","floor":4.0,"turns":3.0},{"damage":11.0,"enemies":"Lots of Slimes","floor":5.0,"turns":4.0},{"damage":35.0,"enemies":"Lagavulin","floor":11.0,"turns":8.0},{"damage":0.0,"enemies":"2 Fungi Beasts","floor":14.0,"turns":1.0},{"damage":26,"enemies":"Hexaghost","floor":16,"turns":11}],"seed_played":"-7788798899790681065","potions_obtained":[{"floor":2.0,"key":"Swift Potion"},{"floor":4.0,"key":"Poison Potion"},{"floor":5.0,"key":"PowerPotion"}],"is_trial":false,"path_per_floor":["M","M","?","M","M","R","?","?","T","R","E","R","$","M","R","B"],"character_chosen":"THE_SILENT","items_purchased":["Tactician","Well Laid Plans","Bag of Marbles"],"campfire_rested":1,"item_purchase_floors":[13,13,13],"current_hp_per_floor":[56,56,56,56,45,45,38,38,38,38,3,22,22,22,22,0,0],"gold":86,"neow_bonus":"UPGRADE_CARD","is_daily":false,"chose_seed":false,"campfire_upgraded":3,"win_rate":0.0,"timestamp":1611147916,"path_taken":["M","M","?","M","M","R","?","?","T","R","E","R","$","M","R","BOSS"],"items_purchased_type":["Card","Card","Relic"],"build_version":"2020-12-22","purchased_purges":1,"victory":false,"max_hp_per_floor":[66,66,66,66,66,66,66,66,66,66,66,66,66,66,66,66,66],"relic_stats":{"counters":[7,36],"Tiny Chest":0,"obtain_stats":[{"Tiny Chest":11,"Bag of Marbles":13,"Ancient Tea Set":9,"Ring of the Snake":0},{"Tiny Chest":5,"Bag of Marbles":5,"Ancient Tea Set":4,"Ring of the Snake":0},{"Tiny Chest":24,"Bag of Marbles":24,"Ancient Tea Set":16,"Ring of the Snake":0}],"Ring of the Snake":[14]},"card_choices":[{"not_picked":["Catalyst","Endless Agony"],"picked":"Quick Slash","floor":1.0},{"not_picked":["Catalyst","Backflip"],"picked":"Deadly Poison","floor":2.0},{"not_picked":["Dagger Spray","Dash"],"picked":"Dagger Throw","floor":4.0},{"not_picked":["Reflex","Dagger Spray"],"picked":"Cloak And Dagger","floor":5.0},{"not_picked":["Sucker Punch","PiercingWail"],"picked":"Unload","floor":11.0},{"not_picked":["Slice","Deadly Poison"],"picked":"Deflect","floor":14.0}],"player_experience":2169482,"relics_obtained":[{"floor":9.0,"key":"Ancient Tea Set"},{"floor":11.0,"key":"Tiny Chest"}],"event_choices":[{"damage_healed":0.0,"max_hp_gain":0.0,"max_hp_loss":0.0,"gold_gain":0.0,"cards_transformed":["Strike_G"],"event_name":"Living Wall","player_choice":"Change","floor":3.0,"gold_loss":0.0,"damage_taken":0.0,"cards_obtained":["Reflex"]},{"cards_removed":["Strike_G"],"damage_healed":0.0,"max_hp_gain":0.0,"max_hp_loss":0.0,"gold_gain":0.0,"event_name":"Golden Wing","player_choice":"Card Removal","floor":7.0,"gold_loss":0.0,"damage_taken":7.0},{"damage_healed":0.0,"max_hp_gain":0.0,"max_hp_loss":0.0,"gold_gain":275.0,"event_name":"Golden Shrine","player_choice":"Desecrate","floor":8.0,"gold_loss":0.0,"damage_taken":0.0,"cards_obtained":["Regret"]}],"is_beta":false,"boss_relics":[],"items_purged_floors":[13],"is_endless":false,"potions_floor_spawned":[2,4,5],"killed_by":"Hexaghost","ascension_level":20}}