{"host":"g2kelmgng7xf1xjg","time":1611121403,"event":{"mods":["BaseMod","Bestiary","Highlight Path","Minty Spire (QoL Compilation)","Relic Stats","StSLib"],"gold_per_floor":[10,26,38,55,67,92,92,127,127,186,186,197,197,197],"floor_reached":13,"language":"ENG","playtime":1082,"items_purged":[],"score":121,"play_id":"19b427f9-e695-40f3-a4db-f00d649d7805","local_time":"20210119234323","is_ascension_mode":true,"campfire_choices":[{"data":"Cold Snap","floor":7,"key":"SMITH"},{"floor":11,"key":"REST"}],"circlet_count":0,"master_deck":["Strike_B","Strike_B","Strike_B","Strike_B","Defend_B","Defend_B","Defend_B","Defend_B","Zap","Dualcast","Doom and Gloom","Cold Snap+1","Steam","Go for the Eyes","Compile Driver","Hologram","Loop","Multi-Cast"],"relics":["Cracked Core","Turnip","Kunai","Ginger","Pen Nib","Blood Vial"],"acts_visited":["Exordium"],"potions_floor_usage":[6,10,10],"damage_taken":[{"damage":8,"enemies":"Small Slimes","floor":1,"turns":3},{"damage":4,"enemies":"Jaw Worm","floor":2,"turns":4},{"damage":0,"enemies":"Cultist","floor":3,"turns":3},{"damage":7,"enemies":"Red Slaver","floor":4,"turns":3},{"damage":0,"enemies":"Blue Slaver","floor":5,"turns":3},{"damage":19,"enemies":"3 Sentries","floor":6,"turns":7},{"damage":23,"enemies":"Gremlin Nob","floor":8,"turns":4},{"damage":12,"enemies":"Gremlin Nob","floor":10,"turns":4},{"damage":12,"enemies":"Gremlin Gang","floor":12,"turns":4},{"damage":30,"enemies":"Lagavulin","floor":13,"turns":4}],"seed_played":"2447756058274966814","potions_obtained":[{"floor":1,"key":"SneckoOil"},{"floor":5,"key":"Strength Potion"},{"floor":8,"key":"SkillPotion"}],"is_trial":false,"path_per_floor":["M","M","M","M","M","E","R","E","T","?","R","M","E"],"character_chosen":"DEFECT","items_purchased":[],"campfire_rested":1,"item_purchase_floors":[],"current_hp_per_floor":[67,63,63,56,56,37,37,14,14,2,24,14,0,0],"gold":197,"neow_bonus":"ONE_RARE_RELIC","is_daily":false,"chose_seed":false,"campfire_upgraded":1,"win_rate":0.0,"timestamp":1611121403,"path_taken":["M","M","M","M","M","E","R","E","T","?","R","M","E"],"items_purchased_type":[],"build_version":"2020-12-22","purchased_purges":0,"victory":false,"max_hp_per_floor":[75,75,75,75,75,75,75,75,75,75,75,75,75,75],"relic_stats":{"Blood Vial":4,"counters":[10,39],"Turnip":[0],"Pen Nib":[1],"Kunai":[6],"Ginger":[3],"obtain_stats":[{"Blood Vial":10,"Turnip":0,"Pen Nib":9,"Kunai":6,"Ginger":8,"Cracked Core":0},{"Blood Vial":8,"Turnip":0,"Pen Nib":7,"Kunai":6,"Ginger":7,"Cracked Core":0},{"Blood Vial":31,"Turnip":0,"Pen Nib":27,"Kunai":23,"Ginger":27,"Cracked Core":0}]},"card_choices":[{"not_picked":["White Noise","Sweeping Beam"],"picked":"Doom and Gloom","floor":1},{"not_picked":["Hologram","Sweeping Beam"],"picked":"Cold Snap","floor":2},{"not_picked":["White Noise","Gash"],"picked":"Steam","floor":3},{"not_picked":["Gash","Steam"],"picked":"Go for the Eyes","floor":4},{"not_picked":["Chill","Turbo"],"picked":"Compile Driver","floor":5},{"not_picked":["Force Field","Hello World"],"picked":"Hologram","floor":6},{"not_picked":["Steam Power","Go for the Eyes"],"picked":"Loop","floor":8},{"not_picked":["Reprogram","Turbo"],"picked":"Multi-Cast","floor":10},{"not_picked":["Stack","Ball Lightning","Compile Driver"],"picked":"SKIP","floor":12}],"player_experience":992989,"relics_obtained":[{"floor":6,"key":"Kunai"},{"floor":8,"key":"Ginger"},{"floor":9,"key":"Pen Nib"},{"floor":10,"key":"Blood Vial"}],"event_choices":[{"damage_healed":0,"gold_gain":0,"player_choice":"Searched \u00271\u0027 times","damage_taken":0,"max_hp_gain":0,"max_hp_loss":0,"event_name":"Dead Adventurer","floor":10,"gold_loss":0}],"is_beta":false,"boss_relics":[],"items_purged_floors":[],"is_endless":false,"potions_floor_spawned":[1,5,8],"killed_by":"Lagavulin","ascension_level":5}}