{"host":"26mrfot5w7uj2ebc","time":1611159146,"event":{"mods":["AchievementEnabler","BaseMod","Colored Map","Curses Come First","Minty Spire (QoL Compilation)","StSLib"],"gold_per_floor":[116,131,131,56,56,56,76,86,86,86,104,118,118,193,193,294,294,307,232,10,23,23,23,42,141,190,190,190,208,208,226,226,329,329,342,150,166,216,216,216,251,251,328,328,206,206,223,234,234,234,234,234,5,39,39,39],"floor_reached":55,"language":"KOR","playtime":2054,"items_purged":["Strike_R","Strike_R"],"score":635,"play_id":"f1da466d-f3b4-4fb8-ac16-6c1afb5c4005","local_time":"20210121011226","is_ascension_mode":false,"campfire_choices":[{"data":"Battle Trance","floor":6.0,"key":"SMITH"},{"floor":13.0,"key":"RECALL"},{"data":"Bash","floor":15.0,"key":"SMITH"},{"floor":23.0,"key":"REST"},{"floor":28.0,"key":"REST"},{"data":"Rampage","floor":32.0,"key":"SMITH"},{"data":"Limit Break","floor":40.0,"key":"SMITH"},{"data":"Enlightenment","floor":42.0,"key":"SMITH"},{"data":"Shockwave","floor":49.0,"key":"SMITH"},{"data":"Clothesline","floor":52.0,"key":"SMITH"}],"circlet_count":0,"master_deck":["Strike_R","Strike_R","Defend_R","Defend_R","Defend_R","Bash+1","Inflame","Battle Trance+1","Cleave","Impervious","Sword Boomerang","Intimidate+1","Shockwave+1","Rampage+1","Metallicize","Pummel+1","Limit Break+1","Inflame","Clothesline+1","Armaments+1","Enlightenment+1","Dark Shackles","Infernal Blade","Limit Break"],"relics":["Black Blood","NeowsBlessing","Blue Candle","Gambling Chip","Matryoshka","Magic Flower","SacredBark","Membership Card","Vajra","Pantograph","Lantern","WingedGreaves","Blood Vial","Self Forming Clay","InkBottle","Omamori","Bronze Scales","Lizard Tail","ClockworkSouvenir","Bottled Flame"],"acts_visited":["Exordium","TheCity","TheBeyond","TheEnding"],"potions_floor_usage":[],"damage_taken":[{"damage":0.0,"enemies":"Cultist","floor":1.0,"turns":1.0},{"damage":0.0,"enemies":"Jaw Worm","floor":2.0,"turns":1.0},{"damage":0.0,"enemies":"Small Slimes","floor":7.0,"turns":1.0},{"damage":16.0,"enemies":"Looter","floor":8.0,"turns":3.0},{"damage":1.0,"enemies":"Large Slime","floor":11.0,"turns":5.0},{"damage":13.0,"enemies":"3 Louse","floor":12.0,"turns":3.0},{"damage":46.0,"enemies":"The Guardian","floor":16.0,"turns":13.0},{"damage":11.0,"enemies":"3 Byrds","floor":18.0,"turns":7.0},{"damage":41.0,"enemies":"2 Thieves","floor":21.0,"turns":4.0},{"damage":36.0,"enemies":"Shelled Parasite and Fungi","floor":24.0,"turns":6.0},{"damage":33.0,"enemies":"Snecko","floor":29.0,"turns":6.0},{"damage":20.0,"enemies":"Cultist and Chosen","floor":31.0,"turns":6.0},{"damage":37.0,"enemies":"Collector","floor":33.0,"turns":10.0},{"damage":25.0,"enemies":"Orb Walker","floor":35.0,"turns":4.0},{"damage":45.0,"enemies":"3 Darklings","floor":37.0,"turns":6.0},{"damage":22.0,"enemies":"Mind Bloom Boss Battle","floor":38.0,"turns":6.0},{"damage":19.0,"enemies":"Nemesis","floor":41.0,"turns":5.0},{"damage":12.0,"enemies":"Maw","floor":47.0,"turns":6.0},{"damage":22.0,"enemies":"Jaw Worm Horde","floor":48.0,"turns":4.0},{"damage":72.0,"enemies":"Time Eater","floor":50.0,"turns":8.0},{"damage":69.0,"enemies":"Shield and Spear","floor":54.0,"turns":8.0},{"damage":132,"enemies":"The Heart","floor":55,"turns":8}],"seed_played":"-4395870749666343158","potions_obtained":[{"floor":1.0,"key":"SteroidPotion"},{"floor":7.0,"key":"Fire Potion"},{"floor":8.0,"key":"Weak Potion"},{"floor":16.0,"key":"Strength Potion"},{"floor":18.0,"key":"SpeedPotion"},{"floor":29.0,"key":"Fire Potion"},{"floor":35.0,"key":"Weak Potion"},{"floor":47.0,"key":"Fire Potion"},{"floor":48.0,"key":"FearPotion"}],"is_trial":false,"path_per_floor":["M","M","?","$","?","R","M","M","T","?","M","M","R","?","R","B",null,"M","?","$","M","?","R","M","?","T","?","R","M","?","M","R","B",null,"M","$","M","?","?","R","E","R","T","T","$","?","M","M","R","B",null,"R","$","E","B"],"character_chosen":"IRONCLAD","items_purchased":["Membership Card","Vajra","Lantern","Inflame","Clothesline","Bronze Scales","Dark Shackles","Lizard Tail","ClockworkSouvenir"],"campfire_rested":2,"item_purchase_floors":[20,20,36,36,36,45,45,53,53],"current_hp_per_floor":[80,80,62,62,62,62,68,58,58,58,66,62,62,51,51,14,80,78,78,78,46,46,70,43,43,43,43,67,43,43,32,32,42,80,73,73,46,76,76,76,75,75,75,75,75,80,80,76,76,26,80,80,80,29,0,0],"gold":39,"neow_bonus":"THREE_ENEMY_KILL","is_daily":false,"chose_seed":false,"campfire_upgraded":7,"win_rate":0.0,"timestamp":1611159146,"path_taken":["M","?","?","$","?","R","M","M","T","?","M","M","R","?","R","BOSS","M","?","$","M","?","R","M","?","T","?","R","M","?","M","R","BOSS","M","$","M","?","?","R","E","R","T","?","$","?","M","M","R","BOSS","R","$","E","BOSS"],"items_purchased_type":["Relic","Relic","Relic","Card","Card","Relic","Card","Relic","Relic"],"build_version":"2020-12-22","purchased_purges":2,"victory":false,"max_hp_per_floor":[80,80,80,80,80,80,80,80,80,80,80,80,80,80,80,80,80,80,80,80,80,80,80,80,80,80,80,80,80,80,80,80,80,80,80,80,80,80,80,80,80,80,80,80,80,80,80,80,80,80,80,80,80,80,80,80],"card_choices":[{"not_picked":["Battle Trance","Perfected Strike"],"picked":"Inflame","floor":1.0},{"not_picked":["Shrug It Off","Carnage"],"picked":"Battle Trance","floor":2.0},{"not_picked":["Havoc","True Grit","Dropkick"],"picked":"SKIP","floor":7.0},{"not_picked":["Carnage","Iron Wave","Anger"],"picked":"SKIP","floor":8.0},{"not_picked":["True Grit","Havoc"],"picked":"Cleave","floor":11.0},{"not_picked":["Body Slam","Armaments","Dropkick"],"picked":"SKIP","floor":12.0},{"not_picked":["Juggernaut","Demon Form"],"picked":"Impervious","floor":16.0},{"not_picked":["Shrug It Off","Heavy Blade+1"],"picked":"Sword Boomerang","floor":18.0},{"not_picked":["Body Slam","Iron Wave+1"],"picked":"Intimidate+1","floor":21.0},{"not_picked":["Rupture","Dark Embrace+1"],"picked":"Metallicize","floor":24.0},{"not_picked":["Double Tap","Dual Wield"],"picked":"Pummel+1","floor":29.0},{"not_picked":["Flex","Pommel Strike","Shrug It Off"],"picked":"SKIP","floor":31.0},{"not_picked":["Juggernaut","Berserk"],"picked":"Limit Break","floor":33.0},{"not_picked":["Burning Pact","Dark Embrace+1","Clash+1"],"picked":"SKIP","floor":35.0},{"not_picked":["Flex+1","Clothesline","Iron Wave"],"picked":"SKIP","floor":37.0},{"not_picked":["Whirlwind","Second Wind+1"],"picked":"Armaments+1","floor":38.0},{"not_picked":["Mayhem","HandOfGreed"],"picked":"Enlightenment","floor":39.0},{"not_picked":["Power Through+1","Wild Strike","Shrug It Off"],"picked":"SKIP","floor":41.0},{"not_picked":["Reckless Charge+1","Rage","Clash+1"],"picked":"SKIP","floor":47.0},{"not_picked":["Flex","Iron Wave"],"picked":"Infernal Blade","floor":48.0},{"not_picked":["Impervious","Heavy Blade+1"],"picked":"Limit Break","floor":54.0}],"player_experience":228939,"relics_obtained":[{"floor":9.0,"key":"Matryoshka"},{"floor":26.0,"key":"Pantograph"},{"floor":38.0,"key":"WingedGreaves"},{"floor":41.0,"key":"Blood Vial"},{"floor":43.0,"key":"Self Forming Clay"},{"floor":43.0,"key":"InkBottle"},{"floor":44.0,"key":"Omamori"},{"floor":54.0,"key":"Bottled Flame"}],"event_choices":[{"damage_healed":0.0,"max_hp_gain":0.0,"max_hp_loss":0.0,"gold_gain":0.0,"event_name":"Scrap Ooze","player_choice":"Success","floor":3.0,"gold_loss":0.0,"damage_taken":18.0,"relics_obtained":["Blue Candle"]},{"damage_healed":0.0,"max_hp_gain":0.0,"max_hp_loss":0.0,"gold_gain":0.0,"event_name":"Big Fish","player_choice":"Box","floor":5.0,"gold_loss":0.0,"damage_taken":0.0,"relics_obtained":["Gambling Chip"],"cards_obtained":["Regret"]},{"damage_healed":0.0,"max_hp_gain":0.0,"max_hp_loss":0.0,"gold_gain":0.0,"event_name":"Dead Adventurer","player_choice":"Searched \u00271\u0027 times","floor":10.0,"gold_loss":0.0,"damage_taken":0.0,"relics_obtained":["Magic Flower"]},{"damage_healed":0.0,"max_hp_gain":0.0,"max_hp_loss":0.0,"gold_gain":75.0,"event_name":"World of Goop","player_choice":"Gather Gold","floor":14.0,"gold_loss":0.0,"damage_taken":11.0},{"cards_removed":["Regret"],"damage_healed":0.0,"max_hp_gain":0.0,"max_hp_loss":0.0,"gold_gain":0.0,"event_name":"Beggar","player_choice":"Gave Gold","floor":19.0,"gold_loss":75.0,"damage_taken":0.0},{"damage_healed":0.0,"max_hp_gain":0.0,"max_hp_loss":0.0,"gold_gain":0.0,"cards_transformed":["Strike_R","Defend_R"],"event_name":"Drug Dealer","player_choice":"Became Test Subject","floor":22.0,"gold_loss":0.0,"damage_taken":0.0,"cards_obtained":["Shockwave","Rampage"]},{"damage_healed":0.0,"max_hp_gain":0.0,"max_hp_loss":0.0,"gold_gain":99.0,"event_name":"Nest","player_choice":"Stole From Cult","floor":25.0,"gold_loss":0.0,"damage_taken":0.0},{"damage_healed":0.0,"max_hp_gain":0.0,"max_hp_loss":0.0,"gold_gain":0.0,"event_name":"Cursed Tome","player_choice":"Ignored","floor":27.0,"gold_loss":0.0,"damage_taken":0.0},{"damage_healed":0.0,"max_hp_gain":0.0,"max_hp_loss":0.0,"gold_gain":0.0,"event_name":"Ghosts","player_choice":"Ignored","floor":30.0,"gold_loss":0.0,"damage_taken":0.0},{"damage_healed":0.0,"max_hp_gain":0.0,"max_hp_loss":0.0,"gold_gain":0.0,"event_name":"MindBloom","player_choice":"Fight","floor":38.0,"gold_loss":0.0,"damage_taken":0.0},{"damage_healed":0.0,"max_hp_gain":0.0,"max_hp_loss":0.0,"gold_gain":0.0,"event_name":"SensoryStone","player_choice":"Memory 1","floor":39.0,"gold_loss":0.0,"damage_taken":0.0},{"damage_healed":20.0,"max_hp_gain":0.0,"max_hp_loss":0.0,"gold_gain":0.0,"event_name":"Winding Halls","player_choice":"Writhe","floor":46.0,"gold_loss":0.0,"damage_taken":0.0,"cards_obtained":["Writhe"]}],"is_beta":false,"boss_relics":[{"not_picked":["Black Star","Runic Pyramid"],"picked":"SacredBark"},{"not_picked":["Coffee Dripper","Pandora\u0027s Box"],"picked":"Black Blood"}],"items_purged_floors":[4,36],"is_endless":false,"potions_floor_spawned":[1,7,8,16,18,29,35,47,48],"killed_by":"The Heart","ascension_level":0}}