{"host":"78azdv0oxplymbah","time":1611132890,"event":{"mods":["Aspiration","BaseMod","Better Third Choice","BetterRewards","Challenge The Spire","Conspire","Highlight Path","Mimic Mod","Minty Spire (QoL Compilation)","MostiFishMod","Quick Restart","Relic Stats","Remove Card Discount Mod","Replay The Spire","RumiaBox-露米娅的神秘盒子","Spicy Shops","StSLib","TestMod","The Administrix","The Servant 0.9.4","UnlockEverythingMod","Waifu the Spire","vexMod","【功能Mod】混沌之环修复补丁","【遗物卡牌】REMEMod"],"gold_per_floor":[109,325,344,362,377,406,444,482,527,562,599,649,248,273,273,419,419,439,439,458,469,488,518,101,132,157,157,157],"floor_reached":27,"language":"ZHS","playtime":1043,"items_purged":["Pommel Strike","Pommel Strike","Flex","Rampage+1","Rampage+1","Rampage+1","Flex","Cleave","Rage","Rage","Rage","Infernal Blade","Infernal Blade","Infernal Blade","Combust","Combust","Anger","Anger","Anger","Rupture","Rupture","Thunderclap","Thunderclap","Sword Boomerang+1","testmod-Bloodthirsty","testmod-Bloodthirsty","Pommel Strike","Cleave","Flex","Sword Boomerang+1","Sword Boomerang+1","Sword Boomerang+1","Pain","Pain","testmod-Bloodthirsty","Pain","testmod-Bloodthirsty","testmod-BloodBlade","testmod-BloodBlade","testmod-BloodBlade","Warcry","Warcry","Warcry","Warcry","Warcry","Seeing Red","testmod-PerfectCombo","testmod-PerfectCombo","testmod-PerfectCombo","Sword Boomerang+1","Sword Boomerang+1","Seeing Red","Replay:Many Hands","Replay:Many Hands","Cleave","testmod-Bloodthirsty+1","MostiFishMod:CullingBlade+1","testmod-Bloodthirsty","testmod-Bloodthirsty+1"],"score":1526,"play_id":"e35b71f7-6e2a-406e-8b0b-80d721fa5a00","local_time":"20210120165450","daily_mods":["Draft","Hoarder","ControlledChaos","Colorless Cards","Heirloom","Time Dilation","Flight","Elite Swarm","Lethality"],"is_ascension_mode":true,"campfire_choices":[],"circlet_count":0,"master_deck":["Finesse","Finesse","Finesse","Combust+1","Rupture","testmod-Bloodthirsty","Flash of Steel+1","Flash of Steel+1","Flash of Steel+1","Thunderclap","Warcry","testmod-PerfectCombo","testmod-PerfectCombo","testmod-PerfectCombo","testmod-ChaoticCore","testmod-ChaoticCore","testmod-ChaoticCore","Replay:Many Hands","Limit Break","Limit Break","Limit Break","testmod-Bloodthirsty+1","MostiFishMod:CullingBlade+1","MostiFishMod:CullingBlade+1"],"relics":["Unceasing Top","DaveBox","Ring of Chaos","replay:Trail_Library","REME_ComplimentaryCards","testmod-TestBox","testmod-AscensionHeart","GuanYuAspect","testmod-Brilliant","SynthV:TestCard","CeramicFish","testmod-Muramasa","Replay:Kaleidoscope","Strawberry","Bottled Tornado","Baka2","Pen Nib","Anchor","Ice Cream","Sling","ZombieArmy","Medical Kit","MealTicket","Oddly Smooth Stone","Omamori","testmod-ConstraintPeriapt","ExusiaiGun","testmod-AssaultLearning","Brimstone","testmod-LifeArmor","vexMod:FocusSash","Art of War","Pet Ghost"],"acts_visited":["Exordium","TheCity"],"potions_floor_usage":[],"damage_taken":[{"damage":0.0,"enemies":"Cultist","floor":1.0,"turns":1.0},{"damage":0.0,"enemies":"2 Louse","floor":2.0,"turns":1.0},{"damage":0.0,"enemies":"Small Slimes","floor":3.0,"turns":1.0},{"damage":0.0,"enemies":"Exordium Thugs","floor":4.0,"turns":1.0},{"damage":0.0,"enemies":"Large Slime","floor":5.0,"turns":2.0},{"damage":0.0,"enemies":"3 Sentries","floor":6.0,"turns":1.0},{"damage":0.0,"enemies":"Lagavulin","floor":7.0,"turns":1.0},{"damage":0.0,"enemies":"3 Sentries","floor":8.0,"turns":1.0},{"damage":20.0,"enemies":"3 Louse","floor":9.0,"turns":3.0},{"damage":1.0,"enemies":"Gremlin Nob","floor":10.0,"turns":2.0},{"damage":0.0,"enemies":"Lagavulin","floor":11.0,"turns":1.0},{"damage":0.0,"enemies":"3 Sentries","floor":12.0,"turns":1.0},{"damage":0.0,"enemies":"Gremlin Nob","floor":14.0,"turns":1.0},{"damage":1.0,"enemies":"Hexaghost","floor":16.0,"turns":2.0},{"damage":20.0,"enemies":"Shell Parasite","floor":18.0,"turns":3.0},{"damage":0.0,"enemies":"3 Byrds","floor":20.0,"turns":1.0},{"damage":0.0,"enemies":"Centurion and Healer","floor":21.0,"turns":1.0},{"damage":0.0,"enemies":"Snecko","floor":22.0,"turns":2.0},{"damage":0.0,"enemies":"Gremlin Leader","floor":23.0,"turns":1.0},{"damage":0.0,"enemies":"Book of Stabbing","floor":25.0,"turns":1.0},{"damage":62,"enemies":"Slavers","floor":27,"turns":1}],"seed_played":"1444184873140226906","potions_obtained":[{"floor":1.0,"key":"Flashbang"},{"floor":6.0,"key":"REME_GoldPotion"},{"floor":10.0,"key":"SkillPotion"}],"is_trial":true,"path_per_floor":["M","M","M","M","M","E","E","E","MIM","E","E","E","$","E","R","B",null,"M","?","M","M","M","E","$","E","T","E"],"character_chosen":"IRONCLAD","items_purchased":["Sling","ZombieArmy","Medical Kit","MealTicket","Oddly Smooth Stone","Omamori","Brimstone","testmod-LifeArmor","vexMod:FocusSash"],"campfire_rested":0,"item_purchase_floors":[13,13,13,13,13,13,24,24,24],"current_hp_per_floor":[38,38,38,38,38,39,40,41,33,42,50,51,51,52,52,55,56,42,42,43,50,57,58,58,62,62,0,0],"gold":157,"neow_bonus":"","is_daily":false,"chose_seed":false,"campfire_upgraded":0,"win_rate":0.0,"timestamp":1611132890,"path_taken":["M","?","M","M","M","E","E","E","MIM","E","E","E","$","E","R","BOSS","M","?","M","M","M","E","$","E","T","E"],"items_purchased_type":["Relic","Relic","Relic","Relic","Relic","Relic","Relic","Relic","Relic"],"build_version":"2020-12-22","purchased_purges":59,"victory":false,"max_hp_per_floor":[38,38,38,38,38,39,40,41,48,49,50,51,51,52,52,57,57,57,57,57,57,57,58,58,62,62,62,62],"relic_stats":{"counters":[21,29],"CeramicFish":81,"MealTicket":0,"Pen Nib":[2],"Art of War":[0],"Medical Kit":[2],"obtain_stats":[{"Ice Cream":12,"DaveBox":0,"CeramicFish":6,"testmod-LifeArmor":24,"ExusiaiGun":17,"Bottled Tornado":9,"Sling":13,"testmod-AscensionHeart":0,"Pet Ghost":26,"testmod-Brilliant":0,"Baka2":10,"GuanYuAspect":0,"Strawberry":9,"MealTicket":13,"replay:Trail_Library":0,"ZombieArmy":13,"testmod-Muramasa":7,"testmod-TestBox":0,"Oddly Smooth Stone":13,"Ring of Chaos":0,"Pen Nib":10,"Baka":1,"Omamori":13,"Replay:Kaleidoscope":8,"vexMod:FocusSash":24,"testmod-ConstraintPeriapt":14,"Medical Kit":13,"Anchor":11,"SynthV:TestCard":1,"Brimstone":24,"testmod-AssaultLearning":23,"Art of War":25,"Unceasing Top":0,"REME_ComplimentaryCards":0},{"Ice Cream":12,"DaveBox":0,"CeramicFish":6,"testmod-LifeArmor":19,"ExusiaiGun":14,"Bottled Tornado":9,"Sling":12,"testmod-AscensionHeart":0,"Pet Ghost":20,"testmod-Brilliant":0,"Baka2":10,"GuanYuAspect":0,"Strawberry":9,"MealTicket":12,"replay:Trail_Library":0,"ZombieArmy":12,"testmod-Muramasa":7,"testmod-TestBox":0,"Oddly Smooth Stone":12,"Ring of Chaos":0,"Pen Nib":10,"Baka":1,"Omamori":12,"Replay:Kaleidoscope":8,"vexMod:FocusSash":19,"testmod-ConstraintPeriapt":13,"Medical Kit":12,"Anchor":11,"SynthV:TestCard":1,"Brimstone":19,"testmod-AssaultLearning":19,"Art of War":20,"Unceasing Top":0,"REME_ComplimentaryCards":0},{"Ice Cream":16,"DaveBox":0,"CeramicFish":7,"testmod-LifeArmor":27,"ExusiaiGun":19,"Bottled Tornado":12,"Sling":16,"testmod-AscensionHeart":0,"Pet Ghost":28,"testmod-Brilliant":0,"Baka2":14,"GuanYuAspect":0,"Strawberry":12,"MealTicket":16,"replay:Trail_Library":0,"ZombieArmy":16,"testmod-Muramasa":8,"testmod-TestBox":0,"Oddly Smooth Stone":16,"Ring of Chaos":0,"Pen Nib":14,"Baka":1,"Omamori":16,"Replay:Kaleidoscope":9,"vexMod:FocusSash":27,"testmod-ConstraintPeriapt":17,"Medical Kit":16,"Anchor":15,"SynthV:TestCard":1,"Brimstone":27,"testmod-AssaultLearning":27,"Art of War":28,"Unceasing Top":0,"REME_ComplimentaryCards":0}],"Unceasing Top":[0]},"card_choices":[{"not_picked":["Body Slam","Finesse"],"picked":"Infernal Blade","floor":0.0},{"not_picked":["Perfected Strike","Forethought"],"picked":"Pommel Strike","floor":0.0},{"not_picked":["ReplayTheSpireMod:Strike From Hell","Hemokinesis"],"picked":"Rage","floor":0.0},{"not_picked":["Run Through","Wild Strike"],"picked":"Cleave","floor":0.0},{"not_picked":["Anger","Searing Blow"],"picked":"Flex","floor":0.0},{"not_picked":["Replay:Sssssssssstrike","ReplayTheSpireMod:Trickstab"],"picked":"Rampage","floor":0.0},{"not_picked":["testmod-PainDetonator","testmod-HeadAttack"],"picked":"Finesse","floor":0.0},{"not_picked":["MostiFishMod:SupremeArchaeology","Body Slam"],"picked":"Combust","floor":0.0},{"not_picked":["Good Instincts","Bandage Up"],"picked":"Anger","floor":0.0},{"not_picked":["testmod-LimitFlipper","Body Slam"],"picked":"Rupture","floor":0.0},{"not_picked":["Hemokinesis","Clash"],"picked":"testmod-Bloodthirsty","floor":0.0},{"not_picked":["Body Slam","Blind"],"picked":"Flash of Steel","floor":0.0},{"not_picked":["Run Through","Warcry"],"picked":"Thunderclap","floor":0.0},{"not_picked":["True Grit","Iron Wave"],"picked":"Sword Boomerang","floor":0.0},{"not_picked":["Heavy Blade","Replay:Undeath\u0027s Touch"],"picked":"Warcry","floor":0.0},{"not_picked":["Replay:Sssssssssshield","Thunderclap","REME_SingleHolding"],"picked":"SKIP","floor":1.0},{"not_picked":["True Grit","Forethought","Clash","Headbutt"],"picked":"testmod-PerfectCombo","floor":2.0},{"not_picked":["Madness","Run Through","testmod-Provocation","Replay:Undeath\u0027s Touch"],"picked":"Warcry","floor":3.0},{"not_picked":["Evolve","Twin Strike","Replay:Undeath\u0027s Touch","testmod-ConditionedReflex","Shrug It Off"],"picked":"SKIP","floor":4.0},{"not_picked":["Sword Boomerang","Anger","REME_Scribble","Bludgeon"],"picked":"testmod-PerfectCombo","floor":5.0},{"not_picked":["Fiend Fire","testmod-RepeatForm","Brutality","MostiFishMod:OrdinaryWorld","testmod-VirtualReality"],"picked":"SKIP","floor":6.0},{"not_picked":["MostiFishMod:Chiaki","Corruption","testmod-Librarian","Midas Touch"],"picked":"testmod-ChaoticCore","floor":7.0},{"not_picked":["Brutality","Offering","testmod-Reproduce","REME_HeartOfCthun"],"picked":"Replay:Many Hands","floor":8.0},{"not_picked":["Life Link","Perfected Strike","testmod-HeadAttack","Run Through"],"picked":"Seeing Red","floor":9.0},{"not_picked":["Transmutation","vexMod:StairwayStrike","Offering","Juggernaut","testmod-TreasureHunter"],"picked":"SKIP","floor":10.0},{"not_picked":["MostiFishMod:KnuckleDown","Secret Weapon","MostiFishMod:OneDayCity","Crow Ritual"],"picked":"Limit Break","floor":11.0},{"not_picked":["MostiFishMod:TemporaryOutbreak","testmod-FightingIntention","MostiFishMod:Kaleido","Demon Form"],"picked":"testmod-BloodBlade","floor":12.0},{"not_picked":["testmod-Wormhole","Berserk","conspire:Purge","testmod-PulseDistributor","MostiFishMod:OneDayCity"],"picked":"SKIP","floor":14.0},{"not_picked":["Heavy Blade+1","Sword Boomerang","testmod-LimitFlipper","Flex","ReplayTheSpireMod:Strike From Hell"],"picked":"SKIP","floor":18.0},{"not_picked":["Abandon","REME_FearOfPain+1","Wild Strike+1","Shrug It Off","Massacre"],"picked":"SKIP","floor":20.0},{"not_picked":["Panacea","Iron Wave","True Grit","Perfected Strike","Thunderclap"],"picked":"SKIP","floor":21.0},{"not_picked":["Heavy Blade","ReplayTheSpireMod:Strike From Hell","Flame Barrier","True Grit","Metallicize"],"picked":"SKIP","floor":22.0},{"not_picked":["ReplayUltimateDefense","Bludgeon","MostiFishMod:Kaleido","MostiFishMod:MusicBox","testmod-Illusory"],"picked":"SKIP","floor":23.0},{"not_picked":["Transmutation","MostiFishMod:KnuckleDown","MostiFishMod:PerfectStrikeMKII","MostiFishMod:DarkDeal","Mayhem"],"picked":"SKIP","floor":25.0}],"player_experience":45452,"relics_obtained":[{"floor":1.0,"key":"Baka"},{"floor":1.0,"key":"SynthV:TestCard"},{"floor":6.0,"key":"CeramicFish"},{"floor":7.0,"key":"testmod-Muramasa"},{"floor":8.0,"key":"Replay:Kaleidoscope"},{"floor":9.0,"key":"Strawberry"},{"floor":9.0,"key":"Bottled Tornado"},{"floor":10.0,"key":"Baka2"},{"floor":10.0,"key":"Pen Nib"},{"floor":11.0,"key":"Anchor"},{"floor":12.0,"key":"Ice Cream"},{"floor":14.0,"key":"testmod-ConstraintPeriapt"},{"floor":23.0,"key":"testmod-AssaultLearning"},{"floor":25.0,"key":"Art of War"},{"floor":26.0,"key":"Pet Ghost"}],"event_choices":[{"damage_healed":0.0,"max_hp_gain":0.0,"max_hp_loss":0.0,"gold_gain":0.0,"event_name":"Vampires","player_choice":"Ignored","floor":19.0,"gold_loss":0.0,"damage_taken":0.0}],"is_beta":false,"boss_relics":[{"not_picked":["vexMod:DeviousBotling","Runic Pyramid"],"picked":"ExusiaiGun"}],"items_purged_floors":[13,13,13,13,13,13,13,13,13,13,13,13,13,13,13,13,13,13,13,13,13,13,13,13,13,13,13,13,13,13,13,13,13,13,13,13,13,13,13,13,13,13,13,13,13,13,13,13,13,13,13,13,13,13,24,24,24,24,24],"is_endless":true,"potions_floor_spawned":[1,6,10,11,12,16,18,20,25],"killed_by":"Slavers","ascension_level":20}}