{"host":"lnt5dzsuhru0aonl","time":1611137860,"event":{"mods":["2.2 Compatiblity","BaseMod","Colored Map","Colored Powertips","DeckTracker","Keyboard Shortcuts","Minty Spire (QoL Compilation)","Permanent Neow","Rare Cards Sparkle","StSLib","SuperFastMode","everything is the same but u backflip on backflip"],"gold_per_floor":[14,25,75,0,18,18,35,51,75,75,100,100,250,260,260,260,260],"floor_reached":16,"language":"KOR","playtime":419,"items_purged":["Strike_R"],"score":204,"play_id":"fca6bc7c-c778-4fa2-a9a4-5a6a05f9e042","local_time":"20210120191740","is_ascension_mode":true,"campfire_choices":[{"data":"Fiend Fire","floor":6.0,"key":"SMITH"},{"data":"Burning Pact","floor":12,"key":"SMITH"},{"data":"Shockwave","floor":15,"key":"SMITH"}],"circlet_count":0,"master_deck":["AscendersBane","Strike_R","Strike_R","Strike_R","Strike_R","Defend_R","Defend_R","Defend_R+1","Defend_R","Bash","Fiend Fire+1","Second Wind+1","Reckless Charge","Burning Pact+1","Shockwave+1","Doubt"],"relics":["Burning Blood","War Paint","Blood Vial"],"acts_visited":["Exordium"],"potions_floor_usage":[8,16],"damage_taken":[{"damage":4.0,"enemies":"Small Slimes","floor":1.0,"turns":4.0},{"damage":6.0,"enemies":"Cultist","floor":2.0,"turns":4.0},{"damage":0.0,"enemies":"2 Louse","floor":5.0,"turns":2.0},{"damage":11.0,"enemies":"2 Fungi Beasts","floor":7.0,"turns":3.0},{"damage":9,"enemies":"Exordium Thugs","floor":8,"turns":4},{"damage":29,"enemies":"3 Sentries","floor":11,"turns":11},{"damage":15,"enemies":"3 Louse","floor":14,"turns":5},{"damage":39,"enemies":"The Guardian","floor":16,"turns":7}],"seed_played":"347079708353422515","potions_obtained":[{"floor":7.0,"key":"Swift Potion"},{"floor":8,"key":"DuplicationPotion"},{"floor":14,"key":"PowerPotion"}],"is_trial":false,"path_per_floor":["M","M","?","$","M","R","M","M","T","$","E","R","?","M","R","B"],"character_chosen":"IRONCLAD","items_purchased":[],"campfire_rested":0,"item_purchase_floors":[],"current_hp_per_floor":[70,70,63,63,69,69,64,61,61,61,38,38,38,31,31,0,0],"gold":260,"neow_bonus":"THREE_RARE_CARDS","is_daily":false,"chose_seed":false,"campfire_upgraded":3,"win_rate":0.0,"timestamp":1611137860,"path_taken":["M","M","?","$","M","R","M","?","T","$","E","R","?","M","R","BOSS"],"items_purchased_type":[],"build_version":"2020-12-22","purchased_purges":1,"victory":false,"max_hp_per_floor":[75,75,75,75,75,75,75,75,75,75,75,75,75,75,75,75,75],"card_choices":[{"not_picked":["Double Tap","Brutality"],"picked":"Fiend Fire","floor":0.0},{"not_picked":["Warcry","Thunderclap"],"picked":"Second Wind","floor":1.0},{"not_picked":["Metallicize","Warcry"],"picked":"Reckless Charge","floor":2.0},{"not_picked":["Perfected Strike","Warcry","Flex"],"picked":"SKIP","floor":5.0},{"not_picked":["Uppercut","Dual Wield"],"picked":"Burning Pact","floor":7.0},{"not_picked":["Body Slam","Iron Wave","Blood for Blood"],"picked":"SKIP","floor":8},{"not_picked":["Clash","Perfected Strike"],"picked":"Shockwave","floor":11},{"not_picked":["Cleave","Dropkick","Shockwave"],"picked":"SKIP","floor":14}],"player_experience":709090,"relics_obtained":[{"floor":9,"key":"War Paint"},{"floor":11,"key":"Blood Vial"}],"event_choices":[{"damage_healed":0.0,"max_hp_gain":0.0,"max_hp_loss":0.0,"gold_gain":50.0,"event_name":"FaceTrader","player_choice":"Touch","floor":3.0,"gold_loss":0.0,"damage_taken":7.0},{"damage_healed":0,"gold_gain":150,"player_choice":"AGREE","damage_taken":0,"max_hp_gain":0,"max_hp_loss":0,"event_name":"Liars Game","floor":13,"gold_loss":0,"cards_obtained":["Doubt"]}],"is_beta":false,"boss_relics":[],"items_purged_floors":[4],"is_endless":false,"potions_floor_spawned":[7,8,14],"killed_by":"The Guardian","ascension_level":20}}