{"host":"axuns55dzq466eei","time":1611151216,"event":{"mods":["BaseMod","Colored Map","Keyboard Shortcuts","Minty Spire (QoL Compilation)","StSLib","SuperFastMode"],"gold_per_floor":[112,122,122,138,138,138,173,173,200,200,225,225,237,250,250,250,250],"floor_reached":16,"language":"KOR","playtime":238,"items_purged":[],"score":220,"play_id":"7ce8a794-54fe-479e-9a32-83acab322bde","local_time":"20210120230016","is_ascension_mode":true,"campfire_choices":[{"data":"Ball Lightning","floor":6,"key":"SMITH"},{"data":"White Noise","floor":8,"key":"SMITH"},{"floor":10,"key":"REST"},{"data":"Coolheaded","floor":12,"key":"SMITH"},{"data":"Beam Cell","floor":15,"key":"SMITH"}],"circlet_count":0,"master_deck":["AscendersBane","Strike_B","Strike_B","Strike_B","Strike_B+1","Defend_B","Defend_B","Defend_B","Defend_B+1","Zap+1","Dualcast","Coolheaded+1","Cold Snap","Ball Lightning+1","White Noise+1","Doom and Gloom","Beam Cell+1"],"relics":["Cracked Core","NeowsBlessing","Strawberry","Art of War","PreservedInsect"],"acts_visited":["Exordium"],"potions_floor_usage":[7,14,16],"damage_taken":[{"damage":0,"enemies":"Cultist","floor":1,"turns":1},{"damage":0,"enemies":"Jaw Worm","floor":2,"turns":1},{"damage":0,"enemies":"Small Slimes","floor":4,"turns":1},{"damage":14,"enemies":"Lagavulin","floor":7,"turns":5},{"damage":21,"enemies":"3 Sentries","floor":11,"turns":6},{"damage":26,"enemies":"Gremlin Gang","floor":13,"turns":3},{"damage":0,"enemies":"Looter","floor":14,"turns":3},{"damage":17,"enemies":"Slime Boss","floor":16,"turns":7}],"seed_played":"-6607621594248873079","potions_obtained":[{"floor":2,"key":"Weak Potion"},{"floor":11,"key":"Swift Potion"},{"floor":13,"key":"Fruit Juice"},{"floor":14,"key":"FocusPotion"}],"is_trial":false,"path_per_floor":["M","M","?","M","?","R","E","R","T","R","E","R","M","M","R","B"],"character_chosen":"DEFECT","items_purchased":[],"campfire_rested":1,"item_purchase_floors":[],"current_hp_per_floor":[64,64,43,43,43,43,36,36,36,59,38,38,12,12,12,0,0],"gold":250,"neow_bonus":"THREE_ENEMY_KILL","is_daily":false,"chose_seed":false,"campfire_upgraded":4,"win_rate":0.0,"timestamp":1611151216,"path_taken":["M","?","?","M","?","R","E","R","T","R","E","R","?","M","R","BOSS"],"items_purchased_type":[],"build_version":"2020-12-22","purchased_purges":0,"victory":false,"max_hp_per_floor":[71,71,71,71,71,71,78,78,78,78,78,78,78,78,78,83,83],"card_choices":[{"not_picked":["Gash","Genetic Algorithm"],"picked":"Coolheaded","floor":1},{"not_picked":["Stack","Melter"],"picked":"Cold Snap","floor":2},{"not_picked":["Skim","Rebound"],"picked":"Ball Lightning","floor":4},{"not_picked":["Static Discharge","Amplify"],"picked":"White Noise","floor":7},{"not_picked":["Heatsinks","Steam"],"picked":"Doom and Gloom","floor":11},{"not_picked":["Genetic Algorithm","Scrape","Static Discharge"],"picked":"SKIP","floor":13},{"not_picked":["Ball Lightning","Lockon"],"picked":"Beam Cell","floor":14}],"player_experience":1092628,"relics_obtained":[{"floor":7,"key":"Strawberry"},{"floor":9,"key":"Art of War"},{"floor":11,"key":"PreservedInsect"}],"event_choices":[{"damage_healed":0,"gold_gain":0,"player_choice":"Entered Light","damage_taken":21,"max_hp_gain":0,"max_hp_loss":0,"event_name":"Shining Light","floor":3,"gold_loss":0,"cards_upgraded":["Defend_B","Strike_B"]},{"damage_healed":0,"gold_gain":0,"player_choice":"Upgraded","damage_taken":0,"max_hp_gain":0,"max_hp_loss":0,"event_name":"Upgrade Shrine","floor":5,"gold_loss":0,"cards_upgraded":["Zap"]}],"is_beta":false,"boss_relics":[],"items_purged_floors":[],"is_endless":false,"potions_floor_spawned":[2,11,13,14],"killed_by":"Slime Boss","ascension_level":20}}