{"host":"rolltorest","time":1611116958,"event":{"mods":["BaseMod","Minty Spire (QoL Compilation)","Relic Stats","Slay the Relics Exporter","StSLib"],"gold_per_floor":[113,113,127,147,63,63,89,89,89,89,164,89,124,144,144,217,217,235,235,235,11,27,27,57,66,146,173,153,181,195,32,32,32,32],"floor_reached":33,"language":"ENG","playtime":903,"items_purged":["Strike_P","Strike_P"],"score":542,"play_id":"6c0b1c83-66c5-4851-a2cc-d394402f7a04","local_time":"20210119202918","is_ascension_mode":true,"campfire_choices":[{"data":"EmptyFist","floor":6,"key":"SMITH"},{"data":"Conclude","floor":8,"key":"SMITH"},{"data":"Vigilance","floor":10,"key":"SMITH"},{"data":"CutThroughFate","floor":15,"key":"SMITH"},{"floor":23,"key":"REST"},{"data":"FearNoEvil","floor":32,"key":"SMITH"}],"circlet_count":0,"master_deck":["AscendersBane","Strike_P","Strike_P","Defend_P","Defend_P","Defend_P","Defend_P","Eruption","Vigilance+1","CutThroughFate+1","EmptyFist+1","FearNoEvil+1","Conclude+1","ForeignInfluence+1","EmptyBody+1","DevaForm+1","Indignation+1","Necronomicurse","Ghostly+1","Ghostly+1","Ghostly+1","Protect+1","Worship+1","InnerPeace+1"],"relics":["Snecko Eye","Meat on the Bone","StoneCalendar","Toxic Egg 2","SlaversCollar","Art of War","CeramicFish","Necronomicon","The Courier"],"acts_visited":["Exordium","TheCity"],"potions_floor_usage":[13,24,29,29,33],"damage_taken":[{"damage":0,"enemies":"2 Louse","floor":1,"turns":2},{"damage":0,"enemies":"Jaw Worm","floor":3,"turns":2},{"damage":0,"enemies":"Cultist","floor":4,"turns":3},{"damage":12,"enemies":"3 Sentries","floor":7,"turns":5},{"damage":10,"enemies":"Gremlin Nob","floor":13,"turns":3},{"damage":0,"enemies":"2 Fungi Beasts","floor":14,"turns":2},{"damage":3,"enemies":"Slime Boss","floor":16,"turns":7},{"damage":45,"enemies":"Chosen","floor":18,"turns":6},{"damage":21,"enemies":"2 Thieves","floor":22,"turns":3},{"damage":22,"enemies":"Book of Stabbing","floor":24,"turns":5},{"damage":0,"enemies":"Cultist and Chosen","floor":29,"turns":5},{"damage":11,"enemies":"Snecko","floor":30,"turns":6},{"damage":24,"enemies":"Champ","floor":33,"turns":7}],"seed_played":"4216492942823220204","potions_obtained":[{"floor":3,"key":"GamblersBrew"},{"floor":13,"key":"LiquidBronze"},{"floor":24,"key":"Ambrosia"},{"floor":29,"key":"Strength Potion"}],"is_trial":false,"path_per_floor":["M","?","M","M","$","R","E","R","T","R","?","$","E","M","R","B",null,"M","?","?","$","M","R","E","?","T","?","?","M","M","$","R","B"],"character_chosen":"WATCHER","items_purchased":["FearNoEvil","PowerPotion","Art of War","Worship+1","InnerPeace+1"],"campfire_rested":1,"item_purchase_floors":[5,21,21,31,31],"current_hp_per_floor":[61,61,61,61,61,61,49,49,49,49,38,38,40,40,40,37,60,27,27,27,27,18,38,28,7,7,7,7,19,20,20,20,0,0],"gold":32,"neow_bonus":"BOSS_RELIC","is_daily":false,"chose_seed":false,"campfire_upgraded":5,"win_rate":0.0,"timestamp":1611116958,"path_taken":["M","?","M","M","$","R","E","R","T","R","?","?","E","M","R","BOSS","M","?","?","$","?","R","E","?","T","?","?","M","?","$","R","BOSS"],"items_purchased_type":["Card","Potion","Relic","Card","Card"],"build_version":"2020-12-18","purchased_purges":2,"victory":false,"max_hp_per_floor":[68,68,68,68,68,68,68,68,68,68,68,68,68,68,68,68,68,68,68,68,68,68,68,68,68,68,34,34,34,34,34,34,34,34],"relic_stats":{"counters":[13,56],"CeramicFish":63,"Snecko Eye":[90,87,104,91],"StoneCalendar":[53],"Art of War":[5],"Necronomicon":[7],"obtain_stats":[{"SlaversCollar":17,"CeramicFish":24,"Snecko Eye":0,"StoneCalendar":9,"The Courier":26,"Art of War":21,"Necronomicon":25,"PureWater":0,"Toxic Egg 2":13,"Meat on the Bone":7},{"SlaversCollar":7,"CeramicFish":10,"Snecko Eye":0,"StoneCalendar":4,"The Courier":10,"Art of War":8,"Necronomicon":10,"PureWater":0,"Toxic Egg 2":5,"Meat on the Bone":4},{"SlaversCollar":24,"CeramicFish":38,"Snecko Eye":0,"StoneCalendar":12,"The Courier":38,"Art of War":30,"Necronomicon":38,"PureWater":0,"Toxic Egg 2":15,"Meat on the Bone":12}],"Meat on the Bone":72},"card_choices":[{"not_picked":["SashWhip","Consecrate"],"picked":"CutThroughFate","floor":1},{"not_picked":["BowlingBash","ThirdEye"],"picked":"EmptyFist","floor":3},{"not_picked":["ClearTheMind","Evaluate","PathToVictory"],"picked":"SKIP","floor":4},{"not_picked":["SashWhip","TalkToTheHand"],"picked":"Conclude","floor":7},{"not_picked":["CarveReality","CrushJoints"],"picked":"ForeignInfluence+1","floor":13},{"not_picked":["LikeWater","EmptyFist"],"picked":"EmptyBody+1","floor":14},{"not_picked":["MasterReality","Establishment"],"picked":"DevaForm","floor":16},{"not_picked":["Nirvana","PathToVictory+1"],"picked":"Indignation+1","floor":18},{"not_picked":["Indignation+1","BattleHymn","Consecrate"],"picked":"SKIP","floor":22},{"not_picked":["CarveReality+1","Pray+1","Study"],"picked":"SKIP","floor":24},{"not_picked":["SashWhip","Pray+1"],"picked":"Protect+1","floor":29},{"not_picked":["Consecrate","EmptyFist","WindmillStrike"],"picked":"SKIP","floor":30}],"player_experience":1737420,"relics_obtained":[{"floor":7,"key":"Meat on the Bone"},{"floor":9,"key":"StoneCalendar"},{"floor":13,"key":"Toxic Egg 2"},{"floor":24,"key":"CeramicFish"},{"floor":25,"key":"Necronomicon"},{"floor":26,"key":"The Courier"}],"event_choices":[{"damage_healed":0,"gold_gain":0,"player_choice":"Leave","damage_taken":0,"max_hp_gain":0,"max_hp_loss":0,"event_name":"The Cleric","floor":2,"gold_loss":0},{"damage_healed":0,"gold_gain":75,"player_choice":"Gather Gold","damage_taken":11,"max_hp_gain":0,"max_hp_loss":0,"event_name":"World of Goop","floor":11,"gold_loss":0},{"damage_healed":0,"gold_gain":0,"player_choice":"Ignored","damage_taken":0,"max_hp_gain":0,"max_hp_loss":0,"event_name":"Vampires","floor":19,"gold_loss":0},{"damage_healed":0,"gold_gain":0,"player_choice":"Upgraded","damage_taken":0,"max_hp_gain":0,"max_hp_loss":0,"event_name":"Upgrade Shrine","floor":20,"gold_loss":0,"cards_upgraded":["DevaForm"]},{"damage_healed":0,"gold_gain":0,"player_choice":"Obtained Book","damage_taken":21,"max_hp_gain":0,"max_hp_loss":0,"event_name":"Cursed Tome","floor":25,"gold_loss":0},{"damage_healed":0,"gold_gain":0,"player_choice":"Became a Ghost","damage_taken":0,"max_hp_gain":0,"max_hp_loss":34,"event_name":"Ghosts","floor":27,"gold_loss":0,"cards_obtained":["Ghostly","Ghostly","Ghostly"]},{"damage_healed":0,"gold_gain":0,"player_choice":"Bought 1 Potion","damage_taken":0,"max_hp_gain":0,"max_hp_loss":0,"event_name":"The Woman in Blue","floor":28,"gold_loss":0}],"is_beta":true,"boss_relics":[{"not_picked":["Sozu","Fusion Hammer"],"picked":"SlaversCollar"}],"items_purged_floors":[12,31],"is_endless":false,"potions_floor_spawned":[3,13,24,29],"killed_by":"Champ","ascension_level":20}}