{"host":"5yoj846f700ld8qy","time":1611178042,"event":{"mods":["AchievementEnabler","Aspiration","BaseMod","Better Altar","Better Match","Better Note","Better Sensory Stone","Better Skull","Better Third Choice","Colored Map","Colored Powertips","Minty Spire (QoL Compilation)","StSLib"],"gold_per_floor":[112,112,127,139,49,78,78,107,133,145,157,179,191,216,228,311,323,355,367,5,17,17,17,51,67,118,160,173,210,0,0,0,80,80,103,153,167,186,186,186],"floor_reached":39,"language":"ENG","playtime":1320,"items_purged":[],"score":856,"play_id":"855983b5-77c4-4a85-baae-f4518568a317","local_time":"20210120232722","is_ascension_mode":true,"campfire_choices":[{"data":"Shrug It Off","floor":7,"key":"SMITH"},{"floor":10,"key":"REST"},{"data":"Armaments","floor":15,"key":"SMITH"},{"floor":23,"key":"REST"},{"floor":32,"key":"REST"}],"circlet_count":0,"master_deck":["AscendersBane","Defend_R","Defend_R","Defend_R","Defend_R","Bash","Inflame","Pummel","Anger","Spot Weakness","Flex","Shrug It Off+1","Rampage","Armaments+1","Twin Strike","Double Tap","Flame Barrier","Bite","Bite","Bite","Bite","Bite","Metallicize","Anger+1","Fiend Fire","Iron Wave","Dropkick+1","Battle Trance","Demon Form","Feel No Pain"],"relics":["Burning Blood","NeowsBlessing","aspiration:HiddenCompartment","MawBank","Shuriken","aspiration:PoetsPen_weak","Red Skull","aspiration:Nostalgia","Cracked Core","NlothsMask","Mercury Hourglass","CeramicFish","StrikeDummy","Cursed Key"],"acts_visited":["Exordium","TheCity","TheBeyond"],"potions_floor_usage":[8,8,14,16,24,27,29,39],"damage_taken":[{"damage":0,"enemies":"Small Slimes","floor":1,"turns":1},{"damage":0,"enemies":"Cultist","floor":3,"turns":1},{"damage":0,"enemies":"Jaw Worm","floor":4,"turns":1},{"damage":35,"enemies":"Lagavulin","floor":6,"turns":5},{"damage":15,"enemies":"3 Sentries","floor":8,"turns":6},{"damage":12,"enemies":"Looter","floor":12,"turns":4},{"damage":4,"enemies":"Exordium Thugs","floor":14,"turns":4},{"damage":32,"enemies":"Hexaghost","floor":16,"turns":9},{"damage":7,"enemies":"Chosen","floor":18,"turns":5},{"damage":35,"enemies":"2 Thieves","floor":21,"turns":4},{"damage":44,"enemies":"Slavers","floor":24,"turns":4},{"damage":16,"enemies":"Centurion and Healer","floor":25,"turns":3},{"damage":25,"enemies":"Gremlin Leader","floor":27,"turns":5},{"damage":19,"enemies":"Cultist and Chosen","floor":28,"turns":4},{"damage":19,"enemies":"Book of Stabbing","floor":29,"turns":2},{"damage":27,"enemies":"Automaton","floor":33,"turns":6},{"damage":28,"enemies":"3 Darklings","floor":35,"turns":4},{"damage":2,"enemies":"Orb Walker","floor":37,"turns":3},{"damage":52,"enemies":"Writhing Mass","floor":38,"turns":5},{"damage":42,"enemies":"3 Darklings","floor":39,"turns":2}],"seed_played":"-7876931795574635810","potions_obtained":[{"floor":1,"key":"Dexterity Potion"},{"floor":2,"key":"SkillPotion"},{"floor":2,"key":"Fire Potion"},{"floor":3,"key":"Strength Potion"},{"floor":8,"key":"Regen Potion"},{"floor":14,"key":"BloodPotion"},{"floor":18,"key":"Ancient Potion"},{"floor":21,"key":"Swift Potion"},{"floor":25,"key":"LiquidBronze"},{"floor":37,"key":"Explosive Potion"}],"is_trial":false,"path_per_floor":["M","?","M","M","$","E","R","E","T","R","$","M","?","M","R","B",null,"M","?","$","M","?","R","E","M","T","E","M","E","?","$","R","B",null,"M","?","M","M","M"],"character_chosen":"IRONCLAD","items_purchased":["Spot Weakness","Flex","Red Skull","aspiration:Nostalgia","Metallicize"],"campfire_rested":3,"item_purchase_floors":[5,5,20,20,20],"current_hp_per_floor":[74,74,75,75,75,46,46,39,39,61,61,57,31,50,50,41,67,68,68,68,49,49,71,51,47,47,44,39,32,32,32,54,49,69,58,58,71,38,0,0],"gold":186,"neow_bonus":"THREE_ENEMY_KILL","is_daily":false,"chose_seed":false,"campfire_upgraded":2,"win_rate":0.0,"timestamp":1611178042,"path_taken":["M","?","M","?","$","E","R","E","T","R","?","M","?","M","R","BOSS","M","?","$","M","?","R","E","?","T","E","M","E","?","?","R","BOSS","M","?","M","?","M"],"items_purchased_type":["Card","Card","Relic","Relic","Card"],"build_version":"2020-12-22","purchased_purges":0,"victory":false,"max_hp_per_floor":[75,75,75,75,75,75,75,75,75,75,75,75,75,75,75,75,75,75,75,75,75,75,75,75,75,75,75,75,75,75,75,75,75,75,75,75,75,75,75,75],"card_choices":[{"not_picked":["Evolve","Clash"],"picked":"Inflame","floor":1},{"not_picked":["Infernal Blade","Ghostly Armor"],"picked":"Pummel","floor":3},{"not_picked":["Intimidate","Thunderclap"],"picked":"Anger","floor":4},{"not_picked":["Cleave","Havoc"],"picked":"Shrug It Off","floor":6},{"not_picked":["Uppercut","Heavy Blade"],"picked":"Rampage","floor":8},{"not_picked":["Wild Strike","Havoc"],"picked":"Armaments","floor":12},{"not_picked":["Clash","Thunderclap"],"picked":"Twin Strike","floor":14},{"not_picked":["Corruption","Exhume"],"picked":"Double Tap","floor":16},{"not_picked":["Warcry","True Grit"],"picked":"Flame Barrier","floor":18},{"not_picked":["Second Wind","Feel No Pain"],"picked":"Anger+1","floor":21},{"not_picked":["Dropkick","Combust+1"],"picked":"Fiend Fire","floor":24},{"not_picked":["Second Wind+1","Flex"],"picked":"Iron Wave","floor":25},{"not_picked":["Whirlwind","Heavy Blade+1"],"picked":"Dropkick+1","floor":27},{"not_picked":["Sword Boomerang","Warcry","Body Slam"],"picked":"SKIP","floor":28},{"not_picked":["Wild Strike","Thunderclap"],"picked":"Battle Trance","floor":29},{"not_picked":["Immolate","Fiend Fire"],"picked":"Demon Form","floor":33},{"not_picked":["Inflame","Seeing Red"],"picked":"Feel No Pain","floor":35},{"not_picked":["Heavy Blade","Perfected Strike","Flex"],"picked":"SKIP","floor":37},{"not_picked":["Flex+1","Disarm","Dual Wield"],"picked":"SKIP","floor":38}],"player_experience":408200,"relics_obtained":[{"floor":6,"key":"Blood Vial"},{"floor":8,"key":"aspiration:HiddenCompartment"},{"floor":9,"key":"MawBank"},{"floor":24,"key":"Mercury Hourglass"},{"floor":27,"key":"CeramicFish"},{"floor":29,"key":"StrikeDummy"}],"event_choices":[{"damage_healed":0,"gold_gain":0,"player_choice":"Got Potions","damage_taken":0,"max_hp_gain":0,"max_hp_loss":0,"event_name":"Lab","floor":2,"gold_loss":0},{"damage_healed":0,"gold_gain":1,"player_choice":"Relic ","damage_taken":26,"max_hp_gain":0,"max_hp_loss":0,"event_name":"betterThird:BetterScrap","floor":13,"gold_loss":0,"cards_obtained":["Burst"]},{"damage_healed":0,"gold_gain":0,"player_choice":"Became a vampire (Vial)","damage_taken":0,"max_hp_gain":0,"max_hp_loss":0,"event_name":"Vampires","floor":19,"relics_lost":["Blood Vial"],"gold_loss":0,"cards_obtained":["Bite","Bite","Bite","Bite","Bite"]},{"damage_healed":0,"gold_gain":0,"player_choice":"Trade","damage_taken":0,"relics_obtained":["NlothsMask"],"max_hp_gain":0,"max_hp_loss":0,"event_name":"FaceTrader","floor":22,"gold_loss":0},{"damage_healed":0,"gold_gain":0,"player_choice":"Paid Fearfully","damage_taken":0,"max_hp_gain":0,"max_hp_loss":0,"event_name":"Masked Bandits","floor":30,"gold_loss":210},{"damage_healed":0,"gold_gain":50,"player_choice":"Pray","damage_taken":0,"max_hp_gain":0,"max_hp_loss":0,"event_name":"Golden Shrine","floor":36,"gold_loss":0}],"is_beta":false,"boss_relics":[{"not_picked":["aspiration:SecretTechniqueScroll","Coffee Dripper"],"picked":"aspiration:PoetsPen_weak"},{"not_picked":["aspiration:SilentSkillbook","Runic Cube"],"picked":"Cursed Key"}],"items_purged_floors":[],"is_endless":false,"potions_floor_spawned":[1,3,8,14,18,21,25,37],"killed_by":"3 Darklings","ascension_level":17}}