{"host":"33wh7cigx3w9wmym","time":1611107031,"event":{"mods":["AchievementEnabler","Act Like it!","BaseMod","Colored Map","Colored Powertips","Downfall","Friendly Minions","GifTheSpireLib","Minty Spire (QoL Compilation)","StSLib"],"gold_per_floor":[99,116,133,3,13,48,48,81,93,93,106,141,41,53,72,72,72,72],"floor_reached":16,"language":"ENG","playtime":929,"items_purged":["bronze:Strike"],"score":124,"play_id":"9ccf21d2-6924-4e51-8fdc-c215db15b178","local_time":"20210119234351","is_ascension_mode":false,"campfire_choices":[{"floor":1.0,"key":"RECALL"},{"data":"bronze:FollowUp","floor":13,"key":"SMITH"}],"circlet_count":0,"master_deck":["bronze:Strike","bronze:Strike","bronze:Strike","bronze:Defend","bronze:Defend","bronze:Defend","bronze:Defend","bronze:Replicate","bronze:Goto","bronze:WhirlingStrike","bronze:FineTuning","bronze:BronzeOrb","bronze:ChosenStrike","bronze:FollowUp+1","bronze:Repair"],"relics":["bronze:BronzeCore","Regal Pillow","Sundial","Bronze Scales","InkBottle","downfall:HeartBlessingRed"],"acts_visited":["Exordium"],"potions_floor_usage":[],"damage_taken":[{"damage":6.0,"enemies":"Jaw Worm","floor":2.0,"turns":4.0},{"damage":0.0,"enemies":"2 Louse","floor":3.0,"turns":2.0},{"damage":5.0,"enemies":"downfall:FleeingMerchant","floor":4.0,"turns":4.0},{"damage":5.0,"enemies":"Small Slimes","floor":5.0,"turns":3.0},{"damage":17.0,"enemies":"Gremlin Nob","floor":6.0,"turns":4.0},{"damage":6.0,"enemies":"3 Sentries","floor":8.0,"turns":6.0},{"damage":6,"enemies":"Exordium Thugs","floor":9,"turns":3},{"damage":10,"enemies":"Exordium Wildlife","floor":11,"turns":3},{"damage":13,"enemies":"Lagavulin","floor":12,"turns":8},{"damage":0,"enemies":"2 Fungi Beasts","floor":14,"turns":2},{"damage":0,"enemies":"Blue Slaver","floor":15,"turns":1},{"damage":70,"enemies":"SI_SHIV_ARCHETYPE","floor":16,"turns":13}],"seed_played":"-8862745466712866088","potions_obtained":[{"floor":3.0,"key":"SteroidPotion"},{"floor":5.0,"key":"LiquidMemories"},{"floor":9,"key":"Strength Potion"}],"is_trial":false,"path_per_floor":["R","M","M","$","M","E","T","E","M","?","M","E","R","M","M","B"],"character_chosen":"THE_AUTOMATON","items_purchased":["bronze:ChosenStrike"],"campfire_rested":0,"item_purchase_floors":[4],"current_hp_per_floor":[77,71,71,66,61,44,44,38,32,57,47,42,42,49,56,0,0,0],"gold":72,"neow_bonus":"TEN_PERCENT_HP_BONUS","is_daily":false,"chose_seed":false,"campfire_upgraded":1,"win_rate":0.0,"timestamp":1611107031,"path_taken":["R","M","M","$","M","E","T","E","M","?","M","E","R","M","M","BOSS"],"items_purchased_type":["Card"],"build_version":"2020-12-22","purchased_purges":1,"victory":false,"max_hp_per_floor":[77,77,77,77,77,77,77,77,77,77,77,77,77,77,77,77,77,77],"card_choices":[{"not_picked":["bronze:BitShift","bronze:Frontload"],"picked":"bronze:WhirlingStrike","floor":2.0},{"not_picked":["bronze:OilSpill","bronze:WildBeam"],"picked":"bronze:FineTuning","floor":3.0},{"not_picked":["bronze:Allocate","bronze:BitShift"],"picked":"bronze:BronzeOrb","floor":4.0},{"not_picked":["bronze:GetLatest","bronze:BitShift","bronze:ClassDefault"],"picked":"SKIP","floor":5.0},{"not_picked":["bronze:Shield","bronze:OilSpill","bronze:Deprecate"],"picked":"SKIP","floor":6.0},{"not_picked":["bronze:ClassDefault","bronze:BitShift","bronze:BuggyMess"],"picked":"SKIP","floor":8.0},{"not_picked":["bronze:GetLatest","bronze:Iterate"],"picked":"bronze:FollowUp","floor":9},{"not_picked":["bronze:BitShift","bronze:DelayedSlice"],"picked":"bronze:Repair","floor":11},{"not_picked":["bronze:Virus","bronze:DigitalCarnage","bronze:BronzeOrb"],"picked":"SKIP","floor":12},{"not_picked":["bronze:MaxOutput","bronze:CloningBeam","bronze:Shield"],"picked":"SKIP","floor":14},{"not_picked":["bronze:Overload","bronze:DelayedGuard","bronze:Frontload"],"picked":"SKIP","floor":15}],"player_experience":418137,"relics_obtained":[{"floor":6.0,"key":"Regal Pillow"},{"floor":7.0,"key":"Sundial"},{"floor":8.0,"key":"Bronze Scales"},{"floor":12,"key":"InkBottle"}],"event_choices":[{"damage_healed":25,"gold_gain":0,"player_choice":"Banana","damage_taken":0,"max_hp_gain":0,"max_hp_loss":0,"event_name":"Big Fish","floor":10,"gold_loss":0}],"is_beta":false,"boss_relics":[],"items_purged_floors":[4],"is_endless":false,"potions_floor_spawned":[3,5,9,15],"killed_by":"SI_SHIV_ARCHETYPE","ascension_level":0}}