{"host":"8aoim7owc9xd4zca","time":1611115369,"event":{"mods":["AchievementEnabler","BaseMod","Colored Powertips","Highlight Path","Minty Spire (QoL Compilation)","Permanent Neow","Rare Cards Sparkle","StSLib","SuperFastMode","The Jungle"],"gold_per_floor":[218,218,183,31,31,31,69,69,69,110,126,151,4,4,4,4,4],"floor_reached":16,"language":"ENG","playtime":631,"items_purged":[],"score":111,"play_id":"7aab0020-f055-48c9-afdb-bd7a0f9cacb8","local_time":"20210119200249","is_ascension_mode":true,"campfire_choices":[{"floor":6.0,"key":"RECALL"},{"floor":8.0,"key":"REST"},{"floor":15.0,"key":"REST"}],"circlet_count":0,"master_deck":["Strike_R","Strike_R","Strike_R","Strike_R","Defend_R","Defend_R","Defend_R","Defend_R","Bash","Heavy Blade","Bloodletting","Rupture","Limit Break","Twin Strike"],"relics":["Burning Blood","Golden Idol","Strange Spoon","Paper Frog","Shuriken","StoneCalendar","Sling"],"acts_visited":["Exordium"],"potions_floor_usage":[16],"damage_taken":[{"damage":7.0,"enemies":"2 Louse","floor":1.0,"turns":2.0},{"damage":51.0,"enemies":"Gremlin Nob","floor":7.0,"turns":6.0},{"damage":48.0,"enemies":"3 Sentries","floor":10.0,"turns":10.0},{"damage":5.0,"enemies":"Small Slimes","floor":11.0,"turns":4.0},{"damage":14.0,"enemies":"Jaw Worm","floor":12.0,"turns":2.0},{"damage":38,"enemies":"Hexaghost","floor":16,"turns":8}],"seed_played":"-5420512698264352113","potions_obtained":[{"floor":7.0,"key":"AttackPotion"},{"floor":10.0,"key":"DuplicationPotion"}],"is_trial":false,"path_per_floor":["M","?","?","$","?","R","E","R","T","E","M","M","$","$","R","B"],"character_chosen":"IRONCLAD","items_purchased":["Strange Spoon","Sling"],"campfire_rested":2,"item_purchase_floors":[4,13],"current_hp_per_floor":[79,59,79,79,79,79,34,58,58,16,17,9,9,9,33,0,0],"gold":4,"neow_bonus":"HUNDRED_GOLD","is_daily":false,"chose_seed":false,"campfire_upgraded":0,"win_rate":0.0,"timestamp":1611115369,"path_taken":["M","?","?","$","?","R","E","R","T","E","M","?","?","$","R","BOSS"],"items_purchased_type":["Relic","Relic"],"build_version":"2020-12-22","purchased_purges":0,"victory":false,"max_hp_per_floor":[80,80,80,80,80,80,80,80,80,80,80,80,80,80,80,80,80],"card_choices":[{"not_picked":["Thunderclap","Anger"],"picked":"Heavy Blade","floor":1.0},{"not_picked":["Clash","Reckless Charge"],"picked":"Bloodletting","floor":7.0},{"not_picked":["Warcry","True Grit"],"picked":"Rupture","floor":10.0},{"not_picked":["Rupture","Clash"],"picked":"Limit Break","floor":11.0},{"not_picked":["Intimidate","Cleave"],"picked":"Twin Strike","floor":12.0}],"player_experience":272327,"relics_obtained":[{"floor":7.0,"key":"Paper Frog"},{"floor":9.0,"key":"Shuriken"},{"floor":10.0,"key":"StoneCalendar"}],"event_choices":[{"damage_healed":0.0,"max_hp_gain":0.0,"max_hp_loss":0.0,"gold_gain":0.0,"event_name":"Golden Idol","player_choice":"Take Damage","floor":2.0,"gold_loss":0.0,"damage_taken":20.0,"relics_obtained":["Golden Idol"]},{"damage_healed":20.0,"max_hp_gain":0.0,"max_hp_loss":0.0,"gold_gain":0.0,"event_name":"The Cleric","player_choice":"Healed","floor":3.0,"gold_loss":35.0,"damage_taken":0.0},{"cards_removed":["Strike_R"],"damage_healed":0.0,"max_hp_gain":0.0,"max_hp_loss":0.0,"gold_gain":0.0,"event_name":"Bonfire Elementals","player_choice":"Offered Basic","floor":5.0,"gold_loss":0.0,"damage_taken":0.0}],"is_beta":false,"boss_relics":[],"items_purged_floors":[],"is_endless":false,"potions_floor_spawned":[7,10],"killed_by":"Hexaghost","ascension_level":1}}