{"host":"1c17lcvl7acx821p","time":1611133901,"event":{"mods":["AchievementEnabler","BaseMod","Colored Map","Minty Spire (QoL Compilation)","StSLib"],"gold_per_floor":[210,210,222,222,235,273,273,43,43,43,43,57,72,116,116,239,239,252,73,23,48,71,71,102,201,201,219,219,234,0,0,0,0,0],"floor_reached":33,"language":"ENG","playtime":1357,"items_purged":["Strike_G","Strike_G"],"score":405,"play_id":"5ef0c58f-d836-44bd-aa1a-a2787f5a45ed","local_time":"20210120111141","is_ascension_mode":true,"campfire_choices":[{"data":"Noxious Fumes","floor":7.0,"key":"SMITH"},{"floor":11.0,"key":"REST"},{"floor":15.0,"key":"REST"},{"data":"Footwork","floor":23.0,"key":"SMITH"},{"floor":28.0,"key":"REST"},{"data":"Apotheosis","floor":32.0,"key":"SMITH"}],"circlet_count":0,"master_deck":["Strike_G","Defend_G","Defend_G","Defend_G","Defend_G","Defend_G","Survivor+1","Neutralize","Bouncing Flask","Crippling Poison","Noxious Fumes+1","Well Laid Plans","Footwork+1","Heel Hook","Noxious Fumes","After Image","Footwork","PiercingWail+1","Apotheosis+1","Deadly Poison","Shame"],"relics":["Ring of the Snake","Golden Idol","Incense Burner","Letter Opener","Potion Belt","Busted Crown","The Courier","War Paint","Pantograph"],"acts_visited":["Exordium","TheCity"],"potions_floor_usage":[33,33],"damage_taken":[{"damage":0.0,"enemies":"Cultist","floor":1.0,"turns":4.0},{"damage":2.0,"enemies":"Jaw Worm","floor":3.0,"turns":5.0},{"damage":0.0,"enemies":"2 Louse","floor":5.0,"turns":3.0},{"damage":26.0,"enemies":"Gremlin Nob","floor":6.0,"turns":4.0},{"damage":14.0,"enemies":"Gremlin Gang","floor":12.0,"turns":4.0},{"damage":9.0,"enemies":"3 Louse","floor":13.0,"turns":6.0},{"damage":0.0,"enemies":"3 Sentries","floor":14.0,"turns":6.0},{"damage":6.0,"enemies":"Hexaghost","floor":16.0,"turns":8.0},{"damage":11.0,"enemies":"2 Thieves","floor":18.0,"turns":5.0},{"damage":0.0,"enemies":"3 Byrds","floor":21.0,"turns":3.0},{"damage":12.0,"enemies":"Centurion and Healer","floor":22.0,"turns":7.0},{"damage":13.0,"enemies":"Gremlin Leader","floor":24.0,"turns":8.0},{"damage":1.0,"enemies":"Chosen and Byrds","floor":27.0,"turns":8.0},{"damage":21.0,"enemies":"Cultist and Chosen","floor":29.0,"turns":8.0},{"damage":45,"enemies":"Automaton","floor":33,"turns":6}],"seed_played":"-4052028276382548030","potions_obtained":[{"floor":1.0,"key":"LiquidBronze"},{"floor":5.0,"key":"Poison Potion"},{"floor":14.0,"key":"PowerPotion"},{"floor":16.0,"key":"Energy Potion"},{"floor":22.0,"key":"Block Potion"},{"floor":27.0,"key":"Strength Potion"}],"is_trial":false,"path_per_floor":["M","?","M","?","M","E","R","$","T","?","R","M","M","E","R","B",null,"M","$","?","M","M","R","E","?","T","M","R","M","$","?","R","B"],"character_chosen":"THE_SILENT","items_purchased":["Footwork","EssenceOfSteel","Footwork","Apotheosis","Deadly Poison","DuplicationPotion"],"campfire_rested":3,"item_purchase_floors":[8,8,19,30,30,30],"current_hp_per_floor":[63,56,54,54,54,28,28,28,28,28,47,33,24,24,43,37,58,47,47,47,47,35,35,22,22,22,21,40,19,19,19,19,0,0],"gold":0,"neow_bonus":"HUNDRED_GOLD","is_daily":false,"chose_seed":false,"campfire_upgraded":3,"win_rate":0.0,"timestamp":1611133901,"path_taken":["M","?","M","?","M","E","R","$","T","?","R","?","M","E","R","BOSS","M","$","?","?","M","R","E","?","T","M","R","M","$","?","R","BOSS"],"items_purchased_type":["Card","Potion","Card","Card","Card","Potion"],"build_version":"2020-12-22","purchased_purges":2,"victory":false,"max_hp_per_floor":[70,70,70,65,65,65,65,65,65,65,65,65,65,65,65,65,65,65,65,65,65,65,65,65,65,65,65,65,65,65,65,65,65,65],"card_choices":[{"not_picked":["Choke","Accuracy"],"picked":"Bouncing Flask","floor":1.0},{"not_picked":["Eviscerate","Dagger Throw"],"picked":"Crippling Poison","floor":3.0},{"not_picked":["Riddle With Holes","Expertise"],"picked":"Noxious Fumes","floor":5.0},{"not_picked":["Backflip","Acrobatics"],"picked":"Well Laid Plans","floor":6.0},{"not_picked":["Acrobatics","Choke"],"picked":"Heel Hook","floor":12.0},{"not_picked":["Endless Agony","Sucker Punch","A Thousand Cuts"],"picked":"SKIP","floor":13.0},{"not_picked":["Dagger Throw","Finisher"],"picked":"Noxious Fumes","floor":14.0},{"not_picked":["Die Die Die","Doppelganger"],"picked":"After Image","floor":16.0},{"not_picked":["Dagger Spray"],"picked":"SKIP","floor":18.0},{"not_picked":["Cloak And Dagger"],"picked":"SKIP","floor":21.0},{"not_picked":[],"picked":"PiercingWail","floor":22.0},{"not_picked":["Dodge and Roll"],"picked":"SKIP","floor":24.0},{"not_picked":["Eviscerate"],"picked":"SKIP","floor":27.0},{"not_picked":["Deflect"],"picked":"SKIP","floor":29.0}],"player_experience":152007,"relics_obtained":[{"floor":6.0,"key":"Incense Burner"},{"floor":9.0,"key":"Letter Opener"},{"floor":14.0,"key":"Potion Belt"},{"floor":24.0,"key":"The Courier"},{"floor":26.0,"key":"War Paint"}],"event_choices":[{"cards_removed":["Strike_G"],"damage_healed":0.0,"max_hp_gain":0.0,"max_hp_loss":0.0,"gold_gain":0.0,"event_name":"Golden Wing","player_choice":"Card Removal","floor":2.0,"gold_loss":0.0,"damage_taken":7.0},{"damage_healed":0.0,"max_hp_gain":0.0,"max_hp_loss":5.0,"gold_gain":0.0,"event_name":"Golden Idol","player_choice":"Lose Max HP","floor":4.0,"gold_loss":0.0,"damage_taken":0.0,"relics_obtained":["Golden Idol"]},{"cards_removed":["Strike_G"],"damage_healed":0.0,"max_hp_gain":0.0,"max_hp_loss":0.0,"gold_gain":0.0,"event_name":"Bonfire Elementals","player_choice":"Offered Basic","floor":10.0,"gold_loss":0.0,"damage_taken":0.0},{"damage_healed":0.0,"max_hp_gain":0.0,"max_hp_loss":0.0,"gold_gain":0.0,"event_name":"The Joust","player_choice":"Bet on Murderer","floor":20.0,"gold_loss":50.0,"damage_taken":0.0},{"damage_healed":0.0,"max_hp_gain":0.0,"max_hp_loss":0.0,"gold_gain":99.0,"event_name":"Nest","player_choice":"Stole From Cult","floor":25.0,"gold_loss":0.0,"damage_taken":0.0},{"damage_healed":0.0,"max_hp_gain":0.0,"max_hp_loss":0.0,"gold_gain":0.0,"event_name":"Addict","player_choice":"Stole Relic","floor":31.0,"gold_loss":0.0,"damage_taken":0.0,"relics_obtained":["Pantograph"],"cards_obtained":["Shame"]}],"is_beta":false,"boss_relics":[{"not_picked":["Sozu","Tiny House"],"picked":"Busted Crown"}],"items_purged_floors":[8,19],"is_endless":false,"potions_floor_spawned":[1,5,14,16,22,27],"killed_by":"Automaton","ascension_level":7}}