{"host":"t7rtdu4954o308h4","time":1611150386,"event":{"mods":["100% Spire Juice","ATMod(阿瑾Mod)","BaseMod","Conspire","Downfall","Highlight Path","Hubris","Infinite Spire","Minty Spire (QoL Compilation)","MostiFishMod","StSLib","TestMod","Waifu the Spire","【遗物卡牌】REMEMod"],"gold_per_floor":[99,115,125,142,153,153,153,170,185,15,53,53,53,65,75,180,180,180,192,192,192,37,37,60,78,78,106,106,120,139,139,151,253,253,253,271,671,690,481,631,631,380,415,428,438,212,212,224,235,235],"floor_reached":51,"language":"ZHS","playtime":2606,"items_purged":["champ:Defend","champ:Strike","champ:Defend","champ:Strike"],"score":1120,"play_id":"cb7490fa-582f-4f3f-8b95-e1838c3dbe53","local_time":"20210120214626","is_ascension_mode":false,"campfire_choices":[{"data":"champ:Taunt","floor":1,"key":"SMITH"},{"data":"MostiFishMod:StarOceanP","floor":6,"key":"SMITH"},{"data":"champ:SwordThrow","floor":13,"key":"SMITH"},{"data":"champ:Improvising","floor":18,"key":"SMITH"},{"data":"champ:BerserkerStyle","floor":23,"key":"SMITH"},{"data":"AT_FamilyPortrait","floor":26,"key":"SMITH"},{"data":"champ:UltimateStance","floor":28,"key":"SMITH"},{"data":"champ:StrikeOfGenius","floor":35,"key":"SMITH"},{"data":"expansioncontent:DashGenerateEvil","floor":47,"key":"SMITH"}],"circlet_count":0,"master_deck":["hubris:Hubris","champ:Strike","champ:Defend","champ:Execute","champ:Taunt+1","MostiFishMod:StarOceanP+1","AT_FamilyPortrait+1","champ:RisingSlash","champ:Lariat","champ:RecklessLeap","champ:PerfectedStrike","champ:SwordThrow+1","champ:Shatter","champ:Encircle","champ:IronFortress","champ:SwordSigil","CurseOfTheBell","champ:Endure","champ:UltimateStance+1","champ:Improvising+1","champ:CrownThrow","champ:BerserkerStyle+1","champ:ShieldWall","champ:HeartStrike+1","champ:MurderStrike","champ:ShieldSigil+1","champ:StrikeOfGenius+1","expansioncontent:DashGenerateEvil+1","champ:FocusedBerserking"],"relics":["champ:ChampionCrown","AT_ATBox","DaveBox","REME_ComplimentaryCards","testmod-IncinerationGenerator","BirthdayGift-Tetrahedron","Blue Candle","Meat on the Bone","testmod-ThousandKnives","Coffee Dripper","Membership Card","infinitespire:ShieldingShard","Anchor","AT_RedTearstoneRing","AT_EbonyIvory","Guardian:BottledAnomaly","RhineCircuit","Empty Cage","AT_BellDemon","bronze:DonusWashers","testmod-EqualTreatment","Boot","Slimebound:StickyStick","hubris:PeanutButter","SynthV","AT_BladeRuinedKing"],"acts_visited":["Exordium","TheCity","TheBeyond"],"potions_floor_usage":[16,22,22,33,43,50,50,50],"damage_taken":[{"damage":12,"enemies":"Jaw Worm","floor":2,"turns":2},{"damage":2,"enemies":"conspire:RoseBush","floor":3,"turns":2},{"damage":10,"enemies":"2 Louse","floor":4,"turns":1},{"damage":2,"enemies":"Exordium Wildlife","floor":5,"turns":2},{"damage":16,"enemies":"Exordium Thugs","floor":8,"turns":2},{"damage":0,"enemies":"Blue Slaver","floor":9,"turns":1},{"damage":17,"enemies":"downfall:FleeingMerchant","floor":10,"turns":4},{"damage":2,"enemies":"Exordium Thugs","floor":11,"turns":2},{"damage":3,"enemies":"Large Slime","floor":14,"turns":2},{"damage":1,"enemies":"2 Fungi Beasts","floor":15,"turns":1},{"damage":41,"enemies":"DF_ARCHETYPE_STREAMLINE","floor":16,"turns":4},{"damage":19,"enemies":"Chosen","floor":19,"turns":3},{"damage":27,"enemies":"downfall:FleeingMerchant","floor":22,"turns":2},{"damage":4,"enemies":"Spheric Guardian","floor":25,"turns":1},{"damage":51,"enemies":"conspire:Head Lice","floor":27,"turns":2},{"damage":35,"enemies":"Cultist and Chosen","floor":29,"turns":2},{"damage":69,"enemies":"conspire:HollyBat","floor":30,"turns":5},{"damage":63,"enemies":"Snecko","floor":32,"turns":2},{"damage":77,"enemies":"WA_ARCHETYPE_CALM","floor":33,"turns":2},{"damage":32,"enemies":"Orb Walker","floor":36,"turns":2},{"damage":54,"enemies":"3 Shapes","floor":38,"turns":3},{"damage":74,"enemies":"Nemesis","floor":43,"turns":3},{"damage":0,"enemies":"Jaw Worm Horde","floor":44,"turns":2},{"damage":62,"enemies":"Sphere and 2 Shapes","floor":45,"turns":2},{"damage":90,"enemies":"Maw","floor":48,"turns":3},{"damage":34,"enemies":"Writhing Mass","floor":49,"turns":2},{"damage":91,"enemies":"SI_POISON_ARCHETYPE","floor":50,"turns":2}],"seed_played":"-2340221653398978840","potions_obtained":[{"floor":3,"key":"Fire Potion"},{"floor":5,"key":"Slimebound:ThreeZeroPotion"},{"floor":8,"key":"Block Potion"},{"floor":15,"key":"Regen Potion"},{"floor":19,"key":"FearPotion"},{"floor":20,"key":"CultistPotion"},{"floor":25,"key":"Fire Potion"},{"floor":36,"key":"Explosive Potion"},{"floor":48,"key":"ColorlessPotion"}],"is_trial":false,"path_per_floor":["R","M","M","M","M","R","T","M","M","$","M","?","R","M","M","B",null,"R","M","?","?","$","R","T","M","R","E","R","M","M","AVR","M","B",null,"R","M","?","M","$","?","T","$","E","M","M","$","R","M","M","B",null],"character_chosen":"THE_CHAMP","items_purchased":["champ:IronFortress","Membership Card","REME_GoldPotion","champ:BerserkerStyle","infinitespire:ShieldingShard","Anchor","AT_BellDemon","bronze:DonusWashers","expansioncontent:DashGenerateEvil","Boot","Slimebound:StickyStick","SynthV","AT_BladeRuinedKing"],"campfire_rested":0,"item_purchase_floors":[10,22,22,22,22,22,39,39,42,42,42,46,46],"current_hp_per_floor":[99,97,95,95,93,93,93,87,87,80,78,78,78,75,74,85,99,99,95,95,95,99,99,99,99,99,99,99,99,94,94,99,99,99,99,99,99,99,99,99,99,99,99,99,99,99,99,99,99,99],"gold":235,"neow_bonus":"TEN_PERCENT_HP_BONUS","is_daily":false,"chose_seed":false,"campfire_upgraded":9,"win_rate":0.0,"timestamp":1611150386,"path_taken":["R","M","M","M","M","R","T","M","M","$","M","?","R","M","M","BOSS","R","M","?","?","$","R","T","M","R","E","R","M","M","AVR","M","BOSS","R","M","?","M","?","?","T","$","E","?","M","$","R","M","M","BOSS"],"items_purchased_type":["Card","Relic","Potion","Card","Relic","Relic","Relic","Relic","Card","Relic","Relic","Relic","Relic"],"build_version":"2020-12-22","purchased_purges":4,"victory":true,"max_hp_per_floor":[99,99,99,99,99,99,99,99,99,99,99,99,99,99,99,99,99,99,99,99,99,99,99,99,99,99,99,99,99,99,99,99,99,99,99,99,99,99,99,99,99,99,99,99,99,99,99,99,99,99],"card_choices":[{"not_picked":["champ:PerfectedStrike","champ:BerserkersShout"],"picked":"champ:RisingSlash","floor":2},{"not_picked":["champ:StanceDance","champ:EnGarde"],"picked":"champ:Lariat","floor":3},{"not_picked":["champ:ShieldSigil","champ:Parry"],"picked":"champ:RecklessLeap","floor":4},{"not_picked":["champ:Circumvent","champ:AdrenalArmor"],"picked":"champ:PerfectedStrike","floor":5},{"not_picked":["champ:TornadoPunch","champ:StanceDance"],"picked":"champ:SwordThrow","floor":8},{"not_picked":["champ:RapidStrikes","champ:ShieldSigil"],"picked":"champ:Shatter","floor":9},{"not_picked":["champ:PerfectedStrike","champ:Backstep"],"picked":"champ:Encircle","floor":10},{"not_picked":["champ:FanOfKnives","champ:DefensiveStyle"],"picked":"champ:SwordSigil","floor":11},{"not_picked":["champ:GutPunch","champ:ViciousMockery"],"picked":"champ:Endure","floor":14},{"not_picked":["champ:FlashCut","champ:CrookedStrike"],"picked":"champ:UltimateStance","floor":15},{"not_picked":["champ:GladiatorForm","champ:EnchantShield","champ:SteelEdge"],"picked":"champ:Improvising","floor":16},{"not_picked":["champ:DefensiveShout+1","champ:RisingSlash+1"],"picked":"champ:CrownThrow","floor":19},{"not_picked":["champ:Endure","champ:PreemptiveStrike","champ:SwordThrow","champ:Backstep"],"picked":"SKIP","floor":22},{"not_picked":["champ:Backstep+1","champ:GutPunch"],"picked":"champ:ShieldWall","floor":25},{"not_picked":["champ:ShieldSigil+1","champ:Haymaker"],"picked":"champ:HeartStrike+1","floor":27},{"not_picked":["champ:SwordSigil","champ:Backstep"],"picked":"champ:MurderStrike","floor":29},{"not_picked":["champ:PerfectedStrike+1","champ:Lariat+1"],"picked":"champ:ShieldSigil+1","floor":30},{"not_picked":["champ:PerfectedStrike","champ:TornadoPunch","champ:Shatter"],"picked":"SKIP","floor":32},{"not_picked":["champ:HoldFirm","champ:EnchantShield"],"picked":"champ:StrikeOfGenius","floor":33},{"not_picked":["champ:Circumvent+1","champ:BladeFlurry","champ:FocusedDefense"],"picked":"SKIP","floor":36},{"not_picked":["champ:Circumvent","champ:Shatter","champ:CrownThrow+1"],"picked":"SKIP","floor":38},{"not_picked":["champ:GutPunch","champ:BringItOn+1"],"picked":"champ:FocusedBerserking","floor":43},{"not_picked":["champ:PreemptiveStrike","champ:DeathBlow+1","champ:FalseCounter"],"picked":"SKIP","floor":44},{"not_picked":["champ:PreciseThrust","champ:BladeFlurry+1","champ:Endure"],"picked":"SKIP","floor":45},{"not_picked":["champ:SkillfulDodge","champ:EnGarde+1","champ:PerfectedStrike+1"],"picked":"SKIP","floor":48},{"not_picked":["champ:BladeFlurry","champ:BerserkersShout","champ:ShieldSigil"],"picked":"SKIP","floor":49}],"player_experience":105720,"relics_obtained":[{"floor":7,"key":"Blue Candle"},{"floor":12,"key":"Toy Ornithopter"},{"floor":12,"key":"Meat on the Bone"},{"floor":12,"key":"testmod-ThousandKnives"},{"floor":24,"key":"AT_RedTearstoneRing"},{"floor":27,"key":"AT_EbonyIvory"},{"floor":41,"key":"testmod-EqualTreatment"},{"floor":43,"key":"hubris:PeanutButter"}],"event_choices":[{"damage_healed":0,"gold_gain":0,"player_choice":"Swap Relic","damage_taken":0,"relics_obtained":["Calling Bell"],"max_hp_gain":0,"max_hp_loss":0,"event_name":"给自己的盒子","floor":12,"relics_lost":["Calling Bell"],"gold_loss":0},{"damage_healed":0,"gold_gain":0,"player_choice":"Leave","damage_taken":0,"max_hp_gain":0,"max_hp_loss":0,"event_name":"conspire:Investor","floor":21,"gold_loss":0},{"damage_healed":0,"gold_gain":400,"player_choice":"Sell","damage_taken":0,"max_hp_gain":0,"max_hp_loss":0,"event_name":"恩洛斯的盘子","floor":37,"relics_lost":["testmod-TestBox"],"gold_loss":0}],"is_beta":false,"boss_relics":[{"not_picked":["RhineFirstAidKit","testmod-StringDisintegrator"],"picked":"Coffee Dripper"},{"not_picked":["conspire:RunicOctahedron","testmod-DeterminationOfClimber"],"picked":"Empty Cage"}],"items_purged_floors":[10,22,39,46],"is_endless":false,"potions_floor_spawned":[3,5,8,15,19,25,29,36,48],"ascension_level":0}}