{"host":"7sryglll1si3bc7f","time":1611135175,"event":{"mods":["AchievementEnabler","BaseMod","Card Forge","Colored Map","Colored Powertips","Custom Start","Downfall","Friendly Minions","Hermit","Mimic Mod","Minty Spire (QoL Compilation)","Quick Restart","StSLib","The Construct","The Hierophant"],"gold_per_floor":[111,125,139,158,170,170,190,190,190,210,210,244,254,265,265,364,364,379,234,334,349,102,102,102,102,135,135,135,135],"floor_reached":27,"language":"ENG","playtime":1310,"items_purged":[],"score":315,"play_id":"c28c141a-c25c-465d-8ff5-6af4442ba67c","local_time":"20210120113255","daily_mods":["Heirloom"],"is_ascension_mode":true,"campfire_choices":[{"floor":6,"key":"REST"},{"floor":15,"key":"REST"},{"floor":23,"key":"REST"},{"floor":25,"key":"REST"}],"circlet_count":0,"master_deck":["hexamod:Sear","hexamod:Float","hexamod:EtherealExpedition","hexamod:FastForward","hexamod:BurningTouch","hexamod:ChargedBarrage","hexamod:SoulSteal","hexamod:GhostflameBarrier","hexamod:CatchUp+1","hexamod:PhantomFireball","hexamod:HeatCrush","hexamod:GhostflameInferno","hexamod:RadiantFlame","hexamod:Firestarter","hexamod:CouncilsJustice","hexamod:CouncilsJustice","hexamod:CouncilsJustice","Ghostly","Ghostly","Ghostly","hexamod:HeatMetal+1"],"relics":["hexamod:SpiritBrand","Hammer of Thor","Seething Fire","Anvil of the Gods","Ginger","Ice Cream","WingedGreaves","SacredBark","Chemical X","Slimebound:PreparedRelic","Singing Bowl"],"acts_visited":["Exordium","TheCity"],"potions_floor_usage":[16],"damage_taken":[{"damage":0,"enemies":"Cultist","floor":1,"turns":3},{"damage":5,"enemies":"Small Slimes","floor":2,"turns":3},{"damage":7,"enemies":"Jaw Worm","floor":3,"turns":3},{"damage":7,"enemies":"Looter","floor":4,"turns":3},{"damage":27,"enemies":"3 Louse","floor":5,"turns":4},{"damage":6,"enemies":"Blue Slaver","floor":7,"turns":3},{"damage":6,"enemies":"Looter","floor":10,"turns":3},{"damage":1,"enemies":"Lagavulin","floor":12,"turns":6},{"damage":0,"enemies":"Red Slaver","floor":13,"turns":3},{"damage":2,"enemies":"Exordium Wildlife","floor":14,"turns":3},{"damage":30,"enemies":"Hexaghost","floor":16,"turns":9},{"damage":51,"enemies":"Chosen","floor":18,"turns":6},{"damage":47,"enemies":"Spheric Guardian","floor":21,"turns":6},{"damage":2,"enemies":"Snecko","floor":26,"turns":4},{"damage":33,"enemies":"Slavers","floor":27,"turns":5}],"seed_played":"2398420504706950180","potions_obtained":[{"floor":1,"key":"sneckomod:MuddlingPotion"},{"floor":2,"key":"CultistPotion"},{"floor":12,"key":"GamblersBrew"},{"floor":13,"key":"LiquidBronze"},{"floor":16,"key":"FairyPotion"},{"floor":21,"key":"EntropicBrew"}],"is_trial":true,"path_per_floor":["M","M","M","M","M","R","M","?","T","M","?","E","M","M","R","B",null,"M","$","?","M","$","R","?","R","MIM","E"],"character_chosen":"THE_SPIRIT","items_purchased":["Chemical X","Slimebound:PreparedRelic"],"campfire_rested":4,"item_purchase_floors":[19,22],"current_hp_per_floor":[63,58,51,44,17,38,32,32,32,26,26,25,25,23,44,14,56,5,5,5,1,1,22,22,32,30,0,0,0],"gold":135,"neow_bonus":"","is_daily":false,"chose_seed":false,"campfire_upgraded":0,"win_rate":0.0,"timestamp":1611135175,"path_taken":["M","?","?","M","M","R","M","?","T","M","?","E","M","M","R","BOSS","M","$","?","?","$","R","?","R","MIM","E"],"items_purchased_type":["Relic","Relic"],"build_version":"2020-12-22","purchased_purges":0,"victory":false,"max_hp_per_floor":[70,70,70,70,70,70,70,70,70,70,70,70,70,70,70,70,70,70,70,70,70,70,70,35,35,35,35,35,35],"card_choices":[{"not_picked":["hexamod:ShieldOfDarkness","hexamod:RetreatToShadows"],"picked":"hexamod:EtherealExpedition","floor":1},{"not_picked":["hexamod:AdvancingGuard","hexamod:Hexaguard"],"picked":"hexamod:FastForward","floor":2},{"not_picked":["hexamod:Rewind","hexamod:FifthSeal"],"picked":"hexamod:BurningTouch","floor":3},{"not_picked":["hexamod:SwordOfDarkness","hexamod:PhantomFireball"],"picked":"hexamod:ChargedBarrage","floor":4},{"not_picked":["hexamod:ShieldOfDarkness","hexamod:ExtraCrispy"],"picked":"hexamod:SoulSteal","floor":5},{"not_picked":["hexamod:GhostOfSpirePast","hexamod:ShieldOfDarkness"],"picked":"hexamod:GhostflameBarrier","floor":7},{"not_picked":["hexamod:EtherealExpedition","hexamod:AdvancingGuard"],"picked":"hexamod:CatchUp","floor":10},{"not_picked":["hexamod:ParanormalForm","hexamod:GhostOfSpirePresent"],"picked":"hexamod:PhantomFireball","floor":12},{"not_picked":["hexamod:ThermalTransfer","hexamod:FastForward","hexamod:SwordOfDarkness"],"picked":"SKIP","floor":13},{"not_picked":["hexamod:Again","hexamod:Hexaguard"],"picked":"hexamod:HeatCrush","floor":14},{"not_picked":["hexamod:TimeWarp","hexamod:GhostOfSpirePresent"],"picked":"hexamod:GhostflameInferno","floor":16},{"not_picked":["hexamod:ThermalTransfer","hexamod:Hexaguard+1"],"picked":"hexamod:RadiantFlame","floor":18},{"not_picked":["hexamod:GhostOfSpirePast","hexamod:EtherealExpedition"],"picked":"hexamod:Firestarter","floor":21},{"not_picked":["hexamod:Rewind","hexamod:ExtraCrispy"],"picked":"hexamod:HeatMetal+1","floor":26}],"player_experience":601415,"relics_obtained":[{"floor":9,"key":"Ice Cream"},{"floor":12,"key":"WingedGreaves"},{"floor":26,"key":"Singing Bowl"}],"event_choices":[{"damage_healed":0,"gold_gain":0,"player_choice":"Searched \u00270\u0027 times","damage_taken":0,"max_hp_gain":0,"max_hp_loss":0,"event_name":"Dead Adventurer","floor":8,"gold_loss":0},{"damage_healed":0,"gold_gain":0,"player_choice":"Forge","damage_taken":0,"max_hp_gain":0,"max_hp_loss":0,"event_name":"Accursed Blacksmith","floor":11,"gold_loss":0,"cards_upgraded":["hexamod:CatchUp"]},{"damage_healed":0,"gold_gain":100,"player_choice":"Pray","damage_taken":0,"max_hp_gain":0,"max_hp_loss":0,"event_name":"Golden Shrine","floor":20,"gold_loss":0}],"is_beta":false,"boss_relics":[{"not_picked":["hexamod:IceCube","Ectoplasm"],"picked":"SacredBark"}],"items_purged_floors":[],"is_endless":false,"potions_floor_spawned":[1,2,12,13,16,21],"killed_by":"Slavers","ascension_level":9}}