{"host":"94qggqh0xz0sp6ai","time":1611121918,"event":{"mods":["100% Spire Juice","Abigail Mod","Act Like it!","BaseMod","CapriCore","Downfall","Friendly Minions","Gensokyo","Hermit","Jorbs\u0027s Wanderer Trilogy","Koishi","Marisa（霧雨　魔理沙）","Minty Spire (QoL Compilation)","Permanent Neow","Reimu（博??梦）","StSLib","The Alterego","The Construct","The Cursed","The Hierophant","The Immortal","The Marked","The Servant 0.9.4","TheBandit","Waifu the Spire"],"gold_per_floor":[117,117,127,51,66,66,12,30,30,50,78,78,113,195,195,270,270,287,30,48,48,59,59,93,93,93,93,118,134,149,175,187,276,288,320,47,64,64,0,327,327,345,345,345,89,89,139,167,167,167],"floor_reached":51,"language":"ENG","playtime":2388,"items_purged":[],"score":1576,"play_id":"2e7243bf-e4ed-40dc-b5ae-5b57eaf94aa7","local_time":"20210119235158","is_ascension_mode":true,"campfire_choices":[{"data":"MikOfLucky:ReiMu","floor":6,"key":"SMITH"},{"floor":12,"key":"REST"},{"floor":15,"key":"REST"},{"data":"InherentArray:ReiMu","floor":23,"key":"SMITH"},{"data":"NineCharacters:ReiMu","floor":25,"key":"SMITH"},{"floor":27,"key":"REST"},{"floor":32,"key":"REST"},{"data":"NineCharacters:ReiMu","floor":41,"key":"SMITH"},{"data":"FineLineFantasy:ReiMu","floor":44,"key":"SMITH"},{"data":"FoulBorder2:ReiMu","floor":46,"key":"SMITH"},{"floor":49,"key":"REST"}],"circlet_count":0,"master_deck":["AscendersBane","Strike_Lin:ReiMu","Strike_Lin:ReiMu","Strike_Lin:ReiMu","Defend_Lin:ReiMu","Defend_Lin:ReiMu","Defend_Lin:ReiMu","Defend_Lin:ReiMu","NB:ReiMu","Stagnation:ReiMu","Amulet:ReiMu","KyokaiOfKami:ReiMu","AirStrike:ReiMu","MikOfLucky:ReiMu+1","Gathering:ReiMu","SafetyPray:ReiMu","InherentArray:ReiMu+1","SealNeedle:ReiMu","SpreadBorder2:ReiMu+1","SpreadBorder2:ReiMu+1","CleanRite:ReiMu+1","Enchanting:ReiMu+1","YinYangSange:ReiMu","FineLineFantasy:ReiMu+1","SubAcupoint:ReiMu","SealNeedle:ReiMu","NineCharacters:ReiMu+1","Meditation:ReiMu+1","LovePray:ReiMu+1","CeremonyResonance:ReiMu+1","CurseOfTheBell","CareerPray:ReiMu+1","NineCharacters:ReiMu+1","UpKicking:ReiMu+1","AirManeuver:ReiMu+1","RainPray2:ReiMu+1","FoulBorder2:ReiMu+1","OctopathBindingBorder2:ReiMu","PassingAway:ReiMu+1"],"relics":["FlyPower:ReiMu","Sundial","Toxic Egg 2","construct:FoamFinger","The Courier","CrownOfHeavens:ReiMu","Vajra","Pear","Strawberry","BodyOfKamiR:ReiMu","Salt:ReiMu","MawBank","Calling Bell","Nunchaku","Kunai","Mango","Meat on the Bone","Red Mask","Old Coin","KaguraBell:ReiMu","Toolbox","Unceasing Top","Du-Vu Doll"],"acts_visited":["Exordium","TheCity","TheBeyond"],"potions_floor_usage":[11,13,28,33,40,50],"damage_taken":[{"damage":3,"enemies":"Jaw Worm","floor":1,"turns":7},{"damage":10,"enemies":"Cultist","floor":3,"turns":5},{"damage":3,"enemies":"Small Slimes","floor":5,"turns":4},{"damage":4,"enemies":"3 Louse","floor":8,"turns":4},{"damage":10,"enemies":"Large Slime","floor":10,"turns":9},{"damage":23,"enemies":"Gremlin Nob","floor":11,"turns":7},{"damage":8,"enemies":"3 Sentries","floor":13,"turns":13},{"damage":6,"enemies":"Hexaghost","floor":16,"turns":18},{"damage":9,"enemies":"Spheric Guardian","floor":18,"turns":6},{"damage":0,"enemies":"Chosen","floor":20,"turns":5},{"damage":0,"enemies":"3 Cultists","floor":22,"turns":5},{"damage":35,"enemies":"Book of Stabbing","floor":24,"turns":6},{"damage":24,"enemies":"Slavers","floor":28,"turns":3},{"damage":4,"enemies":"Shelled Parasite and Fungi","floor":29,"turns":7},{"damage":4,"enemies":"Snake Plant","floor":30,"turns":6},{"damage":11,"enemies":"Book of Stabbing","floor":31,"turns":8},{"damage":0,"enemies":"Collector","floor":33,"turns":8},{"damage":34,"enemies":"3 Darklings","floor":35,"turns":6},{"damage":14,"enemies":"Orb Walker","floor":37,"turns":5},{"damage":18,"enemies":"Reptomancer","floor":40,"turns":6},{"damage":0,"enemies":"Writhing Mass","floor":42,"turns":6},{"damage":7,"enemies":"2 Orb Walkers","floor":47,"turns":4},{"damage":11,"enemies":"Nemesis","floor":48,"turns":7},{"damage":13,"enemies":"Time Eater","floor":50,"turns":12}],"seed_played":"7124242710200979476","potions_obtained":[{"floor":10,"key":"Dexterity Potion"},{"floor":11,"key":"PinkPotion:ReiMu"},{"floor":13,"key":"Ancient Potion"},{"floor":16,"key":"Explosive Potion"},{"floor":18,"key":"Strength Potion"},{"floor":22,"key":"FairyPotion"},{"floor":29,"key":"Dexterity Potion"},{"floor":33,"key":"Fire Potion"},{"floor":48,"key":"Dexterity Potion"}],"is_trial":false,"path_per_floor":["M","?","M","$","M","R","$","M","T","M","E","R","E","T","R","B",null,"M","$","M","?","M","R","E","R","T","R","E","M","M","E","R","B",null,"M","$","M","$","?","E","R","M","T","R","$","R","?","E","R","B",null],"character_chosen":"REIMU","items_purchased":["MikOfLucky:ReiMu","SafetyPray:ReiMu","YinYangSange:ReiMu","FineLineFantasy:ReiMu","Vajra","Meat on the Bone","NineCharacters:ReiMu","Toolbox","FoulBorder2:ReiMu","OctopathBindingBorder2:ReiMu"],"campfire_rested":5,"item_purchase_floors":[4,7,19,19,19,36,36,45,45,45],"current_hp_per_floor":[57,57,47,47,44,44,44,40,40,30,7,26,18,18,37,31,57,48,48,48,58,58,58,30,30,30,54,30,26,22,11,35,35,85,51,51,49,49,49,43,43,55,55,55,55,55,60,49,78,65],"gold":167,"neow_bonus":"TEN_PERCENT_HP_BONUS","is_daily":false,"chose_seed":false,"campfire_upgraded":6,"win_rate":0.0,"timestamp":1611121918,"path_taken":["M","?","?","$","?","R","?","M","T","?","E","R","E","?","R","BOSS","M","$","M","?","M","R","E","R","T","R","E","M","M","E","R","BOSS","M","$","M","?","?","E","R","M","T","R","$","R","?","E","R","BOSS"],"items_purchased_type":["Card","Card","Card","Card","Relic","Relic","Card","Relic","Card","Card"],"build_version":"2020-12-22","purchased_purges":0,"victory":true,"max_hp_per_floor":[66,66,66,66,66,66,66,66,66,66,66,66,66,66,66,66,66,66,66,66,76,76,76,83,83,83,83,83,83,83,83,83,83,97,97,97,97,97,97,97,97,97,97,97,97,97,97,97,97,97],"card_choices":[{"not_picked":["EmergencyTakeOff:ReiMu","Enchanting:ReiMu"],"picked":"Amulet:ReiMu","floor":1},{"not_picked":["Enchanting:ReiMu","ManaGlint:ReiMu"],"picked":"AirStrike:ReiMu","floor":3},{"not_picked":["SpringWay:ReiMu","RainPray2:ReiMu"],"picked":"Gathering:ReiMu","floor":5},{"not_picked":["Gathering:ReiMu","CareerPray:ReiMu"],"picked":"InherentArray:ReiMu","floor":8},{"not_picked":["CareerPray:ReiMu","Enchanting:ReiMu"],"picked":"SealNeedle:ReiMu","floor":10},{"not_picked":["HakureiPhantom:ReiMu+1","Meditation:ReiMu+1"],"picked":"SpreadBorder2:ReiMu+1","floor":11},{"not_picked":["SpringWay:ReiMu+1","WonderfulDomain:ReiMu+1"],"picked":"SpreadBorder2:ReiMu+1","floor":13},{"not_picked":["Authority:ReiMu+1","YinYang:ReiMu"],"picked":"CleanRite:ReiMu+1","floor":16},{"not_picked":["OrbThrow:ReiMu+1","LearningPray:ReiMu+1"],"picked":"Enchanting:ReiMu+1","floor":18},{"not_picked":["Intuition:ReiMu+1","AlertArray:ReiMu+1"],"picked":"SubAcupoint:ReiMu","floor":20},{"not_picked":["YinYangSign:ReiMu","OrbThrow:ReiMu"],"picked":"SealNeedle:ReiMu","floor":22},{"not_picked":["Intuition:ReiMu+1","YinYangSign:ReiMu"],"picked":"NineCharacters:ReiMu","floor":24},{"not_picked":["AlertArray:ReiMu+1","CardOfSanctity:ReiMu+1"],"picked":"Meditation:ReiMu+1","floor":28},{"not_picked":["Conquer:ReiMu","PhosphorusFlame:ReiMu+1","EmergencyTakeOff:ReiMu+1"],"picked":"SKIP","floor":29},{"not_picked":["RainPray2:ReiMu+1","SpreadBorder2:ReiMu+1"],"picked":"LovePray:ReiMu+1","floor":30},{"not_picked":["BarrageOfMoneybags:ReiMu","PayForSelf:ReiMu","InherentArray:ReiMu"],"picked":"SKIP","floor":31},{"not_picked":["Dreaming:ReiMu","Authority:ReiMu+1"],"picked":"CeremonyResonance:ReiMu+1","floor":33},{"not_picked":["EmergencyTakeOff:ReiMu+1","SubAcupoint:ReiMu"],"picked":"CareerPray:ReiMu+1","floor":35},{"not_picked":["CollectionFlower2:ReiMu+1","Conquer:ReiMu+1"],"picked":"UpKicking:ReiMu+1","floor":37},{"not_picked":["Gathering:ReiMu","OrbThrow:ReiMu"],"picked":"AirManeuver:ReiMu+1","floor":40},{"not_picked":["SpringWay:ReiMu+1","DoubleButterfly:ReiMu"],"picked":"RainPray2:ReiMu+1","floor":42},{"not_picked":["Intuition:ReiMu+1","Meditation:ReiMu+1"],"picked":"PassingAway:ReiMu+1","floor":48}],"player_experience":1406429,"relics_obtained":[{"floor":9,"key":"Sundial"},{"floor":11,"key":"Toxic Egg 2"},{"floor":13,"key":"construct:FoamFinger"},{"floor":14,"key":"The Courier"},{"floor":24,"key":"Strawberry"},{"floor":26,"key":"BodyOfKamiR:ReiMu"},{"floor":28,"key":"Salt:ReiMu"},{"floor":31,"key":"MawBank"},{"floor":34,"key":"Nunchaku"},{"floor":34,"key":"Kunai"},{"floor":34,"key":"Mango"},{"floor":40,"key":"Old Coin"},{"floor":43,"key":"KaguraBell:ReiMu"},{"floor":47,"key":"Unceasing Top"},{"floor":48,"key":"Du-Vu Doll"}],"event_choices":[{"damage_healed":0,"gold_gain":0,"cards_transformed":["Strike_Lin:ReiMu"],"player_choice":"Transformed","damage_taken":0,"max_hp_gain":0,"max_hp_loss":0,"event_name":"Transmorgrifier","floor":2,"gold_loss":0,"cards_obtained":["KyokaiOfKami:ReiMu"]},{"damage_healed":0,"gold_gain":0,"player_choice":"Gave Potion","damage_taken":0,"relics_obtained":["Pear"],"max_hp_gain":0,"max_hp_loss":0,"event_name":"WeMeetAgain","floor":21,"gold_loss":0},{"damage_healed":0,"gold_gain":0,"player_choice":"Paid","damage_taken":0,"relics_obtained":["Red Mask"],"max_hp_gain":0,"max_hp_loss":0,"event_name":"Tomb of Lord Red Mask","floor":39,"gold_loss":64},{"damage_healed":0,"gold_gain":0,"player_choice":"Fight","damage_taken":0,"max_hp_gain":0,"max_hp_loss":0,"event_name":"Mysterious Sphere","floor":47,"gold_loss":0}],"is_beta":false,"boss_relics":[{"not_picked":["Philosopher\u0027s Stone","SlaversCollar"],"picked":"CrownOfHeavens:ReiMu"},{"not_picked":["Cursed Key","RedLine:ReiMu"],"picked":"Calling Bell"}],"items_purged_floors":[],"is_endless":false,"potions_floor_spawned":[10,11,13,16,18,22,24,29,33,35,37,48],"ascension_level":17}}