{"host":"7bzprrpqr2usgpra","time":1611183227,"event":{"mods":["ATMod(阿瑾Mod)","BaseMod","BetterRewards","Downfall","Energized Spire","HololiveMod","Lobotomy","Minty Spire (QoL Compilation)","MostiFishMod","Quick Restart","Spicy Shops","StSLib","TestMod","[IsaacMod]以撒尖塔"],"gold_per_floor":[110,185,185,195,209,209,241,241,267,282,282,2110,1960,1972,1972,2046,2046,2059,2459,2459,2476,2476,2476,2508,2508,2589,2514,2533,2550,2585,2611,2611,2697,2697,2715,2715,2715,2738,2738,2765,2765,2800,2800,2843,2875,2987,2889,2601,2601,2603,2603,2603,2253,2282,2287],"floor_reached":56,"language":"ZHS","playtime":1461,"items_purged":["Strike_B","Strike_B","Strike_B","Strike_B","Defend_B","Defend_B","Defend_B","Dualcast","Undo","Injury","Turbo","Ball Lightning+1"],"score":3025,"play_id":"c6b127e7-71cd-46fb-a7e4-83df38267839","local_time":"20210121065347","is_ascension_mode":true,"campfire_choices":[{"floor":6,"key":"RECALL"},{"data":"Apotheosis","floor":11,"key":"SMITH"},{"floor":15,"key":"REST"},{"floor":23,"key":"REST"},{"floor":32,"key":"REST"},{"data":"1","floor":41,"key":"LIFT"},{"data":"2","floor":49,"key":"LIFT"},{"data":"3","floor":52,"key":"LIFT"}],"circlet_count":0,"master_deck":["AscendersBane","DoctorFetus","AT_FamilyPortrait+1","Apotheosis+1","AT_FamilyPortrait+1","testmod-SubstituteBySubterfuge","Heatsinks","Machine Learning","Hyperbeam","testmod-Dream+1","Coolheaded","Capacitor+1","Jack Of All Trades","Storm+1","Defragment","MostiFishMod:StrandedSiren+1","MostiFishMod:SephirahHod","MostiFishMod:StarOceanB","testmod-AdversityCounterattack","MostiFishMod:ActiveDefenseSystem+1","testmod-DisillusionmentEcho","Consume","Defragment","testmod-FightingIntention","Doom and Gloom+1","Coolheaded+1","Storm+1","Mayhem","AT_ThunderBolt","testmod-Automaton","AT_ThreeBodyProblem","AT_RobotInSpace+1","MostiFishMod:Overload+1","AT_ThreeBodyProblem","AT_ThreeBodyProblem","MostiFishMod:Distribution+1","Recycle+1","Magnetism","Darkness+1","Static Discharge","MostiFishMod:Tomorrow+1","testmod-AssimilatedRune+1","Fusion+1","Core Surge","Self Repair+1","testmod-TreasureHunter","testmod-Collector","MostiFishMod:Tomorrow+1","MostiFishMod:Hijack+1"],"relics":["AT_ATBox","HushsDoor","DiscerningMonocle","YumHeart","testmod-EqualTreatment","Philosopher\u0027s Stone","SynthV:TestCard","testmod-IntensifyImprint","War Paint","DollysMirror","AT_EbonyIvory","AT_RedTearstoneRing","Akabeko","Oddly Smooth Stone","testmod-ArcanaOfDestiny","Sling","AnarchistCookbook","Chemical X","testmod-Justice","Dream Catcher","Sundial","MostiFishMod:Hod","Bottled Tornado","Darkstone Periapt","Boot","testmod-Acrobat","AT_BladeRuinedKing","HandDrill","Bronze Scales","Cables","BirthdayGift-Icosahedron","Strange Spoon","Toxic Egg 2","Red Mask","MostiFishMod:Haymaker","HaiYi:Twilight","Civilization","AT_ArchangelStaff","Technique","testmod-Muramasa","DaveBox","MostiFishMod:AdaptiveDefenses","Strawberry","AT_SilvercatRing","Girya","Art of War","Whetstone","Potion Belt","MawBank","HowToJump","ClockworkSouvenir","Vajra","ImprovedEquipment","Runic Capacitor","Blue Candle","Shuriken","SynthV:C4","Hololive_LightStick","SalivaCoin"],"acts_visited":["Exordium","TheCity","TheBeyond","TheEnding"],"potions_floor_usage":[12,16],"damage_taken":[{"damage":17,"enemies":"Small Slimes","floor":1,"turns":4},{"damage":2,"enemies":"Cultist","floor":4,"turns":3},{"damage":13,"enemies":"Jaw Worm","floor":5,"turns":4},{"damage":5,"enemies":"Lagavulin","floor":7,"turns":4},{"damage":1,"enemies":"2 Fungi Beasts","floor":10,"turns":2},{"damage":0,"enemies":"3 Sentries","floor":12,"turns":2},{"damage":0,"enemies":"3 Louse","floor":14,"turns":1},{"damage":0,"enemies":"Slime Boss","floor":16,"turns":3},{"damage":0,"enemies":"Spheric Guardian","floor":18,"turns":2},{"damage":24,"enemies":"2 Thieves","floor":21,"turns":2},{"damage":0,"enemies":"Book of Stabbing","floor":24,"turns":1},{"damage":0,"enemies":"Chosen and Byrds","floor":28,"turns":1},{"damage":0,"enemies":"Snake Plant","floor":29,"turns":1},{"damage":0,"enemies":"Masked Bandits","floor":30,"turns":1},{"damage":0,"enemies":"Gremlin Leader","floor":31,"turns":1},{"damage":0,"enemies":"Collector","floor":33,"turns":2},{"damage":0,"enemies":"3 Shapes","floor":35,"turns":1},{"damage":0,"enemies":"Orb Walker","floor":38,"turns":1},{"damage":0,"enemies":"Reptomancer","floor":40,"turns":1},{"damage":0,"enemies":"Giant Head","floor":42,"turns":1},{"damage":0,"enemies":"Reptomancer","floor":44,"turns":1},{"damage":0,"enemies":"Sphere and 2 Shapes","floor":45,"turns":1},{"damage":0,"enemies":"Donu and Deca","floor":50,"turns":1},{"damage":0,"enemies":"Shield and Spear","floor":54,"turns":1},{"damage":0,"enemies":"The Heart","floor":55,"turns":1}],"seed_played":"5999933433199949075","potions_obtained":[{"floor":1,"key":"Fire Potion"},{"floor":7,"key":"testmod-TimePotion"},{"floor":14,"key":"LiquidMemories"},{"floor":18,"key":"EssenceOfSteel"},{"floor":33,"key":"AttackPotion"},{"floor":42,"key":"ColorlessPotion"},{"floor":44,"key":"Block Potion"}],"is_trial":false,"path_per_floor":["M","?","$","M","M","R","E","$","T","M","R","E","$","M","R","B",null,"M","?","$","M","$","R","E","$","T","?","M","M","?","E","R","B",null,"M","$","?","M","$","E","R","E","T","E","M","?","?","$","R","B",null,"R","$","E","B",null],"character_chosen":"DEFECT","items_purchased":["testmod-IntensifyImprint","Apotheosis","War Paint","DollysMirror","AT_EbonyIvory","AT_RedTearstoneRing","testmod-SubstituteBySubterfuge","Heatsinks","Oddly Smooth Stone","testmod-ArcanaOfDestiny","Sling","Chemical X","testmod-Justice","Dream Catcher","Sundial","testmod-Dream","Coolheaded","Capacitor","Jack Of All Trades","MostiFishMod:StarOceanB","Bottled Tornado","Darkstone Periapt","Boot","testmod-Acrobat","MostiFishMod:ActiveDefenseSystem","testmod-DisillusionmentEcho","Defragment","testmod-FightingIntention","AT_BladeRuinedKing","HandDrill","Doom and Gloom","Mayhem","Cables","BirthdayGift-Icosahedron","Strange Spoon","AT_ThunderBolt","testmod-Automaton","Civilization","AT_ArchangelStaff","Technique","testmod-Muramasa","Magnetism","Darkness+1","Static Discharge","Strawberry","AT_SilvercatRing","Girya","Art of War","MostiFishMod:Tomorrow+1","testmod-AssimilatedRune+1","ClockworkSouvenir","Vajra","ImprovedEquipment","Runic Capacitor","testmod-TreasureHunter","Blue Candle","Shuriken","SynthV:C4","Hololive_LightStick","testmod-Collector","MostiFishMod:Tomorrow+1"],"campfire_rested":3,"item_purchase_floors":[3,3,3,3,3,3,3,3,8,8,8,13,13,13,13,13,13,13,13,17,20,20,20,20,20,20,22,22,22,22,22,25,25,25,25,25,25,36,36,36,36,36,36,36,39,39,39,39,39,39,48,48,48,48,48,53,53,53,53,53,53],"current_hp_per_floor":[71,60,60,58,45,45,40,40,40,64,64,64,64,64,71,71,67,67,67,67,67,67,67,67,67,67,67,67,67,67,67,67,67,67,67,67,67,68,75,77,77,80,80,84,89,89,89,95,95,100,100,100,100,105,110],"gold":2287,"neow_bonus":"BOSS_RELIC","is_daily":false,"chose_seed":false,"campfire_upgraded":1,"win_rate":0.0,"timestamp":1611183227,"path_taken":["M","?","$","M","M","R","E","$","T","?","R","E","$","M","R","BOSS","M","?","$","M","$","R","E","$","T","?","?","M","?","E","R","BOSS","M","$","?","M","$","E","R","E","T","E","M","?","?","$","R","BOSS","R","$","E","BOSS"],"items_purchased_type":["Relic","Card","Relic","Relic","Relic","Relic","Card","Card","Relic","Relic","Relic","Relic","Relic","Relic","Relic","Card","Card","Card","Card","Card","Relic","Relic","Relic","Relic","Card","Card","Card","Card","Relic","Relic","Card","Card","Relic","Relic","Relic","Card","Card","Relic","Relic","Relic","Relic","Card","Card","Card","Relic","Relic","Relic","Relic","Card","Card","Relic","Relic","Relic","Relic","Card","Relic","Relic","Relic","Relic","Card","Card"],"build_version":"2020-12-22","purchased_purges":12,"victory":true,"max_hp_per_floor":[71,71,71,71,71,71,71,71,71,71,71,71,71,71,71,71,67,67,67,67,67,67,67,67,67,67,67,67,67,67,67,67,67,67,67,67,67,68,75,77,77,80,80,84,89,89,89,95,95,100,100,100,100,105,110],"card_choices":[{"not_picked":[],"picked":"DoctorFetus","floor":0},{"not_picked":["Streamline","Recycle","Genetic Algorithm","Double Energy"],"picked":"Undo","floor":4},{"not_picked":["Cold Snap","Beam Cell","Chill","Coolheaded"],"picked":"Machine Learning","floor":5},{"not_picked":["Undo","Compile Driver","Redo","Recycle"],"picked":"Turbo","floor":7},{"not_picked":["Beam Cell","Gash","Glacier","Undo"],"picked":"Hyperbeam","floor":10},{"not_picked":["MostiFishMod:PushDownKick","Redo","Cold Snap","Doom and Gloom"],"picked":"Ball Lightning","floor":12},{"not_picked":["Barrage","AT_EMC2","Pulse","Doom and Gloom"],"picked":"Storm","floor":14},{"not_picked":["MostiFishMod:Distribution","Beam Cell","Reprogram","Streamline"],"picked":"Defragment","floor":15},{"not_picked":["Biased Cognition","Rainbow","MostiFishMod:IceShield","Fission"],"picked":"MostiFishMod:StrandedSiren","floor":16},{"not_picked":["Stack","Rebound","AT_HeatAcrobatics","Ball Lightning","Steam+1"],"picked":"SKIP","floor":18},{"not_picked":["Conserve Battery","FTL","AT_EMC2","Redo"],"picked":"Consume","floor":21},{"not_picked":["Conserve Battery+1","Stack","Rebound","Leap+1"],"picked":"Coolheaded","floor":23},{"not_picked":["Melter","Hologram","Leap","Redo"],"picked":"Storm","floor":24},{"not_picked":["Turbo+1","MostiFishMod:LinkProtocol+1","Amplify+1","Chill+1"],"picked":"AT_ThreeBodyProblem","floor":28},{"not_picked":["Compile Driver","Conserve Battery+1","MostiFishMod:PushDownKick","Hologram+1"],"picked":"AT_RobotInSpace+1","floor":29},{"not_picked":["AT_EMC2+1","Leap+1","Conserve Battery+1","Redo+1"],"picked":"MostiFishMod:Overload+1","floor":30},{"not_picked":["Redo+1","Rip and Tear","Rebound","White Noise+1"],"picked":"AT_ThreeBodyProblem","floor":31},{"not_picked":["Beam Cell","Rebound","MostiFishMod:ReprogramOld+1","MostiFishMod:Impulse+1"],"picked":"AT_ThreeBodyProblem","floor":32},{"not_picked":["MostiFishMod:SeaWaves","Hyperbeam","MostiFishMod:IceShield+1","AT_RightCognition"],"picked":"MostiFishMod:Distribution+1","floor":33},{"not_picked":["Cold Snap","AT_HeatAcrobatics+1","Streamline","Scrape"],"picked":"Recycle+1","floor":35},{"not_picked":["Leap+1","Rebound","Hologram+1","Sweeping Beam+1","FTL"],"picked":"SKIP","floor":38},{"not_picked":["Skim+1","Stack+1","Coolheaded+1","Doom and Gloom","MostiFishMod:PushDownKick+1"],"picked":"SKIP","floor":40},{"not_picked":["Conserve Battery+1","Turbo+1","Go for the Eyes+1","Scrape+1"],"picked":"Fusion+1","floor":42},{"not_picked":["Heatsinks","Streamline","Rebound","Chaos+1"],"picked":"Core Surge","floor":44},{"not_picked":["Leap+1","Conserve Battery+1","Redo+1","Beam Cell","Go for the Eyes"],"picked":"SKIP","floor":45},{"not_picked":["Turbo+1","Cold Snap","Gash","Coolheaded+1"],"picked":"Self Repair+1","floor":46},{"not_picked":["Gash","Auto Shields+1","Streamline","Chill+1"],"picked":"MostiFishMod:Hijack+1","floor":54}],"player_experience":279575,"relics_obtained":[{"floor":1,"key":"SynthV:TestCard"},{"floor":7,"key":"Akabeko"},{"floor":12,"key":"AnarchistCookbook"},{"floor":24,"key":"Bronze Scales"},{"floor":26,"key":"Toxic Egg 2"},{"floor":30,"key":"Red Mask"},{"floor":31,"key":"MostiFishMod:Haymaker"},{"floor":40,"key":"Whetstone"},{"floor":42,"key":"Potion Belt"},{"floor":43,"key":"MawBank"},{"floor":44,"key":"HowToJump"},{"floor":54,"key":"SalivaCoin"}],"event_choices":[{"damage_healed":0,"gold_gain":75,"player_choice":"Gather Gold","damage_taken":11,"max_hp_gain":0,"max_hp_loss":0,"event_name":"World of Goop","floor":2,"gold_loss":0},{"damage_healed":0,"gold_gain":400,"player_choice":"Sell","damage_taken":0,"max_hp_gain":0,"max_hp_loss":0,"event_name":"恩洛斯的盘子","floor":19,"relics_lost":["testmod-TestBox"],"gold_loss":0},{"cards_removed":["Defend_B"],"damage_healed":0,"gold_gain":0,"player_choice":"Gave Gold","damage_taken":0,"max_hp_gain":0,"max_hp_loss":0,"event_name":"Beggar","floor":27,"gold_loss":75},{"damage_healed":0,"gold_gain":0,"player_choice":"Fought Bandits","damage_taken":0,"max_hp_gain":0,"max_hp_loss":0,"event_name":"Masked Bandits","floor":30,"gold_loss":0},{"damage_healed":0,"gold_gain":0,"player_choice":"Swap Relic","damage_taken":0,"relics_obtained":["DaveBox"],"max_hp_gain":0,"max_hp_loss":0,"event_name":"给自己的盒子","floor":37,"relics_lost":["DaveBox"],"gold_loss":0},{"cards_removed":["Zap"],"damage_healed":0,"gold_gain":0,"player_choice":"Upgrade and Remove","damage_taken":0,"max_hp_gain":0,"max_hp_loss":0,"event_name":"Designer","floor":47,"gold_loss":110,"cards_upgraded":["Capacitor"]}],"is_beta":false,"boss_relics":[{"not_picked":["TakeMeEscape","testmod-KeyOfTheVoid"],"picked":"MostiFishMod:Hod"},{"not_picked":[]},{"not_picked":["Velvet Choker","Runic Dome"],"picked":"HaiYi:Twilight"},{"not_picked":[]}],"items_purged_floors":[3,8,13,13,20,22,36,39,48,48,53,53],"is_endless":false,"potions_floor_spawned":[1,7,14,18,31,33,40,42,44,45],"ascension_level":18}}