{"host":"l60rmjjsfi0fipmi","time":1611105746,"event":{"mods":["BaseMod","Colored Map","DeckTracker","Highlight Path","Minty Spire (QoL Compilation)","StSLib","The Cursed","The Servant 0.9.4"],"gold_per_floor":[113,128,148,0,11,11,11,31,31,43,43,43,75,89,89,184,184,196,196,96,109,122,122,49,49,124,124,142,155,170,184,184,281,281,301,319,168,180,30,30,42,42,42,42,62,62,62,62],"floor_reached":47,"language":"ENG","playtime":2648,"items_purged":["Strike_B","Strike_B","Defend_B","Defend_B"],"score":520,"play_id":"04df2657-06a3-4dd9-bfda-1aa6a636dcf0","local_time":"20210119202226","is_ascension_mode":true,"campfire_choices":[{"data":"Zap","floor":6,"key":"SMITH"},{"data":"Defragment","floor":12,"key":"SMITH"},{"floor":15,"key":"REST"},{"data":"Flash of Steel","floor":23,"key":"SMITH"},{"data":"Defragment","floor":25,"key":"SMITH"},{"data":"FTL","floor":27,"key":"SMITH"},{"floor":32,"key":"REST"},{"data":"Hologram","floor":40,"key":"SMITH"},{"data":"Hologram","floor":42,"key":"SMITH"},{"data":"Coolheaded","floor":44,"key":"SMITH"}],"circlet_count":0,"master_deck":["Strike_B","Strike_B","Defend_B","Defend_B","Zap+1","Dualcast","Flash of Steel+1","Cold Snap","Compile Driver","FTL+1","Defragment+1","Gash","Defragment+1","Gash","CurseOfTheBell","Rebound","Defragment+1","Coolheaded+1","Self Repair+1","Sweeping Beam","Hologram+1","Hologram+1","Turbo+1","Writhe","Parasite"],"relics":["Cracked Core","Lizard Tail","Bird Faced Urn","Calling Bell","Regal Pillow","Eternal Feather","WingedGreaves","White Beast Statue","Inserter","Dream Catcher"],"acts_visited":["Exordium","TheCity","TheBeyond"],"potions_floor_usage":[5,31,33,33,33,45,47],"damage_taken":[{"damage":1,"enemies":"Cultist","floor":1,"turns":3},{"damage":7,"enemies":"Jaw Worm","floor":2,"turns":3},{"damage":4,"enemies":"2 Louse","floor":3,"turns":3},{"damage":0,"enemies":"Gremlin Gang","floor":5,"turns":5},{"damage":3,"enemies":"Blue Slaver","floor":8,"turns":3},{"damage":0,"enemies":"Large Slime","floor":10,"turns":4},{"damage":15,"enemies":"3 Sentries","floor":13,"turns":7},{"damage":30,"enemies":"Gremlin Gang","floor":14,"turns":4},{"damage":4,"enemies":"The Guardian","floor":16,"turns":10},{"damage":15,"enemies":"Chosen","floor":18,"turns":5},{"damage":20,"enemies":"2 Thieves","floor":21,"turns":4},{"damage":7,"enemies":"Chosen and Byrds","floor":22,"turns":4},{"damage":37,"enemies":"Shelled Parasite and Fungi","floor":28,"turns":6},{"damage":27,"enemies":"Centurion and Healer","floor":29,"turns":7},{"damage":6,"enemies":"Sentry and Sphere","floor":30,"turns":5},{"damage":27,"enemies":"Shelled Parasite and Fungi","floor":31,"turns":6},{"damage":82,"enemies":"Collector","floor":33,"turns":12},{"damage":44,"enemies":"3 Darklings","floor":35,"turns":6},{"damage":18,"enemies":"3 Shapes","floor":36,"turns":4},{"damage":33,"enemies":"Spire Growth","floor":38,"turns":6},{"damage":25,"enemies":"Maw","floor":41,"turns":7},{"damage":58,"enemies":"3 Darklings","floor":45,"turns":8},{"damage":48,"enemies":"Writhing Mass","floor":47,"turns":3}],"seed_played":"6368884892550198188","potions_obtained":[{"floor":1,"key":"SneckoOil"},{"floor":5,"key":"SkillPotion"},{"floor":8,"key":"FearPotion"},{"floor":21,"key":"Ancient Potion"},{"floor":29,"key":"LiquidMemories"},{"floor":31,"key":"SpeedPotion"},{"floor":33,"key":"FocusPotion"},{"floor":35,"key":"EssenceOfSteel"},{"floor":36,"key":"Dexterity Potion"},{"floor":45,"key":"FearPotion"}],"is_trial":false,"path_per_floor":["M","M","M","$","M","R","?","M","T","M","$","R","E","M","R","B",null,"M","?","$","M","M","R","$","R","T","R","M","M","M","M","R","B",null,"M","M","$","M","$","R","M","R","T","R","M","?","M"],"character_chosen":"DEFECT","items_purchased":["Defragment","Defragment","Hologram"],"campfire_rested":2,"item_purchase_floors":[4,24,37],"current_hp_per_floor":[74,67,63,63,63,63,63,60,60,60,60,60,45,19,41,41,75,64,64,64,48,45,54,54,63,63,72,41,20,32,23,72,47,75,45,43,43,28,28,40,33,45,45,57,17,36,0,0],"gold":62,"neow_bonus":"RANDOM_COLORLESS","is_daily":false,"chose_seed":false,"campfire_upgraded":8,"win_rate":0.0,"timestamp":1611105746,"path_taken":["M","M","M","$","?","R","?","M","T","M","$","R","E","M","R","BOSS","M","?","$","M","M","R","$","R","T","R","M","M","M","M","R","BOSS","M","M","$","M","$","R","M","R","T","R","?","?","M"],"items_purchased_type":["Card","Card","Card"],"build_version":"2020-12-22","purchased_purges":4,"victory":false,"max_hp_per_floor":[75,75,75,75,75,75,75,75,75,75,75,75,75,75,75,75,75,75,75,75,75,75,75,75,75,75,75,75,75,75,75,75,75,75,75,75,75,75,75,75,75,75,75,75,75,75,75,75],"card_choices":[{"not_picked":["Madness","Impatience"],"picked":"Flash of Steel","floor":0},{"not_picked":["Chaos","Sweeping Beam"],"picked":"Cold Snap","floor":1},{"not_picked":["Streamline","Sweeping Beam"],"picked":"Compile Driver","floor":2},{"not_picked":["Capacitor","Turbo"],"picked":"FTL","floor":3},{"not_picked":["Loop","Beam Cell"],"picked":"Gash","floor":5},{"not_picked":["Conserve Battery","Auto Shields","Barrage"],"picked":"SKIP","floor":8},{"not_picked":["Force Field","Barrage","Sweeping Beam"],"picked":"SKIP","floor":10},{"not_picked":["Barrage","All For One"],"picked":"Defragment","floor":13},{"not_picked":["Compile Driver","Conserve Battery"],"picked":"Gash","floor":14},{"not_picked":["Chaos","Coolheaded"],"picked":"Rebound","floor":18},{"not_picked":["Rebound","Doom and Gloom+1","Reinforced Body"],"picked":"SKIP","floor":21},{"not_picked":["Redo+1","Fusion","Compile Driver"],"picked":"SKIP","floor":22},{"not_picked":["Heatsinks","FTL"],"picked":"Coolheaded","floor":28},{"not_picked":["Barrage","Leap+1"],"picked":"Self Repair+1","floor":29},{"not_picked":["Hyperbeam","Cold Snap+1","Stack+1"],"picked":"SKIP","floor":30},{"not_picked":["Skim+1","Cold Snap+1","Conserve Battery"],"picked":"SKIP","floor":31},{"not_picked":["Capacitor+1","FTL"],"picked":"Sweeping Beam","floor":35},{"not_picked":["Gash","Melter"],"picked":"Hologram","floor":36},{"not_picked":["Hologram","Darkness+1","Chill"],"picked":"SKIP","floor":38},{"not_picked":["Static Discharge+1","Tempest+1","Cold Snap"],"picked":"SKIP","floor":41},{"not_picked":["Ball Lightning","Scrape"],"picked":"Turbo+1","floor":45}],"player_experience":502372,"relics_obtained":[{"floor":9,"key":"Lizard Tail"},{"floor":13,"key":"Bird Faced Urn"},{"floor":17,"key":"Regal Pillow"},{"floor":17,"key":"Eternal Feather"},{"floor":17,"key":"WingedGreaves"},{"floor":26,"key":"White Beast Statue"},{"floor":43,"key":"Dream Catcher"}],"event_choices":[{"damage_healed":0,"gold_gain":0,"player_choice":"Fled","damage_taken":0,"max_hp_gain":0,"max_hp_loss":0,"event_name":"Scrap Ooze","floor":7,"gold_loss":0},{"damage_healed":0,"gold_gain":0,"player_choice":"Upgraded","damage_taken":0,"max_hp_gain":0,"max_hp_loss":0,"event_name":"Upgrade Shrine","floor":19,"gold_loss":0,"cards_upgraded":["Defragment"]},{"damage_healed":19,"gold_gain":0,"player_choice":"Writhe","damage_taken":0,"max_hp_gain":0,"max_hp_loss":0,"event_name":"Winding Halls","floor":46,"gold_loss":0,"cards_obtained":["Writhe"]}],"is_beta":false,"boss_relics":[{"not_picked":["Snecko Eye","Runic Dome"],"picked":"Calling Bell"},{"not_picked":["Busted Crown","Tiny House"],"picked":"Inserter"}],"items_purged_floors":[4,20,37,39],"is_endless":false,"potions_floor_spawned":[1,5,8,21,22,28,29,30,31,33,35,36,38,41,45],"killed_by":"Writhing Mass","ascension_level":4}}