{"host":"tf5skwcwe0vlu2md","time":1611146648,"event":{"mods":["BaseMod","Downfall","Highlight Path","Minty Spire (QoL Compilation)","Quick Restart","StSLib","The Hierophant"],"gold_per_floor":[14,14,26,26,41,73,87,120,173,186,198,213,23,41,41,137,137,152,152,152,177,177,205,205,239,307,336,30,48,48,58,58,155,155,168,23,33,44,44,44,76,92,140,171,217,242,242,242,242,242,242,242,12,37,37,37],"floor_reached":55,"playtime":4244,"items_purged":[],"score":991,"play_id":"51585eff-6749-47a1-89c1-3c4b96b886a0","local_time":"20210120234408","is_ascension_mode":true,"campfire_choices":[{"data":"Corruption","floor":15,"key":"SMITH"},{"data":"Clash","floor":30,"key":"SMITH"},{"data":"Whirlwind","floor":32,"key":"SMITH"},{"floor":40,"key":"REST"},{"floor":49,"key":"RECALL"},{"data":"Double Tap","floor":52,"key":"SMITH"}],"circlet_count":0,"master_deck":["Strike_R","Strike_R","Strike_R","Strike_R","Strike_R","Defend_R","Defend_R","Defend_R","Defend_R","Bash","Fiend Fire+1","Dual Wield+1","Cleave","Corruption+1","Intimidate","Clash","Thunderclap","Burning Pact","Feel No Pain","Reaper","Clash+1","Clash","Clash+1","Whirlwind+1","Battle Trance","Reaper","Dark Embrace+1","Dual Wield+1","Seeing Red+1","Double Tap+1","Evolve","Combust+1"],"relics":["Burning Blood","Centennial Puzzle","Meat on the Bone","Happy Flower","Juzu Bracelet","SacredBark","CultistMask","Oddly Smooth Stone","Red Skull","Sundial","Matryoshka","Ice Cream","Black Star","Chemical X","Du-Vu Doll","StoneCalendar","Orichalcum","Art of War","Mummified Hand","Omamori","Bird Faced Urn","Pen Nib","Kunai","Blood Vial","Gremlin Horn"],"acts_visited":["Exordium","TheCity","TheBeyond","TheEnding"],"potions_floor_usage":[10,16,18,23,25,27,38,41,41,45,46,54,54,54],"damage_taken":[{"damage":6,"enemies":"Jaw Worm","floor":1,"turns":4},{"damage":11,"enemies":"2 Louse","floor":3,"turns":3},{"damage":0,"enemies":"Small Slimes","floor":5,"turns":2},{"damage":30,"enemies":"3 Sentries","floor":6,"turns":10},{"damage":20,"enemies":"Gremlin Gang","floor":7,"turns":6},{"damage":19,"enemies":"Gremlin Nob","floor":8,"turns":4},{"damage":17,"enemies":"Exordium Thugs","floor":10,"turns":3},{"damage":11,"enemies":"Lots of Slimes","floor":11,"turns":3},{"damage":9,"enemies":"Gremlin Gang","floor":12,"turns":5},{"damage":7,"enemies":"3 Louse","floor":14,"turns":4},{"damage":44,"enemies":"Hexaghost","floor":16,"turns":10},{"damage":9,"enemies":"Shell Parasite","floor":18,"turns":2},{"damage":70,"enemies":"Book of Stabbing","floor":23,"turns":6},{"damage":66,"enemies":"Slavers","floor":25,"turns":8},{"damage":29,"enemies":"Gremlin Leader","floor":27,"turns":5},{"damage":22,"enemies":"2 Thieves","floor":29,"turns":2},{"damage":34,"enemies":"Chosen and Byrds","floor":31,"turns":6},{"damage":21,"enemies":"Automaton","floor":33,"turns":6},{"damage":5,"enemies":"Orb Walker","floor":35,"turns":2},{"damage":50,"enemies":"3 Shapes","floor":37,"turns":4},{"damage":46,"enemies":"Maw","floor":38,"turns":6},{"damage":55,"enemies":"Nemesis","floor":41,"turns":9},{"damage":21,"enemies":"Jaw Worm Horde","floor":42,"turns":3},{"damage":21,"enemies":"Giant Head","floor":44,"turns":6},{"damage":63,"enemies":"2 Orb Walkers","floor":45,"turns":5},{"damage":22,"enemies":"Reptomancer","floor":46,"turns":4},{"damage":76,"enemies":"Donu and Deca","floor":50,"turns":6},{"damage":28,"enemies":"Shield and Spear","floor":54,"turns":4},{"damage":84,"enemies":"The Heart","floor":55,"turns":3}],"seed_played":"-7187414786994267579","potions_obtained":[{"floor":1,"key":"SneckoOil"},{"floor":5,"key":"BloodPotion"},{"floor":10,"key":"Fire Potion"},{"floor":12,"key":"Regen Potion"},{"floor":18,"key":"AttackPotion"},{"floor":25,"key":"DistilledChaos"},{"floor":33,"key":"PowerPotion"},{"floor":37,"key":"Dexterity Potion"},{"floor":38,"key":"SkillPotion"},{"floor":44,"key":"Slimebound:ThreeZeroPotion"},{"floor":45,"key":"Weak Potion"}],"is_trial":false,"path_per_floor":["M","?","M","?","M","E","M","E","T","M","M","M","$","M","R","B",null,"M","?","?","T","?","E","?","E","T","E","$","M","R","M","R","B",null,"M","$","M","M","?","R","E","M","T","E","?","E","?","?","R","B",null,"R","$","E","B"],"character_chosen":"IRONCLAD","items_purchased":["Juzu Bracelet","Feel No Pain","Ice Cream","Chemical X","Fire Potion","Explosive Potion","Explosive Potion","Evolve"],"campfire_rested":1,"item_purchase_floors":[13,13,28,36,53,53,53,53],"current_hp_per_floor":[80,80,75,80,85,61,47,34,34,52,59,56,56,55,55,29,85,82,95,95,95,95,43,43,50,50,57,57,53,53,45,45,42,95,95,95,63,46,46,74,37,48,48,52,21,56,56,56,56,24,95,95,95,81,0,0],"gold":37,"neow_bonus":"THREE_RARE_CARDS","is_daily":false,"chose_seed":false,"campfire_upgraded":4,"win_rate":0.0,"timestamp":1611146648,"path_taken":["M","?","M","?","M","E","M","E","T","M","M","M","?","M","R","BOSS","M","?","?","?","?","E","?","E","T","E","$","M","R","M","R","BOSS","M","$","M","M","?","R","E","M","T","E","?","E","?","?","R","BOSS","R","$","E","BOSS"],"items_purchased_type":["Relic","Card","Relic","Relic","Potion","Potion","Potion","Card"],"build_version":"2020-12-13","purchased_purges":0,"victory":false,"max_hp_per_floor":[80,80,80,85,85,85,85,85,85,85,85,85,85,85,85,85,85,85,95,95,95,95,95,95,95,95,95,95,95,95,95,95,95,95,95,95,95,95,95,95,95,95,95,95,95,95,95,95,95,95,95,95,95,95,95,95],"card_choices":[{"not_picked":["Berserk","Brutality"],"picked":"Fiend Fire","floor":0},{"not_picked":["Reckless Charge","Flame Barrier"],"picked":"Dual Wield","floor":1},{"not_picked":["Body Slam","Heavy Blade"],"picked":"Cleave","floor":3},{"not_picked":["Carnage","Thunderclap"],"picked":"Ghostly Armor","floor":5},{"not_picked":["Flex","Heavy Blade"],"picked":"Corruption","floor":6},{"not_picked":["Hemokinesis","Clothesline"],"picked":"Intimidate","floor":7},{"not_picked":["Iron Wave","Havoc"],"picked":"Clash","floor":8},{"not_picked":["Hemokinesis","Clothesline"],"picked":"Thunderclap","floor":10},{"not_picked":["Warcry","Flame Barrier","Shrug It Off"],"picked":"SKIP","floor":11},{"not_picked":["Warcry","Flame Barrier","Shrug It Off"],"picked":"SKIP","floor":11},{"not_picked":["Combust","Bloodletting"],"picked":"Burning Pact","floor":12},{"not_picked":["Armaments","Perfected Strike"],"picked":"Barricade","floor":14},{"not_picked":["Fiend Fire","Exhume"],"picked":"Reaper","floor":16},{"not_picked":["Iron Wave","Cleave+1"],"picked":"Clash","floor":18},{"not_picked":["Warcry","Headbutt+1"],"picked":"Clash","floor":23},{"not_picked":["Uppercut","Entrench+1"],"picked":"Clash+1","floor":25},{"not_picked":["Twin Strike+1","Reckless Charge"],"picked":"Whirlwind","floor":27},{"not_picked":["Power Through","Reckless Charge"],"picked":"Battle Trance","floor":29},{"not_picked":["Pommel Strike","Shrug It Off","Flex"],"picked":"SKIP","floor":31},{"not_picked":["Offering","Feed"],"picked":"Reaper","floor":33},{"not_picked":["Reckless Charge","Metallicize+1"],"picked":"Dark Embrace+1","floor":35},{"not_picked":["Havoc+1","Shrug It Off+1","Inflame+1"],"picked":"SKIP","floor":37},{"not_picked":["Evolve","Pommel Strike","Headbutt"],"picked":"SKIP","floor":38},{"not_picked":["Clothesline+1","Whirlwind+1","Havoc"],"picked":"SKIP","floor":41},{"not_picked":["Heavy Blade","Twin Strike+1"],"picked":"Dual Wield+1","floor":42},{"not_picked":["Flex","Wild Strike+1"],"picked":"Seeing Red+1","floor":44},{"not_picked":["Uppercut+1","Spot Weakness+1"],"picked":"Double Tap","floor":46},{"not_picked":["Bloodletting","Shrug It Off"],"picked":"Combust+1","floor":54}],"player_experience":224361,"relics_obtained":[{"floor":6,"key":"Centennial Puzzle"},{"floor":8,"key":"Meat on the Bone"},{"floor":9,"key":"Happy Flower"},{"floor":23,"key":"Oddly Smooth Stone"},{"floor":25,"key":"Red Skull"},{"floor":26,"key":"Sundial"},{"floor":27,"key":"Matryoshka"},{"floor":41,"key":"Du-Vu Doll"},{"floor":41,"key":"StoneCalendar"},{"floor":43,"key":"Orichalcum"},{"floor":43,"key":"Art of War"},{"floor":44,"key":"Mummified Hand"},{"floor":44,"key":"Omamori"},{"floor":45,"key":"Bird Faced Urn"},{"floor":46,"key":"Pen Nib"},{"floor":46,"key":"Kunai"},{"floor":54,"key":"Blood Vial"},{"floor":54,"key":"Gremlin Horn"}],"event_choices":[{"damage_healed":0,"gold_gain":0,"player_choice":"Grow","damage_taken":0,"max_hp_gain":0,"max_hp_loss":0,"event_name":"Living Wall","floor":2,"gold_loss":0,"cards_upgraded":["Fiend Fire"]},{"damage_healed":0,"gold_gain":0,"player_choice":"Donut","damage_taken":0,"max_hp_gain":5,"max_hp_loss":0,"event_name":"Big Fish","floor":4,"gold_loss":0},{"cards_removed":["Barricade"],"damage_healed":3,"gold_gain":0,"player_choice":"Offered Rare","damage_taken":0,"max_hp_gain":10,"max_hp_loss":0,"event_name":"Bonfire Elementals","floor":19,"gold_loss":0},{"damage_healed":0,"gold_gain":0,"player_choice":"Trade","damage_taken":0,"relics_obtained":["CultistMask"],"max_hp_gain":0,"max_hp_loss":0,"event_name":"FaceTrader","floor":20,"gold_loss":0},{"damage_healed":0,"gold_gain":0,"player_choice":"Upgraded","damage_taken":0,"max_hp_gain":0,"max_hp_loss":0,"event_name":"Upgrade Shrine","floor":22,"gold_loss":0,"cards_upgraded":["Dual Wield"]},{"damage_healed":0,"gold_gain":0,"player_choice":"Ignored","damage_taken":0,"max_hp_gain":0,"max_hp_loss":0,"event_name":"Ghosts","floor":24,"gold_loss":0},{"damage_healed":0,"gold_gain":0,"player_choice":"Ignored","damage_taken":0,"max_hp_gain":0,"max_hp_loss":0,"event_name":"The Moai Head","floor":39,"gold_loss":0},{"damage_healed":0,"gold_gain":0,"player_choice":"Fight","damage_taken":0,"max_hp_gain":0,"max_hp_loss":0,"event_name":"Mysterious Sphere","floor":45,"gold_loss":0},{"damage_healed":0,"gold_gain":0,"player_choice":"Ignored","damage_taken":0,"max_hp_gain":0,"max_hp_loss":0,"event_name":"Tomb of Lord Red Mask","floor":47,"gold_loss":0},{"cards_removed":["Ghostly Armor"],"damage_healed":0,"gold_gain":0,"player_choice":"Removed Skill","damage_taken":0,"max_hp_gain":0,"max_hp_loss":0,"event_name":"Falling","floor":48,"gold_loss":0}],"is_beta":false,"boss_relics":[{"not_picked":["Runic Dome","Mark of Pain"],"picked":"SacredBark"},{"not_picked":["Pandora\u0027s Box","Tiny House"],"picked":"Black Star"}],"items_purged_floors":[],"is_endless":false,"potions_floor_spawned":[1,5,10,12,18,25,33,37,38,44,45],"killed_by":"The Heart","ascension_level":3}}