{"host":"7bzprrpqr2usgpra","time":1611184970,"event":{"mods":["ATMod(°¢èªMod)","BaseMod","BetterRewards","Downfall","Energized Spire","HololiveMod","Lobotomy","Minty Spire (QoL Compilation)","MostiFishMod","Quick Restart","Spicy Shops","StSLib","TestMod","[IsaacMod]ÒÔÈö¼âËþ"],"gold_per_floor":[119,119,133,146,71,115,150,150,150,150,179,255,255,314,314,387,387,406,406,806,817,832,832,845,873,873,918,918,918,429,450,450,536,536,555,555,205,205,236,290,307,344,344,399,430,430,216,236,236,243,243,243,117,154,164],"floor_reached":56,"language":"ZHS","playtime":1391,"items_purged":["Defend_P","Defend_P","Defend_P","Vigilance"],"score":2734,"play_id":"06f472bb-59c3-4bf5-9cf5-ded91add3d2f","local_time":"20210121072250","is_ascension_mode":true,"campfire_choices":[{"floor":13,"key":"RECALL"},{"data":"MostiFishMod:StarHerder","floor":15,"key":"SMITH"},{"data":"MasterReality","floor":23,"key":"SMITH"},{"data":"AT_FamilyPortrait","floor":28,"key":"SMITH"},{"data":"Tantrum","floor":32,"key":"SMITH"},{"floor":49,"key":"REST"},{"data":"testmod-ChaoticCore","floor":52,"key":"SMITH"}],"circlet_count":0,"master_deck":["AscendersBane","Eruption","BettingIsNotGood","AT_FamilyPortrait+1","CrushJoints","Wallop","Pray","MostiFishMod:StarHerder+1","MostiFishMod:Clarity","Tantrum+1","MasterReality+1","TalkToTheHand","Slimebound:Tackle+1","Slimebound:Tackle+1","Slimebound:Tackle+1","FlurryOfBlows","Vault","testmod-ChaoticCore+1","MostiFishMod:LegendTransform+1","PathToVictory","Ragnarok","AT_OneInchPunch","AT_PowerWithin+1","Fasting2+1"],"relics":["AT_ATBox","HushsDoor","DaveBox","BirthdayGift-Icosahedron","DoctorsRemote","testmod-ChristmasGift","GreenFoldingFan","SynthV:TestCard","AT_TimeSand","GnawedLeaf","Meat on the Bone","AT_ChloranthyRing","TuHaoJin","PatriotShield","Mercury Hourglass","testmod-TheFather","Yang","Shuriken","testmod-CardMagician","SteamSale","testmod-Fortitude","Frozen Egg 2","testmod-RainbowHikingShoes","HornCleat","Pocketwatch","Letter Opener","PreservedInsect","AT_DeathDance","testmod-IndustrialRevolution","Dodecahedron","Pear"],"acts_visited":["Exordium","TheCity","TheBeyond","TheEnding"],"potions_floor_usage":[6,11,14,16,24,45],"damage_taken":[{"damage":14,"enemies":"2 Louse","floor":1,"turns":2},{"damage":9,"enemies":"Small Slimes","floor":3,"turns":2},{"damage":4,"enemies":"Cultist","floor":4,"turns":3},{"damage":6,"enemies":"3 Sentries","floor":6,"turns":2},{"damage":13,"enemies":"Red Slaver","floor":7,"turns":3},{"damage":2,"enemies":"Lagavulin","floor":11,"turns":2},{"damage":15,"enemies":"3 Sentries","floor":14,"turns":3},{"damage":18,"enemies":"The Guardian","floor":16,"turns":6},{"damage":0,"enemies":"3 Byrds","floor":18,"turns":1},{"damage":0,"enemies":"Spheric Guardian","floor":21,"turns":1},{"damage":3,"enemies":"Snake Plant","floor":22,"turns":1},{"damage":1,"enemies":"Shelled Parasite and Fungi","floor":24,"turns":2},{"damage":0,"enemies":"Book of Stabbing","floor":25,"turns":2},{"damage":8,"enemies":"Slavers","floor":27,"turns":2},{"damage":0,"enemies":"Snecko","floor":31,"turns":1},{"damage":0,"enemies":"Collector","floor":33,"turns":1},{"damage":3,"enemies":"3 Darklings","floor":35,"turns":1},{"damage":0,"enemies":"Orb Walker","floor":39,"turns":2},{"damage":6,"enemies":"Reptomancer","floor":40,"turns":2},{"damage":3,"enemies":"Spire Growth","floor":41,"turns":1},{"damage":0,"enemies":"Nemesis","floor":42,"turns":3},{"damage":3,"enemies":"Hiden Room Battle","floor":44,"turns":3},{"damage":0,"enemies":"Mind Bloom Boss Battle","floor":45,"turns":2},{"damage":31,"enemies":"Writhing Mass","floor":48,"turns":2},{"damage":8,"enemies":"Donu and Deca","floor":50,"turns":2},{"damage":0,"enemies":"Shield and Spear","floor":54,"turns":1},{"damage":4,"enemies":"The Heart","floor":55,"turns":4}],"seed_played":"5331332633757091939","potions_obtained":[{"floor":7,"key":"champ:CounterPotion"},{"floor":11,"key":"Block Potion"},{"floor":16,"key":"LiquidMemories"},{"floor":21,"key":"GamblersBrew"},{"floor":22,"key":"champ:CounterPotion"},{"floor":33,"key":"bronze:BurnAndBuffPotion"},{"floor":40,"key":"AttackPotion"},{"floor":42,"key":"PowerPotion"},{"floor":48,"key":"LiquidMemories"}],"is_trial":false,"path_per_floor":["M","?","M","M","$","E","M","?","T","?","E","T","R","?","R","B",null,"M","?","?","M","M","R","M","E","T","E","R","?","$","M","R","B",null,"M","?","$","T","M","E","M","E","T","?","?","?","$","M","R","B",null,"R","$","E","B",null],"character_chosen":"WATCHER","items_purchased":["Shuriken","SteamSale","testmod-Fortitude","testmod-ChaoticCore","AT_DeathDance","testmod-IndustrialRevolution","Dodecahedron"],"campfire_rested":1,"item_purchase_floors":[30,37,37,37,47,53,53],"current_hp_per_floor":[58,51,55,63,63,68,67,41,41,41,55,55,55,53,53,53,64,68,68,68,68,68,68,68,68,68,68,68,68,68,68,68,68,68,68,65,65,65,65,65,65,65,65,65,65,65,65,45,64,65,65,65,65,75,75],"gold":164,"neow_bonus":"BOSS_RELIC","is_daily":false,"chose_seed":false,"campfire_upgraded":5,"win_rate":0.0,"timestamp":1611184970,"path_taken":["M","?","M","?","?","E","M","?","T","?","E","?","R","?","R","BOSS","M","?","?","M","?","R","M","E","T","E","R","?","$","M","R","BOSS","M","?","$","?","M","E","M","E","T","?","?","?","?","M","R","BOSS","R","$","E","BOSS"],"items_purchased_type":["Relic","Relic","Relic","Card","Relic","Relic","Relic"],"build_version":"2020-12-22","purchased_purges":4,"victory":true,"max_hp_per_floor":[68,68,68,68,68,68,68,68,68,68,68,68,68,68,68,68,68,68,68,68,68,68,68,68,68,68,68,68,68,68,68,68,68,68,68,65,65,65,65,65,65,65,65,65,65,65,65,65,65,65,65,65,65,75,75],"card_choices":[{"not_picked":[],"picked":"BettingIsNotGood","floor":0},{"not_picked":["Prostrate","SashWhip"],"picked":"CrushJoints","floor":1},{"not_picked":["CrushJoints","InnerPeace","FlyingSleeves","Evaluate"],"picked":"Wallop","floor":3},{"not_picked":["Swivel","EmptyFist","MostiFishMod:Speedup","BowlingBash"],"picked":"Pray","floor":4},{"not_picked":["SignatureMove","AT_RealFormLess","Nirvana","Wallop"],"picked":"MostiFishMod:StarHerder","floor":6},{"not_picked":["BowlingBash","SashWhip","Prostrate","Collect","ClearTheMind"],"picked":"SKIP","floor":7},{"not_picked":["Wireheading","Protect","WaveOfTheHand","EmptyBody","MostiFishMod:FlowState"],"picked":"SKIP","floor":11},{"not_picked":["Evaluate","AT_OneInchPunch","SandsOfTime","Halt"],"picked":"Tantrum","floor":14},{"not_picked":["MostiFishMod:StarHerder","Judgement","AT_MachinaRedman","MostiFishMod:Moonprays"],"picked":"MasterReality","floor":16},{"not_picked":["ThirdEye","EmptyFist","CarveReality","Evaluate"],"picked":"TalkToTheHand","floor":18},{"not_picked":["Halt","Adaptation","BowlingBash","JustLucky"],"picked":"FlurryOfBlows","floor":21},{"not_picked":["CrushJoints","Collect","Evaluate","Crescendo","Protect"],"picked":"SKIP","floor":22},{"not_picked":["ClearTheMind","EmptyBody+1","FlurryOfBlows","CrushJoints","CarveReality"],"picked":"SKIP","floor":24},{"not_picked":["FlyingSleeves","PathToVictory","EmptyBody","MostiFishMod:LegendTransform","MostiFishMod:StarLaLaLa"],"picked":"SKIP","floor":25},{"not_picked":["Prostrate","Halt","DeceiveReality","FlyingSleeves","SignatureMove"],"picked":"SKIP","floor":27},{"not_picked":["Consecrate","BowlingBash","DeusExMachina","ClearTheMind","SashWhip"],"picked":"SKIP","floor":31},{"not_picked":["Omniscience","MasterReality","Establishment","MostiFishMod:Moonprays"],"picked":"Vault","floor":33},{"not_picked":["FlyingSleeves","BattleHymn","Meditate","ClearTheMind","EmptyBody+1"],"picked":"SKIP","floor":35},{"not_picked":["CutThroughFate","SashWhip+1","EmptyFist","ClearTheMind+1","Study+1"],"picked":"SKIP","floor":39},{"not_picked":["EmptyMind","Adaptation+1","Indignation+1","Conclude"],"picked":"MostiFishMod:LegendTransform+1","floor":40},{"not_picked":["BowlingBash","SignatureMove","WreathOfFlame+1","EmptyBody"],"picked":"PathToVictory","floor":41},{"not_picked":["EmptyBody","CutThroughFate+1","LikeWater+1","ThirdEye","Nirvana+1"],"picked":"SKIP","floor":42},{"not_picked":["Wallop","Consecrate","SignatureMove","Protect"],"picked":"Ragnarok","floor":44},{"not_picked":["Evaluate","MentalFortress+1","AT_DivineConfetti","MostiFishMod:LegendTransform+1"],"picked":"AT_OneInchPunch","floor":45},{"not_picked":["Good Instincts","Madness","MostiFishMod:ButterFly","testmod-BackupPower"],"picked":"AT_PowerWithin+1","floor":46},{"not_picked":["JustLucky","EmptyFist","Weave","Wallop","SignatureMove"],"picked":"SKIP","floor":48},{"not_picked":["FlurryOfBlows","ThirdEye","MostiFishMod:ScryFuture+1","SashWhip+1"],"picked":"Fasting2+1","floor":54}],"player_experience":281036,"relics_obtained":[{"floor":1,"key":"SynthV:TestCard"},{"floor":6,"key":"AT_TimeSand"},{"floor":9,"key":"Meat on the Bone"},{"floor":11,"key":"AT_ChloranthyRing"},{"floor":14,"key":"TuHaoJin"},{"floor":25,"key":"Mercury Hourglass"},{"floor":26,"key":"testmod-TheFather"},{"floor":27,"key":"Yang"},{"floor":38,"key":"Frozen Egg 2"},{"floor":40,"key":"testmod-RainbowHikingShoes"},{"floor":42,"key":"HornCleat"},{"floor":43,"key":"Pocketwatch"},{"floor":44,"key":"Letter Opener"},{"floor":44,"key":"PreservedInsect"},{"floor":54,"key":"Pear"}],"event_choices":[{"cards_removed":["Defend_P"],"damage_healed":0,"gold_gain":0,"player_choice":"Card Removal","damage_taken":7,"max_hp_gain":0,"max_hp_loss":0,"event_name":"Golden Wing","floor":2,"gold_loss":0},{"damage_healed":0,"gold_gain":0,"player_choice":"Success","damage_taken":26,"relics_obtained":["GnawedLeaf"],"max_hp_gain":0,"max_hp_loss":0,"event_name":"Scrap Ooze","floor":8,"gold_loss":0},{"damage_healed":0,"gold_gain":0,"cards_transformed":["Strike_P"],"player_choice":"Change","damage_taken":0,"max_hp_gain":0,"max_hp_loss":0,"event_name":"Living Wall","floor":10,"gold_loss":0,"cards_obtained":["MostiFishMod:Clarity"]},{"damage_healed":0,"gold_gain":0,"player_choice":"Searched \u00271\u0027 times","damage_taken":0,"max_hp_gain":0,"max_hp_loss":0,"event_name":"Dead Adventurer","floor":14,"gold_loss":0},{"damage_healed":0,"gold_gain":400,"player_choice":"Sell","damage_taken":0,"max_hp_gain":0,"max_hp_loss":0,"event_name":"¶÷ÂåË¹µÄÅÌ×Ó","floor":20,"relics_lost":["testmod-TestBox"],"gold_loss":0},{"damage_healed":0,"gold_gain":0,"player_choice":"Max HP","damage_taken":0,"max_hp_gain":0,"max_hp_loss":3,"event_name":"Winding Halls","floor":36,"gold_loss":0},{"damage_healed":0,"gold_gain":0,"player_choice":"Fight","damage_taken":0,"max_hp_gain":0,"max_hp_loss":0,"event_name":"HidenRoomEvent","floor":44,"gold_loss":0},{"damage_healed":0,"gold_gain":0,"player_choice":"Fight","damage_taken":0,"max_hp_gain":0,"max_hp_loss":0,"event_name":"MindBloom","floor":45,"gold_loss":0},{"damage_healed":0,"gold_gain":0,"player_choice":"Memory 1","damage_taken":0,"max_hp_gain":0,"max_hp_loss":0,"event_name":"SensoryStone","floor":46,"gold_loss":0}],"is_beta":false,"boss_relics":[{"not_picked":["SacredBark","testmod-BatchProcessingSystem"],"picked":"PatriotShield"},{"not_picked":[]},{"not_picked":["testmod-NegativeEmotionEnhancer","energizedSpire:DeadBattery"],"picked":"testmod-CardMagician"},{"not_picked":[]}],"items_purged_floors":[5,30,30,47],"is_endless":false,"potions_floor_spawned":[7,11,16,21,22,33,40,42,48,54],"ascension_level":18}}