{"host":"usrgk25etjl0nf5i","time":1611124881,"event":{"mods":["2.2 Compatiblity","BaseMod","Downfall","Hubris","Minty Spire (QoL Compilation)","StSLib","SuperFastMode"],"gold_per_floor":[115,133,133,133,146,146,146,146,146,146,158,177,17,17,17,17,17],"floor_reached":16,"language":"ENG","playtime":394,"items_purged":[],"score":140,"play_id":"d80b5392-2473-4e72-8c0e-ff5b83d2c923","local_time":"20210119224121","is_ascension_mode":true,"campfire_choices":[{"floor":6,"key":"REST"},{"floor":8,"key":"REST"},{"floor":15,"key":"REST"}],"circlet_count":0,"master_deck":["AscendersBane","Strike_B","Strike_B","Strike_B","Strike_B","Defend_B","Defend_B","Defend_B","Defend_B+1","Zap","Dualcast","All For One+1","Leap","Hologram","Hologram","Buffer","Injury"],"relics":["Cracked Core","hubris:Icosahedron","Toy Ornithopter","Golden Idol"],"acts_visited":["Exordium"],"potions_floor_usage":[16],"damage_taken":[{"damage":1,"enemies":"Cultist","floor":1,"turns":3},{"damage":11,"enemies":"Small Slimes","floor":2,"turns":3},{"damage":3,"enemies":"2 Louse","floor":5,"turns":3},{"damage":24,"enemies":"Lots of Slimes","floor":11,"turns":9},{"damage":2,"enemies":"2 Fungi Beasts","floor":12,"turns":4},{"damage":68,"enemies":"Hexaghost","floor":16,"turns":11}],"seed_played":"2054922568249385154","potions_obtained":[{"floor":2,"key":"Weak Potion"},{"floor":11,"key":"sneckomod:MuddlingPotion"},{"floor":12,"key":"FocusPotion"}],"is_trial":false,"path_per_floor":["M","M","?","?","M","R","?","R","T","?","M","M","$","?","R","B"],"character_chosen":"DEFECT","items_purchased":["Buffer"],"campfire_rested":3,"item_purchase_floors":[13],"current_hp_per_floor":[49,38,38,23,20,42,42,64,64,64,40,38,38,38,60,0,0],"gold":17,"neow_bonus":"THREE_RARE_CARDS","is_daily":false,"chose_seed":false,"campfire_upgraded":0,"win_rate":0.0,"timestamp":1611124881,"path_taken":["M","?","?","?","M","R","?","R","T","?","M","?","$","?","R","BOSS"],"items_purchased_type":["Card"],"build_version":"2020-12-22","purchased_purges":0,"victory":false,"max_hp_per_floor":[75,75,75,75,75,75,75,75,75,75,75,75,75,75,75,75,75],"card_choices":[{"not_picked":["Core Surge","hubris:DoWhile"],"picked":"All For One","floor":0},{"not_picked":["Steam","Storm","Sweeping Beam"],"picked":"SKIP","floor":1},{"not_picked":["Ball Lightning","Hello World"],"picked":"Leap","floor":2},{"not_picked":["Compile Driver","Redo","Barrage"],"picked":"SKIP","floor":5},{"not_picked":["Thunder Strike","Coolheaded"],"picked":"Hologram","floor":11},{"not_picked":["Ball Lightning","Barrage","Coolheaded"],"picked":"SKIP","floor":12}],"player_experience":656055,"relics_obtained":[{"floor":9,"key":"Toy Ornithopter"}],"event_choices":[{"damage_healed":0,"gold_gain":0,"player_choice":"Entered Light","damage_taken":15,"max_hp_gain":0,"max_hp_loss":0,"event_name":"Shining Light","floor":4,"gold_loss":0,"cards_upgraded":["All For One","Defend_B"]},{"damage_healed":0,"gold_gain":0,"player_choice":"Bought 0 Potions","damage_taken":0,"max_hp_gain":0,"max_hp_loss":0,"event_name":"The Woman in Blue","floor":10,"gold_loss":0},{"damage_healed":0,"gold_gain":0,"player_choice":"Take Wound","damage_taken":0,"relics_obtained":["Golden Idol"],"max_hp_gain":0,"max_hp_loss":0,"event_name":"Golden Idol","floor":14,"gold_loss":0,"cards_obtained":["Injury"]}],"is_beta":false,"boss_relics":[],"items_purged_floors":[],"is_endless":false,"potions_floor_spawned":[2,11,12],"killed_by":"Hexaghost","ascension_level":11}}