{"host":"s8eu5oacnz2jj6un","time":1611182956,"event":{"mods":["AchievementEnabler","Act Like it!","Astrologer","BaseMod","Colored Powertips","KinomotoSakuraMod(????)","Lobotomy","Marisa????????","Minty Spire (QoL Compilation)","Remilia??????","Replay The Spire","Shop Mod","StSLib","The Senshi","The Servant 0.9.4","Yuri Mod"],"gold_per_floor":[114,131,142,142,156,156,156,156,156,176,176,251,251,45,45,45,45],"floor_reached":16,"language":"ENG","playtime":2350,"items_purged":[],"score":144,"play_id":"d395c40f-e1b6-47da-a0bf-e62048772d3b","local_time":"20210120234916","is_ascension_mode":true,"campfire_choices":[{"floor":6,"key":"RECALL"},{"floor":8,"key":"REST"},{"floor":11,"key":"REST"},{"data":"RedMoon","floor":13,"key":"SMITH"},{"data":"ScarletNetherworld","floor":15,"key":"SMITH"}],"circlet_count":0,"master_deck":["AscendersBane","Strike_RM+1","Strike_RM+1","Strike_RM+1","Strike_RM+1","Defend_RM","Defend_RM","Defend_RM","Defend_RM","RedMoon+1","ScarletShoot","RedRainbow","ScarletNetherworld+1","EternalNight","CharismaGuard","Languid"],"relics":["ScarletHat","MerchantsRug","Lee\u0027s Waffle"],"acts_visited":["Exordium"],"potions_floor_usage":[5],"damage_taken":[{"damage":0,"enemies":"Cultist","floor":1,"turns":4},{"damage":10,"enemies":"Jaw Worm","floor":2,"turns":6},{"damage":0,"enemies":"Small Slimes","floor":3,"turns":3},{"damage":31,"enemies":"3 Louse","floor":5,"turns":6},{"damage":0,"enemies":"Blue Slaver","floor":10,"turns":3},{"damage":89,"enemies":"Fading Forest","floor":16,"turns":9}],"seed_played":"5204397337347366524","potions_obtained":[{"floor":3,"key":"GamblersBrew"},{"floor":5,"key":"Reflective Coating"}],"is_trial":false,"path_per_floor":["M","M","M","?","M","R","?","R","T","M","R","?","R","$","R","B"],"character_chosen":"REMILIA","items_purchased":["MerchantsRug","Lee\u0027s Waffle"],"campfire_rested":2,"item_purchase_floors":[14,14],"current_hp_per_floor":[68,60,60,60,30,30,12,34,34,34,56,45,45,82,82,0,0],"gold":45,"neow_bonus":"THREE_CARDS","is_daily":false,"chose_seed":false,"campfire_upgraded":2,"win_rate":0.0,"timestamp":1611182956,"path_taken":["M","?","M","?","M","R","?","R","T","M","R","?","R","$","R","BOSS"],"items_purchased_type":["Relic","Relic"],"build_version":"2020-12-22","purchased_purges":0,"victory":false,"max_hp_per_floor":[75,75,75,75,75,75,75,75,75,75,75,75,75,82,82,82,82],"card_choices":[{"not_picked":["VampireKiss","RedNightlessCastle"],"picked":"RedRainbow","floor":0},{"not_picked":["ScarletImprint","EmergencyRegeneration"],"picked":"ScarletNetherworld","floor":1},{"not_picked":["RedRainbow","DevilSight"],"picked":"EternalNight","floor":2},{"not_picked":["EndlessAdversity","VampireKiss"],"picked":"CharismaGuard","floor":3},{"not_picked":["Steam","yuri:yuriHeavyStrike","Fire Breathing"],"picked":"SKIP","floor":5},{"not_picked":["Terror","DarkSpark","Defy"],"picked":"SKIP","floor":10}],"player_experience":741431,"relics_obtained":[],"event_choices":[{"damage_healed":0,"gold_gain":0,"player_choice":"Success","damage_taken":18,"relics_obtained":["Replay:Bottled Eggs"],"max_hp_gain":0,"max_hp_loss":0,"event_name":"Scrap Ooze","floor":7,"gold_loss":0},{"damage_healed":0,"gold_gain":75,"player_choice":"Gather Gold","damage_taken":11,"max_hp_gain":0,"max_hp_loss":0,"event_name":"World of Goop","floor":12,"gold_loss":0}],"is_beta":false,"boss_relics":[],"items_purged_floors":[],"is_endless":false,"potions_floor_spawned":[3,5],"killed_by":"Fading Forest","ascension_level":12}}