{"host":"skr63qsdfgeey3it","time":1611173113,"event":{"mods":["BaseMod","Colored Map","Hubris","Minty Spire (QoL Compilation)","Replay The Spire","Spicy Shops","StSLib"],"gold_per_floor":[119,119,139,6,22,22,56,56,56,56,70,89,102,131,131,131,131],"floor_reached":16,"language":"ENG","playtime":538,"items_purged":[],"score":179,"play_id":"2160c36c-0212-4bd1-aa58-9e4c7664c8e6","local_time":"20210120140513","is_ascension_mode":true,"campfire_choices":[{"data":"Riddle With Holes","floor":6,"key":"SMITH"},{"floor":10,"key":"REST"}],"circlet_count":0,"master_deck":["AscendersBane","Strike_G","Strike_G","Strike_G","Strike_G","Strike_G","Defend_G","Defend_G","Defend_G","Defend_G","Defend_G","Survivor","Neutralize","Footwork","Riddle With Holes+1","Replay:Sssssssssshield","Finisher","Accuracy+1"],"relics":["Ring of the Snake","NeowsBlessing","hubris:MysteriousPyramids","PrismaticShard","Regal Pillow","Tiny Chest","Art of War"],"acts_visited":["Exordium"],"potions_floor_usage":[11,14],"damage_taken":[{"damage":0,"enemies":"2 Louse","floor":1,"turns":1},{"damage":0,"enemies":"Cultist","floor":3,"turns":1},{"damage":0,"enemies":"Small Slimes","floor":5,"turns":1},{"damage":32,"enemies":"3 Sentries","floor":7,"turns":12},{"damage":8,"enemies":"Looter","floor":11,"turns":3},{"damage":0,"enemies":"3 Louse","floor":12,"turns":3},{"damage":9,"enemies":"Red Slaver","floor":13,"turns":3},{"damage":28,"enemies":"Lagavulin","floor":14,"turns":5},{"damage":44,"enemies":"The Guardian","floor":16,"turns":11}],"seed_played":"-4745020245085028646","potions_obtained":[{"floor":1,"key":"ColorlessPotion"},{"floor":7,"key":"DistilledChaos"},{"floor":13,"key":"FearPotion"}],"is_trial":false,"path_per_floor":["M","?","M","$","M","R","E","$","T","R","M","M","M","E","R_BF","B"],"character_chosen":"THE_SILENT","items_purchased":["PrismaticShard","Riddle With Holes"],"campfire_rested":1,"item_purchase_floors":[4,4],"current_hp_per_floor":[63,63,63,63,63,63,31,31,31,67,59,59,50,22,58,14,14],"gold":131,"neow_bonus":"THREE_ENEMY_KILL","is_daily":false,"chose_seed":false,"campfire_upgraded":1,"win_rate":0.0,"timestamp":1611173113,"path_taken":["M","?","?","$","M","R","E","$","T","R","M","M","M","E","R_BF","BOSS"],"items_purchased_type":["Relic","Card"],"build_version":"2020-12-22","purchased_purges":0,"victory":false,"max_hp_per_floor":[70,70,70,70,70,70,70,70,70,70,70,70,70,70,70,70,70],"card_choices":[{"not_picked":["Expertise","Concentrate"],"picked":"Footwork","floor":1},{"not_picked":["Dodge and Roll","hubris:SlightOfHand","Heel Hook"],"picked":"SKIP","floor":3},{"not_picked":["Outmaneuver","PathToVictory","Scrape"],"picked":"SKIP","floor":5},{"not_picked":["Headbutt","SpiritShield","Cloak And Dagger"],"picked":"SKIP","floor":7},{"not_picked":["Havoc","Redo","Bane"],"picked":"SKIP","floor":11},{"not_picked":["FollowUp","Clash"],"picked":"Replay:Sssssssssshield","floor":12},{"not_picked":["Rage","Caltrops"],"picked":"Finisher","floor":13},{"not_picked":["Poisoned Stab","Toxin Wave"],"picked":"Accuracy","floor":14}],"player_experience":778703,"relics_obtained":[{"floor":7,"key":"Regal Pillow"},{"floor":9,"key":"Tiny Chest"},{"floor":14,"key":"Art of War"}],"event_choices":[{"damage_healed":0,"gold_gain":0,"player_choice":"Gave Potion","damage_taken":0,"relics_obtained":["hubris:MysteriousPyramids"],"max_hp_gain":0,"max_hp_loss":0,"event_name":"WeMeetAgain","floor":2,"gold_loss":0}],"is_beta":false,"boss_relics":[],"items_purged_floors":[],"is_endless":false,"potions_floor_spawned":[1,7,13],"killed_by":"The Guardian","ascension_level":12}}