{"host":"refsn2q8at3dn95k","time":1611175164,"event":{"mods":["BaseMod","Hubris","Infinite Spire","Minty Spire (QoL Compilation)","Replay The Spire","StSLib","The Jungle"],"gold_per_floor":[114,132,112,122,133,133,153,166,193,193,209,209,134,309,309,409,409,420,434,434,185,185,219,236,236,236,249,269,269,300,99,99,99,99],"floor_reached":33,"language":"ENG","playtime":2384,"items_purged":["Strike_B","Doubt","Defend_B"],"score":293,"play_id":"d0704f14-1e63-4509-b589-26c387054ce7","local_time":"20210120143924","is_ascension_mode":true,"campfire_choices":[{"data":"hubris:Ukulele","floor":6,"key":"SMITH"},{"floor":10,"key":"REST"},{"data":"Crystallizer","floor":12,"key":"SMITH"},{"floor":15,"key":"DIG"},{"floor":25,"key":"REST"},{"floor":29,"key":"REST"},{"floor":32,"key":"REST"}],"circlet_count":0,"master_deck":["Strike_B","Strike_B","Strike_B","Defend_B","Defend_B","Defend_B","Zap","Dualcast","hubris:Ukulele+1","Crystallizer+1","Mirror Shield","hubris:DuctTapeCard","hubris:NaturalOne","Static Discharge"],"relics":["hubris:RunicObelisk","Iron Hammer","Painkiller Herb","hubris:Icosahedron","PreservedInsect","Replay:Arrowhead","hubris:DuctTape","Matryoshka"],"acts_visited":["Exordium","TheCity"],"potions_floor_usage":[4,7,19,19,24,27,27],"damage_taken":[{"damage":1,"enemies":"Cultist","floor":1,"turns":4},{"damage":0,"enemies":"2 Louse","floor":2,"turns":2},{"damage":0,"enemies":"Jaw Worm","floor":4,"turns":3},{"damage":0,"enemies":"3 Louse","floor":5,"turns":4},{"damage":7,"enemies":"Blue Slaver","floor":7,"turns":3},{"damage":9,"enemies":"2 Fungi Beasts","floor":8,"turns":4},{"damage":0,"enemies":"Looter","floor":11,"turns":4},{"damage":30,"enemies":"Slime Boss","floor":16,"turns":10},{"damage":2,"enemies":"Shell Parasite","floor":18,"turns":6},{"damage":11,"enemies":"2 Thieves","floor":19,"turns":4},{"damage":45,"enemies":"Book of Stabbing","floor":23,"turns":6},{"damage":8,"enemies":"3 Cultists","floor":24,"turns":5},{"damage":18,"enemies":"Centurion and Healer","floor":27,"turns":4},{"damage":2,"enemies":"Snecko","floor":28,"turns":4},{"damage":12,"enemies":"Gremlin Leader","floor":30,"turns":6},{"damage":46,"enemies":"hubris:MusketHawk","floor":33,"turns":6}],"seed_played":"-178287710409597348","potions_obtained":[{"floor":2,"key":"DuplicationPotion"},{"floor":3,"key":"Languid Potion"},{"floor":4,"key":"ColorlessPotion"},{"floor":16,"key":"BlessingOfTheForge"},{"floor":18,"key":"Elixir"},{"floor":23,"key":"Milkshake"},{"floor":30,"key":"Energy Potion"}],"is_trial":false,"path_per_floor":["M","M","?","M","M","R","M","M","T","R","M","R","$","?","R","B",null,"?","?","?","T","?","E","?","T","T","?","?","T","E","T","T","B"],"character_chosen":"DEFECT","items_purchased":["PreservedInsect","Static Discharge"],"campfire_rested":4,"item_purchase_floors":[21,31],"current_hp_per_floor":[74,74,74,74,74,74,67,58,58,75,75,75,75,75,75,45,75,73,62,62,62,62,17,9,31,31,13,11,33,21,21,43,0,0],"gold":99,"neow_bonus":"BOSS_RELIC","is_daily":false,"chose_seed":false,"campfire_upgraded":2,"win_rate":0.0,"timestamp":1611175164,"path_taken":["M","?","?","M","M","R","?","M","T","R","M","R","$","?","R","BOSS","?","?","?","T","?","E","?","T","T","?","?","T","E","T","T","BOSS"],"items_purchased_type":["Relic","Card"],"build_version":"2020-12-22","purchased_purges":3,"victory":false,"max_hp_per_floor":[75,75,75,75,75,75,75,75,75,75,75,75,75,75,75,75,75,75,75,75,75,75,75,75,75,75,75,75,75,75,75,75,75,75],"card_choices":[{"not_picked":["Barrage","BasicCrystalCard","Steam"],"picked":"SKIP","floor":1},{"not_picked":["Redo","Coolheaded"],"picked":"hubris:Ukulele","floor":2},{"not_picked":["BasicCrystalCard","Steam","Blizzard"],"picked":"SKIP","floor":4},{"not_picked":["Recycle","ReplaySolidLightProjector","Steam Power"],"picked":"SKIP","floor":5},{"not_picked":["Recycle","ReplaySolidLightProjector","Steam Power"],"picked":"SKIP","floor":5},{"not_picked":["Compile Driver","Streamline"],"picked":"Crystallizer","floor":7},{"not_picked":["Compile Driver","Panic Button","Stack"],"picked":"SKIP","floor":8},{"not_picked":["Aggregate","Panic Button"],"picked":"Doom and Gloom","floor":11},{"not_picked":["Multi-Cast","Biased Cognition"],"picked":"Mirror Shield","floor":16},{"not_picked":["Gash","Go for the Eyes+1","Rebound"],"picked":"SKIP","floor":18},{"not_picked":["BasicCrystalCard","Hologram","Steam+1"],"picked":"SKIP","floor":19},{"not_picked":["Sweeping Beam","hubris:DoWhile"],"picked":"Defragment","floor":23},{"not_picked":["Rebound","BasicCrystalCard","Stack+1"],"picked":"SKIP","floor":24},{"not_picked":["Blizzard+1","hubris:SpecializedCircuitry","ReplaySolidLightProjector"],"picked":"SKIP","floor":27},{"not_picked":["ReplayTheSpireMod:Reroute Power+1","Beam Cell+1","Compile Driver"],"picked":"SKIP","floor":28},{"not_picked":["Rebound+1","Machine Learning","Turbo"],"picked":"SKIP","floor":30}],"player_experience":1680018,"relics_obtained":[{"floor":15,"key":"Iron Hammer"},{"floor":23,"key":"Replay:Arrowhead"},{"floor":26,"key":"hubris:DuctTape"},{"floor":30,"key":"Matryoshka"}],"event_choices":[{"damage_healed":0,"gold_gain":0,"player_choice":"Bought 1 Potion","damage_taken":0,"max_hp_gain":0,"max_hp_loss":0,"event_name":"The Woman in Blue","floor":3,"gold_loss":0},{"damage_healed":0,"gold_gain":175,"player_choice":"AGREE","damage_taken":0,"max_hp_gain":0,"max_hp_loss":0,"event_name":"Liars Game","floor":14,"gold_loss":0,"cards_obtained":["Doubt"]}],"is_beta":false,"boss_relics":[{"not_picked":["Sozu","hubris:Backtick"],"picked":"Painkiller Herb"}],"items_purged_floors":[13,21,31],"is_endless":false,"potions_floor_spawned":[2,4,16,18,23,30],"killed_by":"hubris:MusketHawk","ascension_level":1}}