{"host":"j4g6ia6asvpyu2b0","time":1611151750,"event":{"mods":["BaseMod","Colored Map","Minty Spire (QoL Compilation)","Permanent Neow","Quick Restart","Relic Stats","StSLib","Unceasing Turn Reminder"],"gold_per_floor":[12,31,31,106,122,122,155,175,175,210,225,225,225,44,44,135,135,158,158,158,181,204,204,47,88,141,8,51,69,100,115,115,210,210,210,210],"floor_reached":35,"language":"ENG","playtime":873,"items_purged":[],"score":743,"play_id":"1cbf5eca-0c11-4398-8a63-c55cc3c79182","local_time":"20210120070910","is_ascension_mode":true,"campfire_choices":[{"data":"Bash","floor":6,"key":"SMITH"},{"data":"Offering","floor":13,"key":"SMITH"},{"data":"Spot Weakness","floor":15,"key":"SMITH"},{"floor":23,"key":"REST"},{"floor":32,"key":"RECALL"}],"circlet_count":0,"master_deck":["AscendersBane","Strike_R","Strike_R+1","Strike_R","Strike_R","Defend_R+1","Defend_R+1","Defend_R+1","Bash+1","Pummel","Inflame","Spot Weakness+1","Offering+1","Cleave","Pommel Strike","Iron Wave","Whirlwind","Offering+1","Limit Break","Cleave","Pommel Strike","Iron Wave","Headbutt","Metallicize","Flash of Steel","Shockwave","Sword Boomerang","Headbutt","Feed"],"relics":["Burning Blood","Golden Idol","Ornamental Fan","HornCleat","MealTicket","DollysMirror","Fusion Hammer","Question Card","ClockworkSouvenir","Lantern","War Paint","Toy Ornithopter","Darkstone Periapt","Coffee Dripper"],"acts_visited":["Exordium","TheCity","TheBeyond"],"potions_floor_usage":[7,25,25,28],"damage_taken":[{"damage":16,"enemies":"Jaw Worm","floor":1,"turns":4},{"damage":0,"enemies":"Small Slimes","floor":2,"turns":3},{"damage":1,"enemies":"Cultist","floor":5,"turns":3},{"damage":15,"enemies":"Lagavulin","floor":7,"turns":6},{"damage":6,"enemies":"Exordium Thugs","floor":8,"turns":2},{"damage":8,"enemies":"Gremlin Nob","floor":10,"turns":3},{"damage":3,"enemies":"Blue Slaver","floor":11,"turns":3},{"damage":22,"enemies":"Hexaghost","floor":16,"turns":8},{"damage":6,"enemies":"Spheric Guardian","floor":18,"turns":2},{"damage":21,"enemies":"2 Thieves","floor":21,"turns":3},{"damage":12,"enemies":"Sentry and Sphere","floor":22,"turns":3},{"damage":26,"enemies":"Slavers","floor":25,"turns":3},{"damage":12,"enemies":"Book of Stabbing","floor":28,"turns":3},{"damage":17,"enemies":"Chosen and Byrds","floor":29,"turns":3},{"damage":7,"enemies":"Gremlin Leader","floor":30,"turns":5},{"damage":6,"enemies":"Centurion and Healer","floor":31,"turns":3},{"damage":62,"enemies":"Collector","floor":33,"turns":7},{"damage":19,"enemies":"3 Shapes","floor":35,"turns":5}],"seed_played":"-4423656537465788368","potions_obtained":[{"floor":1,"key":"SpeedPotion"},{"floor":8,"key":"Strength Potion"},{"floor":11,"key":"Swift Potion"},{"floor":16,"key":"EntropicBrew"},{"floor":31,"key":"Block Potion"},{"floor":33,"key":"GamblersBrew"}],"is_trial":false,"path_per_floor":["M","M","?","?","M","R","E","M","T","E","M","?","R","$","R","B",null,"M","?","?","M","M","R","$","E","T","$","E","M","E","M","R","B",null,"M"],"character_chosen":"IRONCLAD","items_purchased":["Whirlwind","DollysMirror","ClockworkSouvenir","Metallicize","Flash of Steel"],"campfire_rested":1,"item_purchase_floors":[14,14,24,27,27],"current_hp_per_floor":[62,68,68,57,62,62,53,53,53,51,54,39,39,54,54,38,65,65,65,65,50,44,66,74,54,54,69,63,52,51,51,51,28,63,47,47],"gold":210,"neow_bonus":"REMOVE_TWO","is_daily":false,"chose_seed":false,"campfire_upgraded":3,"win_rate":0.0,"timestamp":1611151750,"path_taken":["M","M","?","?","M","R","E","M","T","E","M","?","R","$","R","BOSS","M","?","?","M","M","R","$","E","T","$","E","M","E","M","R","BOSS","M"],"items_purchased_type":["Card","Relic","Relic","Card","Card"],"build_version":"2020-12-22","purchased_purges":0,"victory":false,"max_hp_per_floor":[80,80,74,74,74,74,74,74,74,74,74,74,74,74,74,74,74,74,74,74,74,74,74,74,74,74,74,74,74,74,74,74,74,74,77,77],"relic_stats":{"Darkstone Periapt":0,"counters":[18,69],"Golden Idol":106,"Ornamental Fan":[108],"MealTicket":38,"War Paint":["Defend_R","Defend_R"],"Question Card":8,"obtain_stats":[{"Darkstone Periapt":30,"Lantern":25,"Golden Idol":3,"War Paint":26,"Question Card":19,"Burning Blood":0,"ClockworkSouvenir":24,"HornCleat":9,"Ornamental Fan":7,"DollysMirror":14,"MealTicket":10,"Fusion Hammer":17,"Coffee Dripper":34,"Toy Ornithopter":28},{"Darkstone Periapt":15,"Lantern":12,"Golden Idol":2,"War Paint":12,"Question Card":9,"Burning Blood":0,"ClockworkSouvenir":11,"HornCleat":5,"Ornamental Fan":4,"DollysMirror":7,"MealTicket":6,"Fusion Hammer":8,"Coffee Dripper":17,"Toy Ornithopter":13},{"Darkstone Periapt":54,"Lantern":43,"Golden Idol":7,"War Paint":43,"Question Card":34,"Burning Blood":0,"ClockworkSouvenir":40,"HornCleat":18,"Ornamental Fan":16,"DollysMirror":24,"MealTicket":21,"Fusion Hammer":32,"Coffee Dripper":64,"Toy Ornithopter":46}],"Burning Blood":102,"Toy Ornithopter":0},"card_choices":[{"not_picked":["Cleave","Sword Boomerang"],"picked":"Pummel","floor":1},{"not_picked":["Clash","Armaments"],"picked":"Inflame","floor":2},{"not_picked":["Perfected Strike","True Grit"],"picked":"Spot Weakness","floor":5},{"not_picked":["Disarm","Reckless Charge"],"picked":"Offering","floor":7},{"not_picked":["Rampage","Dual Wield"],"picked":"Cleave","floor":8},{"not_picked":["Rampage","Shockwave"],"picked":"Pommel Strike","floor":10},{"not_picked":["Perfected Strike","Cleave"],"picked":"Iron Wave","floor":11},{"not_picked":["Corruption","Offering"],"picked":"Limit Break","floor":16},{"not_picked":["Iron Wave","Entrench+1"],"picked":"Cleave","floor":18},{"not_picked":["Twin Strike","Warcry","Heavy Blade"],"picked":"Pommel Strike","floor":21},{"not_picked":["Perfected Strike","Second Wind","Seeing Red"],"picked":"Iron Wave","floor":22},{"not_picked":["Flex","Body Slam","Hemokinesis"],"picked":"Headbutt","floor":25},{"not_picked":["Rampage","Dropkick","Ghostly Armor","Rupture"],"picked":"SKIP","floor":28},{"not_picked":["Ghostly Armor","Headbutt","Entrench"],"picked":"Shockwave","floor":29},{"not_picked":["Iron Wave","Second Wind","Dropkick"],"picked":"Sword Boomerang","floor":30},{"not_picked":["Dual Wield","Clash","Heavy Blade"],"picked":"Headbutt","floor":31},{"not_picked":["Bludgeon","Juggernaut","Brutality"],"picked":"Feed","floor":33}],"player_experience":884230,"relics_obtained":[{"floor":7,"key":"Ornamental Fan"},{"floor":9,"key":"HornCleat"},{"floor":10,"key":"MealTicket"},{"floor":25,"key":"Lantern"},{"floor":26,"key":"War Paint"},{"floor":28,"key":"Toy Ornithopter"},{"floor":30,"key":"Darkstone Periapt"}],"event_choices":[{"damage_healed":0,"gold_gain":0,"player_choice":"Lose Max HP","damage_taken":0,"relics_obtained":["Golden Idol"],"max_hp_gain":0,"max_hp_loss":6,"event_name":"Golden Idol","floor":3,"gold_loss":0},{"damage_healed":0,"gold_gain":75,"player_choice":"Gather Gold","damage_taken":11,"max_hp_gain":0,"max_hp_loss":0,"event_name":"World of Goop","floor":4,"gold_loss":0},{"damage_healed":0,"gold_gain":0,"player_choice":"Entered Light","damage_taken":15,"max_hp_gain":0,"max_hp_loss":0,"event_name":"Shining Light","floor":12,"gold_loss":0,"cards_upgraded":["Defend_R","Strike_R"]},{"damage_healed":0,"gold_gain":0,"player_choice":"Opened","damage_taken":0,"relics_obtained":["Question Card"],"max_hp_gain":0,"max_hp_loss":0,"event_name":"The Mausoleum","floor":19,"gold_loss":0},{"damage_healed":0,"gold_gain":0,"player_choice":"Ignored","damage_taken":0,"max_hp_gain":0,"max_hp_loss":0,"event_name":"Ghosts","floor":20,"gold_loss":0}],"is_beta":false,"boss_relics":[{"not_picked":["Tiny House","Velvet Choker"],"picked":"Fusion Hammer"},{"not_picked":["Runic Dome","SlaversCollar"],"picked":"Coffee Dripper"}],"items_purged_floors":[],"is_endless":false,"potions_floor_spawned":[1,8,11,16,18,22,31,33],"killed_by":"3 Shapes","ascension_level":13}}