{"host":"kvq1t47bkvtg8ho9","time":1611115313,"event":{"mods":["Aspiration","Bard","BaseMod","Beaked The Cultist","Better Sensory Stone","Better Third Choice","BetterRewards","Clockwork Mod","Colored Map","Conspire","Downfall","Energized Spire","Friendly Minions","Hermit","HexUI Lib","Highlight Path","Hubris","Infinite Spire","JesterMod","Minty Spire (QoL Compilation)","READ ME - Guardian Mod","Relic Stats","Shade Mod","Somnambulant","StSLib","The Bladedancer","The Bug Knight","The Cursed","The Death Knight","The Disciple","The Forsaken","The Jungle","The Marked","The Necromancer","The Runesmith"],"gold_per_floor":[116,135,152,152,152,187,187,217,217,217,234,254,14,31,31,129,129,148,148,148,25,25,54,54,83,107,107,107,119,136,167,167,265,265,284,284,338,26,26,52,71,71,71,85,85,114,130,130,130,130,130],"floor_reached":50,"language":"ENG","playtime":4699,"items_purged":["theForsaken:PlagueCurse","Injury"],"score":838,"play_id":"e3b69065-d775-411e-a466-d21577bc9dfe","local_time":"20210119230153","is_ascension_mode":true,"campfire_choices":[{"data":"theMarked:HeritageOfTheMarked","floor":15.0,"key":"SMITH"},{"data":"theMarked:Abjuration","floor":24.0,"key":"SMITH"},{"data":"theMarked:MysticalArsenal","floor":32,"key":"SMITH"},{"floor":42,"key":"REST"},{"data":"theMarked:StartUp","floor":45,"key":"SMITH"},{"data":"Magnetism","floor":49,"key":"SMITH"}],"circlet_count":0,"master_deck":["theMarked:Strike","theMarked:Strike","theMarked:Defend","theMarked:Defend","theMarked:Defend","theMarked:SoldierOfQuellstein","theMarked:WardOff","theMarked:Frustration","theMarked:Generate","theMarked:RepellingDischarge+1","theMarked:Improvise+1","theMarked:MysticalArsenal+1","theMarked:ElectricStrings","theMarked:HeritageOfTheMarked+1","theMarked:EmpowerWeapon+1","theMarked:ElementalBlade+1","theMarked:Abjuration+1","theMarked:TwofoldDefense+1","infinitespire:Starlight+1","theMarked:DeterminationOfTheMarked","theMarked:WastefulAttack","theMarked:RogueSparks+1","theMarked:StartUp","theMarked:SwordAndMagic","theMarked:TurnInvisible+1","theMarked:Panic+1","theMarked:TurnInvisible+1","theMarked:StartUp+1","theMarked:SuspiciousRaven+1","theMarked:TwofoldDefense+1","theMarked:WardOff+1","theMarked:BindingBlade+1","Finesse+1","Madness+1","Madness+1","theMarked:SuspiciousRaven+1","theMarked:EmpowerWeapon+1","theMarked:TwofoldDefense+1","theMarked:ElectricStrings+1","theMarked:ResourceFulStrike","Secret Technique+1","Magnetism+1"],"relics":["theMarked:ArtifactOfAir","PreservedInsect","hubris:Towel","Toxic Egg 2","Oddly Smooth Stone","hubris:Icosahedron","Anchor","Pear","Toolbox","theMarked:Eyepatch","Eternal Feather","aspiration:TomeofQuesting","theMarked:DemonDagger","hubris:Potato","Runesmith:AutoHammer","hubris:TerracottaHorce","CaptainsWheel","theForsaken:Lifeblossom","infinitespire:WardingShard","Potion Belt"],"acts_visited":["Exordium","TheCity","TheBeyond"],"potions_floor_usage":[30,37,47,50,50],"damage_taken":[{"damage":0.0,"enemies":"Cultist","floor":1.0,"turns":3.0},{"damage":0.0,"enemies":"2 Louse","floor":2.0,"turns":3.0},{"damage":0.0,"enemies":"Jaw Worm","floor":3.0,"turns":3.0},{"damage":9.0,"enemies":"Gremlin Nob","floor":6.0,"turns":4.0},{"damage":3.0,"enemies":"3 Sentries","floor":8.0,"turns":8.0},{"damage":0.0,"enemies":"Looter","floor":11.0,"turns":3.0},{"damage":3.0,"enemies":"2 Fungi Beasts","floor":12.0,"turns":3.0},{"damage":4.0,"enemies":"Exordium Thugs","floor":14.0,"turns":3.0},{"damage":35.0,"enemies":"The Guardian","floor":16.0,"turns":7.0},{"damage":27.0,"enemies":"Spheric Guardian","floor":18.0,"turns":4.0},{"damage":13.0,"enemies":"Slavers","floor":23.0,"turns":4.0},{"damage":27.0,"enemies":"Book of Stabbing","floor":25.0,"turns":6.0},{"damage":12,"enemies":"3 Byrds","floor":29,"turns":4},{"damage":0,"enemies":"Snake Plant","floor":30,"turns":2},{"damage":22,"enemies":"Slavers","floor":31,"turns":6},{"damage":2,"enemies":"Collector","floor":33,"turns":7},{"damage":9,"enemies":"3 Shapes","floor":35,"turns":6},{"damage":4,"enemies":"2 Orb Walkers","floor":37,"turns":4},{"damage":33,"enemies":"Giant Head","floor":40,"turns":6},{"damage":0,"enemies":"Orb Walker","floor":41,"turns":4},{"damage":4,"enemies":"3 Darklings","floor":44,"turns":5},{"damage":2,"enemies":"Reptomancer","floor":46,"turns":5},{"damage":22,"enemies":"Jaw Worm Horde","floor":47,"turns":4},{"damage":88,"enemies":"conspire:OrnateMirror","floor":50,"turns":8}],"seed_played":"7659766199887586694","potions_obtained":[{"floor":1.0,"key":"EntropicBrew"},{"floor":2.0,"key":"SpeedPotion"},{"floor":14.0,"key":"Strength Potion"},{"floor":25.0,"key":"theMarked:ChargePotion"},{"floor":31,"key":"BlessingOfTheForge"},{"floor":35,"key":"Dexterity Potion"},{"floor":44,"key":"bronze:BurnAndBuffPotion"},{"floor":47,"key":"ColorlessPotion"}],"is_trial":false,"path_per_floor":["M","M","M","?","?","E","?","E","T","?","M","M","$","M","R","B",null,"M","?","?","$","?","E","R","E","T","AVR","?","M","M","E","R","B",null,"M","?","?","$","?","E","M","R","T","M","R","E","M","?","R","B"],"character_chosen":"THE_DEFAULT","items_purchased":["PreservedInsect","theMarked:HeritageOfTheMarked","Toolbox","theMarked:EmpowerWeapon+1","theMarked:DeterminationOfTheMarked","theMarked:WastefulAttack","theMarked:BindingBlade+1","Finesse+1"],"campfire_rested":1,"item_purchase_floors":[0,13,13,13,21,21,38,38],"current_hp_per_floor":[70,70,70,70,70,61,61,58,68,68,68,65,65,61,61,26,80,53,53,53,53,53,55,70,53,53,53,53,56,56,49,67,65,76,67,67,63,63,53,35,41,80,80,77,80,79,61,61,80,0,0],"gold":130,"neow_bonus":"","is_daily":false,"chose_seed":false,"campfire_upgraded":5,"win_rate":0.0,"timestamp":1611115313,"path_taken":["M","?","M","?","?","E","?","E","T","?","?","?","$","M","R","BOSS","M","?","?","$","?","E","R","E","T","AVR","?","M","?","E","R","BOSS","M","?","?","$","?","E","?","R","T","M","R","E","M","?","R","BOSS"],"items_purchased_type":["Relic","Card","Relic","Card","Card","Card","Card","Card"],"build_version":"2020-12-22","purchased_purges":2,"victory":false,"max_hp_per_floor":[70,70,70,70,70,70,70,70,80,80,80,80,80,80,80,80,80,80,80,80,80,80,80,80,80,80,80,80,80,80,80,80,80,80,80,80,80,80,80,80,80,80,80,80,80,80,80,80,80,80,80],"relic_stats":{"counters":[158,603],"Eternal Feather":76,"PreservedInsect":353,"obtain_stats":[{"hubris:MysteriousPyramids":118,"aspiration:RitualStick":126,"infinitespire:ShieldingShard":27,"hubris:DeckOfHolding":53,"Fusion Hammer":17,"Kunai":7,"HollowMod:PaleOreRelic":112,"aspiration:DSix":0,"theMarked:DemonDagger":26,"Pear":10,"hubris:SphereOfDissonance":89,"Shade:YorickPolishedSkull":51,"Eternal Feather":23,"Pen Nib":44,"Guardian:PocketSentry":156,"energizedSpire:StickyHand":34,"MutagenicStrength":19,"infinitespire:PuzzleCube":104,"hubris:Reverence":14,"Regal Pillow":94,"Torii":74,"Bag of Preparation":91,"hubris:BlackHole":102,"hubris:ScarierMask":17,"Toolbox":13,"hubris:CuriousFeather":6,"aspiration:FutureDiary":68,"theMarked:Eyepatch":17,"aspiration:VileToxins":146,"Potion Belt":46,"hubris:64BitClover":48,"Golden Idol":61,"Guardian:GemstoneGun":6,"conspire:RunicOctahedron":85,"The Courier":99,"PreservedInsect":0,"Omamori":80,"infinitespire:Lucky Rock":59,"infinitespire:CheckeredPen":86,"Frozen Egg 2":36,"hubris:Towel":73,"MawBank":148,"theMarked:ArtifactOfAir":0,"Ornamental Fan":0,"Art of War":46,"Runesmith:AutoHammer":14,"conspire:DeflatedDodgeball":12,"Toy Ornithopter":23,"hubris:BottledRain":60,"Gremlin Horn":44,"hubris:VirtuousBlindfold":17,"Vajra":115,"HollowMod:StagPassRelic":57,"hubris:TerracottaHorce":34,"Lizard Tail":128,"aspiration:MobileForge":119,"aspiration:ArtOfWarUpgrade":83,"Toxic Egg 2":4,"hubris:Teleporter":123,"Astrolabe":136,"Oddly Smooth Stone":76,"energizedSpire:OgreHead":53,"Letter Opener":129,"conspire:GiftBox":43,"aspiration:EmptySkull":0,"Shuriken":64,"Molten Egg 2":131,"infinitespire:EmpoweringShard":43,"Darkstone Periapt":9,"bronze:BronzeCore":0,"SacredBark":34,"theForsaken:Lifeblossom":25,"Mango":77,"conspire:SpecialSausage":153,"aspiration:TomeofQuesting":25,"Incense Burner":99,"Juzu Bracelet":142,"hubris:SlimyHat":6,"theForsaken:Gavel":26,"conspire:TopHat":9,"aspiration:StickyExplosives_weak":95,"Frozen Eye":70,"Nunchaku":29,"hubris:Icosahedron":24,"theForsaken:Kindling":139,"Pantograph":106,"Tiny Chest":26,"Red Mask":37,"aspiration:FetidBarrel":26,"Orichalcum":69,"Mercury Hourglass":40,"Calling Bell":99,"Anchor":8,"CaptainsWheel":37,"infinitespire:WardingShard":23,"infinitespire:Satchel":9,"Bag of Marbles":111,"Membership Card":0,"hubris:Potato":27},{"hubris:MysteriousPyramids":93,"aspiration:RitualStick":96,"infinitespire:ShieldingShard":48,"hubris:DeckOfHolding":61,"Fusion Hammer":119,"Kunai":3,"HollowMod:PaleOreRelic":88,"aspiration:DSix":35,"theMarked:DemonDagger":146,"Pear":5,"hubris:SphereOfDissonance":79,"Shade:YorickPolishedSkull":60,"Eternal Feather":145,"Pen Nib":31,"Guardian:PocketSentry":109,"energizedSpire:StickyHand":52,"MutagenicStrength":19,"infinitespire:PuzzleCube":85,"hubris:Reverence":42,"Regal Pillow":80,"Torii":72,"Bag of Preparation":79,"hubris:BlackHole":83,"hubris:ScarierMask":43,"Toolbox":141,"hubris:CuriousFeather":39,"aspiration:FutureDiary":68,"theMarked:Eyepatch":143,"aspiration:VileToxins":105,"Potion Belt":156,"hubris:64BitClover":59,"Golden Idol":66,"Guardian:GemstoneGun":14,"conspire:RunicOctahedron":77,"The Courier":82,"PreservedInsect":134,"Omamori":74,"infinitespire:Lucky Rock":66,"infinitespire:CheckeredPen":78,"Frozen Egg 2":28,"hubris:Towel":71,"MawBank":106,"theMarked:ArtifactOfAir":0,"Ornamental Fan":126,"Art of War":59,"Runesmith:AutoHammer":17,"conspire:DeflatedDodgeball":15,"Toy Ornithopter":47,"hubris:BottledRain":66,"Gremlin Horn":58,"hubris:VirtuousBlindfold":18,"Vajra":91,"HollowMod:StagPassRelic":64,"hubris:TerracottaHorce":150,"Lizard Tail":96,"aspiration:MobileForge":93,"aspiration:ArtOfWarUpgrade":76,"Toxic Egg 2":37,"hubris:Teleporter":95,"Astrolabe":100,"Oddly Smooth Stone":73,"energizedSpire:OgreHead":61,"Letter Opener":97,"conspire:GiftBox":31,"aspiration:EmptySkull":9,"Shuriken":67,"Molten Egg 2":98,"infinitespire:EmpoweringShard":57,"Darkstone Periapt":39,"bronze:BronzeCore":0,"SacredBark":27,"theForsaken:Lifeblossom":23,"Mango":73,"conspire:SpecialSausage":108,"aspiration:TomeofQuesting":146,"Incense Burner":82,"Juzu Bracelet":104,"hubris:SlimyHat":114,"theForsaken:Gavel":47,"conspire:TopHat":115,"aspiration:StickyExplosives_weak":80,"Frozen Eye":69,"Nunchaku":24,"hubris:Icosahedron":47,"theForsaken:Kindling":102,"Pantograph":85,"Tiny Chest":23,"Red Mask":28,"aspiration:FetidBarrel":124,"Orichalcum":69,"Mercury Hourglass":56,"Calling Bell":82,"Anchor":139,"CaptainsWheel":152,"infinitespire:WardingShard":22,"infinitespire:Satchel":14,"Bag of Marbles":88,"Membership Card":9,"hubris:Potato":146},{"hubris:MysteriousPyramids":337,"aspiration:RitualStick":340,"infinitespire:ShieldingShard":207,"hubris:DeckOfHolding":261,"Fusion Hammer":428,"Kunai":10,"HollowMod:PaleOreRelic":331,"aspiration:DSix":159,"theMarked:DemonDagger":546,"Pear":18,"hubris:SphereOfDissonance":310,"Shade:YorickPolishedSkull":259,"Eternal Feather":541,"Pen Nib":138,"Guardian:PocketSentry":371,"energizedSpire:StickyHand":224,"MutagenicStrength":92,"infinitespire:PuzzleCube":326,"hubris:Reverence":183,"Regal Pillow":311,"Torii":294,"Bag of Preparation":310,"hubris:BlackHole":323,"hubris:ScarierMask":190,"Toolbox":524,"hubris:CuriousFeather":174,"aspiration:FutureDiary":282,"theMarked:Eyepatch":533,"aspiration:VileToxins":352,"Potion Belt":591,"hubris:64BitClover":249,"Golden Idol":274,"Guardian:GemstoneGun":65,"conspire:RunicOctahedron":308,"The Courier":317,"PreservedInsect":497,"Omamori":300,"infinitespire:Lucky Rock":274,"infinitespire:CheckeredPen":309,"Frozen Egg 2":126,"hubris:Towel":290,"MawBank":355,"theMarked:ArtifactOfAir":0,"Ornamental Fan":466,"Art of War":249,"Runesmith:AutoHammer":79,"conspire:DeflatedDodgeball":69,"Toy Ornithopter":204,"hubris:BottledRain":274,"Gremlin Horn":247,"hubris:VirtuousBlindfold":88,"Vajra":334,"HollowMod:StagPassRelic":267,"hubris:TerracottaHorce":563,"Lizard Tail":340,"aspiration:MobileForge":337,"aspiration:ArtOfWarUpgrade":304,"Toxic Egg 2":164,"hubris:Teleporter":339,"Astrolabe":345,"Oddly Smooth Stone":297,"energizedSpire:OgreHead":261,"Letter Opener":341,"conspire:GiftBox":138,"aspiration:EmptySkull":39,"Shuriken":277,"Molten Egg 2":342,"infinitespire:EmpoweringShard":242,"Darkstone Periapt":174,"bronze:BronzeCore":0,"SacredBark":122,"theForsaken:Lifeblossom":105,"Mango":297,"conspire:SpecialSausage":370,"aspiration:TomeofQuesting":546,"Incense Burner":317,"Juzu Bracelet":351,"hubris:SlimyHat":396,"theForsaken:Gavel":204,"conspire:TopHat":400,"aspiration:StickyExplosives_weak":311,"Frozen Eye":285,"Nunchaku":108,"hubris:Icosahedron":204,"theForsaken:Kindling":347,"Pantograph":326,"Tiny Chest":105,"Red Mask":126,"aspiration:FetidBarrel":457,"Orichalcum":285,"Mercury Hourglass":239,"Calling Bell":317,"Anchor":518,"CaptainsWheel":572,"infinitespire:WardingShard":102,"infinitespire:Satchel":65,"Bag of Marbles":331,"Membership Card":39,"hubris:Potato":546}]},"card_choices":[{"not_picked":["theMarked:Frustration","theMarked:Improvise"],"picked":"theMarked:WardOff","floor":1.0},{"not_picked":["theMarked:Polarize","theMarked:Electrify"],"picked":"theMarked:Frustration","floor":2.0},{"not_picked":["theMarked:Panic","theMarked:Standoff"],"picked":"theMarked:Generate","floor":3.0},{"not_picked":["theMarked:WastefulAttack","theMarked:PowerFlow+1"],"picked":"theMarked:RepellingDischarge+1","floor":6.0},{"not_picked":["theMarked:ResourceFulStrike","theMarked:ShockingTouch"],"picked":"theMarked:Improvise+1","floor":8.0},{"not_picked":["theMarked:ComboAttacks","theMarked:Panic+1"],"picked":"theMarked:MysticalArsenal","floor":11.0},{"not_picked":["theMarked:GodGivenPower","theMarked:Improvise+1"],"picked":"theMarked:ElectricStrings","floor":12.0},{"not_picked":["theMarked:Aftermath+1","theMarked:Frustration"],"picked":"theMarked:ElementalBlade+1","floor":14.0},{"not_picked":["theMarked:Challenge+1","theMarked:DispelDoubt"],"picked":"theMarked:Abjuration","floor":16.0},{"not_picked":["theMarked:Electrify+1","theMarked:ChainLightning"],"picked":"theMarked:TwofoldDefense+1","floor":18.0},{"not_picked":["hubris:InfiniteBlow+4","infinitespire:DeathsTouch"],"picked":"infinitespire:Starlight","floor":19.0},{"not_picked":["theMarked:Aftermath+1","theMarked:Electrify+1"],"picked":"theMarked:RogueSparks+1","floor":23.0},{"not_picked":["theMarked:TwofoldDefense+1","theMarked:EmpowerWeapon+1"],"picked":"theMarked:StartUp","floor":25.0},{"not_picked":["theMarked:ResourceFulStrike","theMarked:ChainLightning"],"picked":"theMarked:Panic+1","floor":29},{"not_picked":["theMarked:Improvise+1","theMarked:LightningStrikesTwice+1"],"picked":"theMarked:TurnInvisible+1","floor":30},{"not_picked":["theMarked:EmpowerWeapon+1","theMarked:Opportunist"],"picked":"theMarked:StartUp","floor":31},{"not_picked":["theMarked:MuscleMemory","theMarked:ThrowWeapon"],"picked":"theMarked:SuspiciousRaven+1","floor":33},{"not_picked":["theMarked:StartUp","theMarked:Polarize+1"],"picked":"theMarked:TwofoldDefense+1","floor":35},{"not_picked":["theMarked:ChainLightning+1","theMarked:WastefulDefense+1"],"picked":"theMarked:WardOff+1","floor":37},{"not_picked":["theMarked:Defy","theMarked:SwordAndMagic"],"picked":"theMarked:SuspiciousRaven+1","floor":40},{"not_picked":["theMarked:Electrocute","theMarked:ResourceFulStrike+1"],"picked":"theMarked:EmpowerWeapon+1","floor":41},{"not_picked":["theMarked:Opportunist+1","theMarked:Polarize+1"],"picked":"theMarked:TwofoldDefense+1","floor":44},{"not_picked":["theMarked:ElementalBlade+1","theMarked:Aftermath+1"],"picked":"theMarked:ElectricStrings+1","floor":46},{"not_picked":["theMarked:Aftermath+1","theMarked:MuscleMemory"],"picked":"theMarked:ResourceFulStrike","floor":47},{"not_picked":["Trip+1","Madness+1"],"picked":"Secret Technique+1","floor":48},{"not_picked":["Good Instincts+1","Forethought+1"],"picked":"Magnetism","floor":48}],"player_experience":806305,"relics_obtained":[{"floor":6.0,"key":"Oddly Smooth Stone"},{"floor":8.0,"key":"Anchor"},{"floor":9.0,"key":"Pear"},{"floor":23.0,"key":"Eternal Feather"},{"floor":25.0,"key":"aspiration:TomeofQuesting"},{"floor":26.0,"key":"theMarked:DemonDagger"},{"floor":31,"key":"Runesmith:AutoHammer"},{"floor":37,"key":"CaptainsWheel"},{"floor":40,"key":"theForsaken:Lifeblossom"},{"floor":43,"key":"infinitespire:WardingShard"},{"floor":46,"key":"Potion Belt"}],"event_choices":[{"cards_removed":["theMarked:Strike"],"damage_healed":0.0,"max_hp_gain":0.0,"max_hp_loss":0.0,"gold_gain":0.0,"event_name":"Bonfire Elementals","player_choice":"Offered Basic","floor":10.0,"gold_loss":0.0,"damage_taken":0.0},{"cards_removed":["hubris:Gluttony"],"damage_healed":0.0,"max_hp_gain":0.0,"max_hp_loss":0.0,"gold_gain":0.0,"event_name":"betterThird:BetterWriting","player_choice":"Elegance","floor":20.0,"gold_loss":0.0,"damage_taken":0.0},{"damage_healed":0.0,"max_hp_gain":0.0,"max_hp_loss":0.0,"gold_gain":0.0,"event_name":"Ghosts","player_choice":"Ignored","floor":22.0,"gold_loss":0.0,"damage_taken":0.0},{"damage_healed":0,"gold_gain":0,"cards_transformed":["theMarked:Strike","theMarked:Defend"],"player_choice":"Became Test Subject","damage_taken":0,"max_hp_gain":0,"max_hp_loss":0,"event_name":"Drug Dealer","floor":28,"gold_loss":0,"cards_obtained":["theMarked:SwordAndMagic","theMarked:TurnInvisible"]},{"cards_removed":["theMarked:Strike"],"damage_healed":0,"gold_gain":0,"player_choice":"Removed Attack","damage_taken":0,"max_hp_gain":0,"max_hp_loss":0,"event_name":"Falling","floor":36,"gold_loss":0},{"damage_healed":0,"gold_gain":0,"player_choice":"Fight","damage_taken":0,"max_hp_gain":0,"max_hp_loss":0,"event_name":"Mysterious Sphere","floor":37,"gold_loss":0},{"damage_healed":0,"gold_gain":0,"player_choice":"Embrace Madness","damage_taken":10,"max_hp_gain":0,"max_hp_loss":0,"event_name":"Winding Halls","floor":39,"gold_loss":0,"cards_obtained":["Madness","Madness"]},{"damage_healed":0,"gold_gain":3,"player_choice":"1","damage_taken":0,"max_hp_gain":0,"max_hp_loss":0,"event_name":"betterStone:BetterStone","floor":48,"gold_loss":0}],"is_beta":false,"boss_relics":[{"not_picked":["Cursed Key","Fusion Hammer"],"picked":"theMarked:Eyepatch"},{"not_picked":["Empty Cage","energizedSpire:DeadBattery"],"picked":"hubris:TerracottaHorce"}],"items_purged_floors":[27,38],"is_endless":false,"potions_floor_spawned":[1,2,8,11,14,25,31,35,44,47],"killed_by":"conspire:OrnateMirror","ascension_level":2}}