{"host":"c52z9ixzgdjttcmx","time":1611171097,"event":{"mods":["BaseMod","Colored Powertips","Minty Spire (QoL Compilation)","Rare Cards Sparkle","Relic Stats"],"gold_per_floor":[115,42,56,75,87,87,87,87],"floor_reached":7,"language":"ENG","playtime":198,"items_purged":[],"score":75,"play_id":"168c12e9-2a11-4704-955b-ab7187c6eac8","local_time":"20210120133137","is_ascension_mode":true,"campfire_choices":[{"data":"Noxious Fumes","floor":6,"key":"SMITH"}],"circlet_count":0,"master_deck":["AscendersBane","Strike_G","Strike_G","Strike_G","Strike_G","Strike_G","Defend_G","Defend_G","Defend_G","Defend_G","Defend_G","Survivor","Neutralize","PiercingWail","Poisoned Stab","Noxious Fumes+1","Distraction"],"relics":["Ring of the Snake","NeowsBlessing","Bag of Preparation"],"acts_visited":["Exordium"],"potions_floor_usage":[],"damage_taken":[{"damage":0,"enemies":"2 Louse","floor":1,"turns":1},{"damage":0,"enemies":"Cultist","floor":3,"turns":1},{"damage":0,"enemies":"Jaw Worm","floor":4,"turns":1},{"damage":16,"enemies":"Lots of Slimes","floor":5,"turns":5},{"damage":67,"enemies":"Gremlin Nob","floor":7,"turns":5}],"seed_played":"-6227706022413072669","potions_obtained":[{"floor":4,"key":"SmokeBomb"},{"floor":5,"key":"SpeedPotion"}],"is_trial":false,"path_per_floor":["M","?","M","M","M","R","E"],"character_chosen":"THE_SILENT","items_purchased":[],"campfire_rested":0,"item_purchase_floors":[],"current_hp_per_floor":[59,59,59,59,43,43,0,0],"gold":87,"neow_bonus":"THREE_ENEMY_KILL","is_daily":false,"chose_seed":false,"campfire_upgraded":1,"win_rate":0.0,"timestamp":1611171097,"path_taken":["M","?","M","M","?","R","E"],"items_purchased_type":[],"build_version":"2020-12-22","purchased_purges":0,"victory":false,"max_hp_per_floor":[66,66,66,66,66,66,66,66],"relic_stats":{"counters":[5,13],"Bag of Preparation":[8],"obtain_stats":[{"NeowsBlessing":0,"Bag of Preparation":2,"Ring of the Snake":0},{"NeowsBlessing":0,"Bag of Preparation":1,"Ring of the Snake":0},{"NeowsBlessing":0,"Bag of Preparation":1,"Ring of the Snake":0}],"Ring of the Snake":[10]},"card_choices":[{"not_picked":["Cloak And Dagger","Prepared"],"picked":"PiercingWail","floor":1},{"not_picked":["Well Laid Plans","Sucker Punch"],"picked":"Poisoned Stab","floor":3},{"not_picked":["Eviscerate","Riddle With Holes"],"picked":"Noxious Fumes","floor":4},{"not_picked":["Tactician","Dodge and Roll"],"picked":"Distraction","floor":5}],"player_experience":3292904,"relics_obtained":[],"event_choices":[{"damage_healed":0,"gold_gain":0,"player_choice":"Paid Gold","damage_taken":0,"relics_obtained":["Bag of Preparation"],"max_hp_gain":0,"max_hp_loss":0,"event_name":"WeMeetAgain","floor":2,"gold_loss":73}],"is_beta":false,"boss_relics":[],"items_purged_floors":[],"is_endless":false,"potions_floor_spawned":[4,5],"killed_by":"Gremlin Nob","ascension_level":15}}