{"host":"sc0o2qwpf9j16a4i","time":1611176030,"event":{"mods":["AchievementEnabler","BaseMod","BetterRewards","Block Reminder","Colored Map","Colored Powertips","Custom Start","Highlight Path","Minty Spire (QoL Compilation)","Relic Stats"],"gold_per_floor":[115,130,141,168,65,65,65,65,116,116,41,76,90,104,104,181,181,191,241,258,195,215,215,241,241,266,266,277,277,13,39,39,115,115,126,138,56,67,81,81,110,35,35,35,51,51,0,11,11,11,11,11,11,11,42,42],"floor_reached":57,"language":"ENG","playtime":2263,"items_purged":["Strike_B","Strike_B","Strike_B","Defend_B"],"score":3840,"play_id":"8bed408a-d3af-4f2d-9046-238326a939c1","local_time":"20210120225350","is_ascension_mode":true,"campfire_choices":[{"data":"Barrage","floor":6,"key":"SMITH"},{"data":"FTL","floor":8,"key":"SMITH"},{"data":"Ball Lightning","floor":10,"key":"SMITH"},{"data":"Barrage","floor":15,"key":"SMITH"},{"data":"Reinforced Body","floor":23,"key":"SMITH"},{"data":"Barrage","floor":25,"key":"SMITH"},{"data":"Double Energy","floor":32,"key":"SMITH"},{"data":"Discovery","floor":44,"key":"SMITH"},{"floor":49,"key":"RECALL"},{"data":"Hologram","floor":53,"key":"SMITH"}],"circlet_count":0,"master_deck":["AscendersBane","Defend_B","Defend_B","Defend_B","Zap","Dualcast","Reinforced Body+1","Cold Snap","Ball Lightning+1","FTL+1","Conserve Battery","Lockon+1","Loop+1","Barrage+1","Machine Learning+1","Barrage+1","Loop+1","Heatsinks+1","Sweeping Beam+1","Barrage+1","Compile Driver+1","Buffer+1","Double Energy+1","Hologram+1","Stack","Self Repair+1","Buffer+1","Core Surge","Force Field","Aggregate","Loop+1","Storm+1","Static Discharge+1","Panacea","Discovery+1","Flash of Steel","Biased Cognition+1","Glacier","Glacier","Stack"],"relics":["Cracked Core","Lee\u0027s Waffle","Mummified Hand","Happy Flower","Strawberry","Strange Spoon","Pear","Runic Capacitor","Bag of Preparation","Eternal Feather","Potion Belt","Omamori","Membership Card","Turnip","Bronze Scales","Frozen Egg 2","Sling","Chemical X","MealTicket","PreservedInsect","Kunai","Runic Pyramid","The Courier","Regal Pillow","Nilry\u0027s Codex","Orrery","Pantograph","Boot","SlaversCollar","OrangePellets","Gremlin Horn","Red Mask","Bag of Marbles"],"acts_visited":["Exordium","TheCity","TheBeyond","TheEnding"],"potions_floor_usage":[16,24,33,38,38,50,56,56,56],"damage_taken":[{"damage":0,"enemies":"Cultist","floor":1,"turns":2},{"damage":0,"enemies":"Small Slimes","floor":2,"turns":4},{"damage":0,"enemies":"2 Louse","floor":3,"turns":2},{"damage":0,"enemies":"3 Sentries","floor":12,"turns":2},{"damage":0,"enemies":"2 Fungi Beasts","floor":13,"turns":2},{"damage":0,"enemies":"3 Louse","floor":14,"turns":2},{"damage":0,"enemies":"Slime Boss","floor":16,"turns":4},{"damage":14,"enemies":"Shell Parasite","floor":18,"turns":3},{"damage":0,"enemies":"Chosen","floor":20,"turns":3},{"damage":0,"enemies":"Snake Plant","floor":22,"turns":3},{"damage":4,"enemies":"Gremlin Leader","floor":24,"turns":4},{"damage":0,"enemies":"Snecko","floor":28,"turns":3},{"damage":4,"enemies":"Book of Stabbing","floor":31,"turns":4},{"damage":0,"enemies":"Collector","floor":33,"turns":9},{"damage":0,"enemies":"3 Darklings","floor":35,"turns":4},{"damage":0,"enemies":"3 Shapes","floor":36,"turns":4},{"damage":11,"enemies":"3 Darklings","floor":38,"turns":6},{"damage":15,"enemies":"Jaw Worm Horde","floor":39,"turns":3},{"damage":0,"enemies":"Nemesis","floor":41,"turns":3},{"damage":0,"enemies":"4 Shapes","floor":45,"turns":3},{"damage":0,"enemies":"Sphere and 2 Shapes","floor":48,"turns":4},{"damage":0,"enemies":"Time Eater","floor":50,"turns":5},{"damage":0,"enemies":"Donu and Deca","floor":51,"turns":5},{"damage":0,"enemies":"Shield and Spear","floor":55,"turns":3},{"damage":10,"enemies":"The Heart","floor":56,"turns":9}],"seed_played":"-3797035845675762855","potions_obtained":[{"floor":2,"key":"Explosive Potion"},{"floor":3,"key":"SkillPotion"},{"floor":16,"key":"Weak Potion"},{"floor":28,"key":"FocusPotion"},{"floor":38,"key":"SkillPotion"},{"floor":45,"key":"SkillPotion"},{"floor":48,"key":"FocusPotion"}],"is_trial":false,"path_per_floor":["M","M","M","T","$","R","?","R","T","R","?","E","M","M","R","B",null,"M","?","M","$","M","R","E","R","T","?","M","?","$","E","R","B",null,"M","M","$","M","M","?","E","$","T","R","M","?","?","M","R","B","B",null,"R","$","E","B",null],"character_chosen":"DEFECT","items_purchased":["Lee\u0027s Waffle","Mummified Hand","Happy Flower","Strawberry","Strange Spoon","Reinforced Body","Pear","Runic Capacitor","Bag of Preparation","Eternal Feather","Potion Belt","Omamori","Membership Card","Turnip","Bronze Scales","Cold Snap","Frozen Egg 2","Sling","Ball Lightning","Chemical X","AttackPotion","FearPotion","Loop+1","Barrage","Buffer+1","Orrery","Pantograph","Self Repair+1","OrangePellets","Loop+1"],"campfire_rested":0,"item_purchase_floors":[0,0,0,0,0,0,0,0,0,0,0,0,0,0,0,0,0,0,0,0,0,0,5,5,30,30,30,30,37,37],"current_hp_per_floor":[95,95,95,95,95,95,95,95,95,95,95,95,95,95,95,95,95,81,81,81,95,95,95,91,95,95,74,74,74,89,95,95,95,95,95,95,95,94,89,79,79,94,94,95,95,90,90,90,90,90,90,90,90,90,90,90],"gold":42,"neow_bonus":"","is_daily":false,"chose_seed":false,"campfire_upgraded":9,"win_rate":0.0,"timestamp":1611176030,"path_taken":["M","M","?","?","?","R","?","R","T","R","?","E","M","M","R","BOSS","M","?","M","$","M","R","E","R","T","?","M","?","$","E","R","BOSS","M","M","$","M","M","?","E","$","T","R","M","?","?","M","R","BOSS","BOSS","R","$","E","BOSS"],"items_purchased_type":["Relic","Relic","Relic","Relic","Relic","Card","Relic","Relic","Relic","Relic","Relic","Relic","Relic","Relic","Relic","Card","Relic","Relic","Card","Relic","Potion","Potion","Card","Card","Card","Relic","Relic","Card","Relic","Card"],"build_version":"2020-12-22","purchased_purges":4,"victory":true,"max_hp_per_floor":[95,95,95,95,95,95,95,95,95,95,95,95,95,95,95,95,95,95,95,95,95,95,95,95,95,95,95,95,95,95,95,95,95,95,95,95,95,95,95,95,95,95,95,95,95,90,90,90,90,90,90,90,90,90,90,90],"relic_stats":{"Lee\u0027s Waffle":119,"Regal Pillow":0,"Happy Flower":[139],"Gremlin Horn":[6,7],"counters":[149,749],"Eternal Feather":5,"PreservedInsect":246,"Bag of Preparation":[50],"Boot":[40],"Strange Spoon":[17],"OrangePellets":[18],"Mummified Hand":[160],"Bronze Scales":[287],"Pantograph":61,"MealTicket":44,"Turnip":[18],"Chemical X":[23],"Kunai":[33],"obtain_stats":[{"Gremlin Horn":9,"Nilry\u0027s Codex":27,"CeramicFish":0,"Vajra":0,"Runic Capacitor":0,"Boot":24,"Sling":0,"Sozu":34,"Blood Vial":5,"Centennial Puzzle":26,"Lizard Tail":39,"HornCleat":54,"DollysMirror":42,"Sundial":0,"Strawberry":6,"Philosopher\u0027s Stone":17,"MealTicket":29,"Prayer Wheel":8,"Fusion Hammer":34,"Kunai":24,"Toxic Egg 2":0,"Pear":27,"Happy Flower":23,"Astrolabe":34,"Blue Candle":40,"Velvet Choker":17,"Eternal Feather":0,"Pen Nib":0,"Letter Opener":0,"Akabeko":0,"OrangePellets":0,"SlaversCollar":34,"Shuriken":0,"Bronze Scales":0,"Snecko Eye":34,"Molten Egg 2":0,"Pandora\u0027s Box":17,"CultistMask":12,"Symbiotic Virus":8,"StrikeDummy":47,"Darkstone Periapt":29,"Lantern":26,"Regal Pillow":40,"Singing Bowl":36,"Enchiridion":25,"StoneCalendar":44,"Incense Burner":0,"Bag of Preparation":12,"Juzu Bracelet":21,"ClockworkSouvenir":10,"Nunchaku":30,"Dream Catcher":0,"Shovel":6,"Matryoshka":7,"Mummified Hand":0,"Gambling Chip":9,"Pantograph":9,"Tiny Chest":0,"Red Mask":31,"Chemical X":0,"Cracked Core":0,"InkBottle":9,"Runic Pyramid":17,"Potion Belt":28,"Lee\u0027s Waffle":0,"Golden Idol":5,"Thread and Needle":14,"PreservedInsect":0,"The Courier":43,"Omamori":0,"Frozen Egg 2":36,"Mercury Hourglass":54,"Calling Bell":0,"Peace Pipe":7,"Strange Spoon":0,"Anchor":0,"DataDisk":22,"CaptainsWheel":0,"Ornamental Fan":9,"Orrery":30,"Turnip":24,"Art of War":40,"Bag of Marbles":0,"Coffee Dripper":17,"Membership Card":0,"Bottled Lightning":9,"TungstenRod":55,"Toy Ornithopter":55},{"Gremlin Horn":69,"Nilry\u0027s Codex":135,"CeramicFish":16,"Vajra":93,"Runic Capacitor":43,"Boot":12,"Sling":93,"Sozu":34,"Blood Vial":45,"Centennial Puzzle":12,"Lizard Tail":86,"HornCleat":122,"DollysMirror":86,"Sundial":93,"Strawberry":69,"Philosopher\u0027s Stone":48,"MealTicket":53,"Prayer Wheel":69,"Fusion Hammer":111,"Kunai":52,"Toxic Egg 2":93,"Pear":31,"Happy Flower":12,"Astrolabe":55,"Blue Candle":59,"Velvet Choker":25,"Eternal Feather":64,"Pen Nib":93,"Letter Opener":43,"Akabeko":64,"OrangePellets":43,"SlaversCollar":138,"Shuriken":43,"Bronze Scales":124,"Snecko Eye":83,"Molten Egg 2":0,"Pandora\u0027s Box":102,"CultistMask":6,"Symbiotic Virus":5,"StrikeDummy":40,"Darkstone Periapt":81,"Lantern":106,"Regal Pillow":115,"Singing Bowl":84,"Enchiridion":106,"StoneCalendar":87,"Incense Burner":0,"Bag of Preparation":47,"Juzu Bracelet":51,"ClockworkSouvenir":5,"Nunchaku":32,"Dream Catcher":64,"Shovel":4,"Matryoshka":97,"Mummified Hand":16,"Gambling Chip":20,"Pantograph":98,"Tiny Chest":43,"Red Mask":82,"Chemical X":124,"Cracked Core":0,"InkBottle":5,"Runic Pyramid":8,"Potion Belt":52,"Lee\u0027s Waffle":64,"Golden Idol":3,"Thread and Needle":101,"PreservedInsect":0,"The Courier":39,"Omamori":124,"Frozen Egg 2":56,"Mercury Hourglass":91,"Calling Bell":0,"Peace Pipe":20,"Strange Spoon":124,"Anchor":64,"DataDisk":77,"CaptainsWheel":93,"Ornamental Fan":46,"Orrery":136,"Turnip":78,"Art of War":39,"Bag of Marbles":43,"Coffee Dripper":74,"Membership Card":64,"Bottled Lightning":98,"TungstenRod":92,"Toy Ornithopter":123},{"Gremlin Horn":359,"Nilry\u0027s Codex":686,"CeramicFish":61,"Vajra":478,"Runic Capacitor":227,"Boot":48,"Sling":478,"Sozu":157,"Blood Vial":234,"Centennial Puzzle":48,"Lizard Tail":439,"HornCleat":633,"DollysMirror":439,"Sundial":478,"Strawberry":359,"Philosopher\u0027s Stone":253,"MealTicket":273,"Prayer Wheel":359,"Fusion Hammer":559,"Kunai":269,"Toxic Egg 2":478,"Pear":123,"Happy Flower":48,"Astrolabe":288,"Blue Candle":313,"Velvet Choker":97,"Eternal Feather":343,"Pen Nib":478,"Letter Opener":227,"Akabeko":343,"OrangePellets":227,"SlaversCollar":702,"Shuriken":227,"Bronze Scales":655,"Snecko Eye":426,"Molten Egg 2":0,"Pandora\u0027s Box":512,"CultistMask":25,"Symbiotic Virus":21,"StrikeDummy":195,"Darkstone Periapt":415,"Lantern":531,"Regal Pillow":577,"Singing Bowl":430,"Enchiridion":531,"StoneCalendar":443,"Incense Burner":0,"Bag of Preparation":244,"Juzu Bracelet":264,"ClockworkSouvenir":21,"Nunchaku":129,"Dream Catcher":343,"Shovel":14,"Matryoshka":490,"Mummified Hand":61,"Gambling Chip":75,"Pantograph":494,"Tiny Chest":227,"Red Mask":419,"Chemical X":655,"Cracked Core":0,"InkBottle":21,"Runic Pyramid":35,"Potion Belt":269,"Lee\u0027s Waffle":343,"Golden Idol":12,"Thread and Needle":504,"PreservedInsect":0,"The Courier":188,"Omamori":655,"Frozen Egg 2":293,"Mercury Hourglass":463,"Calling Bell":0,"Peace Pipe":75,"Strange Spoon":655,"Anchor":343,"DataDisk":394,"CaptainsWheel":478,"Ornamental Fan":237,"Orrery":689,"Turnip":398,"Art of War":188,"Bag of Marbles":227,"Coffee Dripper":381,"Membership Card":343,"Bottled Lightning":494,"TungstenRod":470,"Toy Ornithopter":640}]},"card_choices":[{"not_picked":["Aggregate","Hologram"],"picked":"FTL","floor":1},{"not_picked":["Heatsinks+1","Go for the Eyes"],"picked":"Conserve Battery","floor":2},{"not_picked":["Force Field","Hologram"],"picked":"Lockon","floor":3},{"not_picked":["Fusion","Gash","Steam Power"],"picked":"SKIP","floor":12},{"not_picked":["Ball Lightning","Hologram"],"picked":"Machine Learning+1","floor":13},{"not_picked":["Hologram","Gash"],"picked":"Barrage","floor":14},{"not_picked":["Steam","Coolheaded"],"picked":"Loop+1","floor":18},{"not_picked":["Hologram","Conserve Battery+1"],"picked":"Heatsinks+1","floor":20},{"not_picked":["Hello World+1","Heatsinks+1"],"picked":"Sweeping Beam+1","floor":22},{"not_picked":["Cold Snap","Gash+1"],"picked":"Barrage","floor":24},{"not_picked":["Redo","FTL"],"picked":"Compile Driver+1","floor":28},{"not_picked":["Lockon","Redo+1"],"picked":"Double Energy","floor":30},{"not_picked":["Sweeping Beam","Rebound"],"picked":"Hologram","floor":30},{"not_picked":["Turbo","Compile Driver+1"],"picked":"Stack","floor":30},{"not_picked":["Go for the Eyes","Reprogram"],"picked":"Buffer+1","floor":31},{"not_picked":["Amplify","Reboot"],"picked":"Core Surge","floor":33},{"not_picked":["Leap+1","Turbo"],"picked":"Force Field","floor":35},{"not_picked":["Go for the Eyes","Beam Cell"],"picked":"Aggregate","floor":36},{"not_picked":["Rebound+1","Chaos+1"],"picked":"Storm+1","floor":38},{"not_picked":["Coolheaded","Gash"],"picked":"Static Discharge+1","floor":39},{"not_picked":["Finesse","Blind"],"picked":"Panacea","floor":40},{"not_picked":["Impatience","Trip"],"picked":"Discovery","floor":40},{"not_picked":["Impatience","Madness"],"picked":"Flash of Steel","floor":40},{"not_picked":["Auto Shields","Barrage"],"picked":"Biased Cognition+1","floor":41},{"not_picked":["Streamline","Stack"],"picked":"Glacier","floor":45},{"not_picked":["Conserve Battery","Scrape"],"picked":"Glacier","floor":48},{"not_picked":["Storm+1","Compile Driver"],"picked":"Stack","floor":55}],"player_experience":810230,"relics_obtained":[{"floor":4,"key":"MealTicket"},{"floor":9,"key":"PreservedInsect"},{"floor":12,"key":"Kunai"},{"floor":24,"key":"The Courier"},{"floor":26,"key":"Regal Pillow"},{"floor":27,"key":"Nilry\u0027s Codex"},{"floor":31,"key":"Boot"},{"floor":41,"key":"Gremlin Horn"},{"floor":55,"key":"Bag of Marbles"}],"event_choices":[{"damage_healed":0,"gold_gain":0,"player_choice":"Grow","damage_taken":0,"max_hp_gain":0,"max_hp_loss":0,"event_name":"Living Wall","floor":7,"gold_loss":0,"cards_upgraded":["Lockon"]},{"cards_removed":["Strike_B"],"damage_healed":0,"gold_gain":0,"player_choice":"Card Removal","damage_taken":0,"max_hp_gain":0,"max_hp_loss":0,"event_name":"The Cleric","floor":11,"gold_loss":75},{"damage_healed":0,"gold_gain":50,"player_choice":"Stole From Cult","damage_taken":0,"max_hp_gain":0,"max_hp_loss":0,"event_name":"Nest","floor":19,"gold_loss":0},{"damage_healed":0,"gold_gain":0,"player_choice":"Obtained Book","damage_taken":21,"max_hp_gain":0,"max_hp_loss":0,"event_name":"Cursed Tome","floor":27,"gold_loss":0},{"damage_healed":0,"gold_gain":0,"player_choice":"Ignored","damage_taken":0,"max_hp_gain":0,"max_hp_loss":0,"event_name":"Vampires","floor":29,"gold_loss":0},{"damage_healed":0,"gold_gain":0,"player_choice":"Memory 3","damage_taken":10,"max_hp_gain":0,"max_hp_loss":0,"event_name":"SensoryStone","floor":40,"gold_loss":0},{"damage_healed":0,"gold_gain":0,"player_choice":"Max HP","damage_taken":0,"max_hp_gain":0,"max_hp_loss":5,"event_name":"Winding Halls","floor":46,"gold_loss":0},{"damage_healed":0,"gold_gain":0,"player_choice":"Paid","damage_taken":0,"relics_obtained":["Red Mask"],"max_hp_gain":0,"max_hp_loss":0,"event_name":"Tomb of Lord Red Mask","floor":47,"gold_loss":51}],"is_beta":false,"boss_relics":[{"not_picked":["Astrolabe","SacredBark"],"picked":"Runic Pyramid"},{"not_picked":["Fusion Hammer","Velvet Choker"],"picked":"SlaversCollar"}],"items_purged_floors":[0,5,21,42],"is_endless":false,"potions_floor_spawned":[2,3,16,20,22,28,31,38,45,48],"ascension_level":20}}