{"host":"n91w9dq5l8qws978","time":1611149267,"event":{"mods":["BaseMod","Bestiary","Challenge The Spire","Custom Start","Defuse TimeMaze Blight","Keyboard Shortcuts","Minty Spire (QoL Compilation)","MonsterHotkey","Relic Stats","StSLib","Uncapped"],"gold_per_floor":[119,119,137,137,149,177,177,202,226,238,238,7,7,33,33,33,33],"floor_reached":16,"language":"ENG","playtime":624,"items_purged":[],"score":201,"play_id":"b8dce641-407c-47ea-bcd9-ad4db2df77dc","local_time":"20210120132747","is_ascension_mode":true,"campfire_choices":[{"data":"Neutralize","floor":7,"key":"SMITH"},{"data":"Cloak And Dagger","floor":11,"key":"SMITH"},{"floor":13,"key":"REST"},{"data":"Dagger Spray","floor":15,"key":"SMITH"}],"circlet_count":0,"master_deck":["AscendersBane","Strike_G","Strike_G","Strike_G","Strike_G","Defend_G","Defend_G","Defend_G","Defend_G","Defend_G","Survivor","Neutralize+1","Dagger Spray+1","Crippling Poison","After Image","Cloak And Dagger+1","Blade Dance","Skewer"],"relics":["Ring of the Snake","Anchor","Boot","Bronze Scales","Akabeko","Matryoshka"],"acts_visited":["Exordium"],"potions_floor_usage":[6,16,16],"damage_taken":[{"damage":2.0,"enemies":"Jaw Worm","floor":1.0,"turns":5.0},{"damage":2.0,"enemies":"2 Louse","floor":3.0,"turns":3.0},{"damage":0,"enemies":"Cultist","floor":5,"turns":5},{"damage":27,"enemies":"Gremlin Nob","floor":6,"turns":7},{"damage":14,"enemies":"3 Sentries","floor":8,"turns":12},{"damage":0,"enemies":"Looter","floor":10,"turns":3},{"damage":8,"enemies":"Lagavulin","floor":14,"turns":5},{"damage":33,"enemies":"Slime Boss","floor":16,"turns":8}],"seed_played":"-2818376615154903488","potions_obtained":[{"floor":3.0,"key":"PowerPotion"},{"floor":6,"key":"SteroidPotion"},{"floor":10,"key":"EssenceOfSteel"}],"is_trial":false,"path_per_floor":["M","?","M","?","M","E","R","E","T","M","R","$","R","E","R","B"],"character_chosen":"THE_SILENT","items_purchased":["Akabeko","Skewer"],"campfire_rested":1,"item_purchase_floors":[12,12],"current_hp_per_floor":[63,56,54,54,54,27,27,13,13,13,13,13,34,26,26,0,0],"gold":33,"neow_bonus":"TEN_PERCENT_HP_BONUS","is_daily":false,"chose_seed":false,"campfire_upgraded":3,"win_rate":0.0,"timestamp":1611149267,"path_taken":["M","?","M","?","?","E","R","E","T","M","R","$","R","E","R","BOSS"],"items_purchased_type":["Relic","Card"],"build_version":"2020-12-22","purchased_purges":0,"victory":false,"max_hp_per_floor":[72,72,72,72,72,72,72,72,72,72,72,72,72,72,72,72,72],"relic_stats":{"counters":[8,48],"Bronze Scales":[27],"Boot":[36],"obtain_stats":[{"Anchor":6,"Matryoshka":14,"Bronze Scales":9,"Boot":8,"Akabeko":12,"Ring of the Snake":0},{"Anchor":4,"Matryoshka":7,"Bronze Scales":5,"Boot":5,"Akabeko":6,"Ring of the Snake":0},{"Anchor":20,"Matryoshka":40,"Bronze Scales":32,"Boot":32,"Akabeko":35,"Ring of the Snake":0}],"Ring of the Snake":[16]},"card_choices":[{"not_picked":["Dagger Throw","Outmaneuver"],"picked":"Dagger Spray","floor":1.0},{"not_picked":["Reflex","Acrobatics"],"picked":"Crippling Poison","floor":3.0},{"not_picked":["Escape Plan","Outmaneuver"],"picked":"After Image","floor":5},{"not_picked":["Choke","Sucker Punch"],"picked":"Cloak And Dagger","floor":6},{"not_picked":["Bouncing Flask","Dagger Throw"],"picked":"Blade Dance","floor":8},{"not_picked":["Eviscerate","Acrobatics","Masterful Stab"],"picked":"SKIP","floor":10},{"not_picked":["Dagger Spray","Heel Hook","Slice"],"picked":"SKIP","floor":14}],"player_experience":399526,"relics_obtained":[{"floor":6,"key":"Anchor"},{"floor":8,"key":"Boot"},{"floor":9,"key":"Bronze Scales"},{"floor":14,"key":"Matryoshka"}],"event_choices":[{"cards_removed":["Strike_G"],"damage_healed":0.0,"max_hp_gain":0.0,"max_hp_loss":0.0,"gold_gain":0.0,"event_name":"Golden Wing","player_choice":"Card Removal","floor":2.0,"gold_loss":0.0,"damage_taken":7.0},{"damage_healed":0,"gold_gain":0,"player_choice":"Leave","damage_taken":0,"max_hp_gain":0,"max_hp_loss":0,"event_name":"FaceTrader","floor":4,"gold_loss":0}],"is_beta":false,"boss_relics":[],"items_purged_floors":[],"is_endless":false,"potions_floor_spawned":[3,6,10],"killed_by":"Slime Boss","ascension_level":14}}