{"host":"1hv1kueuvc4r3rdp","time":1611101842,"event":{"mods":["AchievementEnabler","BaseMod","DeckTracker","Highlight Path","Minty Spire (QoL Compilation)","Permanent Neow","StSLib"],"gold_per_floor":[212,229,240,254,78,78,113,129,156,156,186,251,265,285,285,382,382,399,417,430,445,445,445,460,460,460,460,460,166,181,207,207,302,302,313,327,342,19,19,19,46,46,115,130,144,163,163,180,180,180],"floor_reached":51,"language":"ENG","playtime":3188,"items_purged":["Strike_B"],"score":956,"play_id":"14bd30f4-bebb-4998-b0b0-721bce975c95","local_time":"20210119181722","is_ascension_mode":true,"campfire_choices":[{"data":"Defragment","floor":6,"key":"SMITH"},{"data":"Defragment","floor":10,"key":"SMITH"},{"floor":15,"key":"REST"},{"floor":23,"key":"REST"},{"data":"Genetic Algorithm","floor":25,"key":"SMITH"},{"data":"Zap","floor":27,"key":"SMITH"},{"floor":32,"key":"REST"},{"floor":40,"key":"REST"},{"floor":42,"key":"REST"},{"floor":47,"key":"REST"},{"floor":49,"key":"REST"}],"circlet_count":0,"master_deck":["Strike_B","Strike_B","Strike_B","Defend_B","Defend_B","Defend_B","Defend_B","Zap+1","Dualcast","Defragment+1","Coolheaded","Cold Snap","Melter","Defragment+1","Compile Driver","FTL","Electrodynamics","Ball Lightning","Genetic Algorithm+1","Writhe","Go for the Eyes+1","Steam","Secret Technique","Auto Shields","Echo Form","Panache","Genetic Algorithm+1","Multi-Cast","Capacitor","BootSequence"],"relics":["Cracked Core","Ice Cream","Nunchaku","Blood Vial","Velvet Choker","Potion Belt","Kunai","Prayer Wheel","Oddly Smooth Stone","Lantern","Question Card"],"acts_visited":["Exordium","TheCity","TheBeyond"],"potions_floor_usage":[13,16,33,50,50,50],"damage_taken":[{"damage":0,"enemies":"Cultist","floor":1,"turns":3},{"damage":1,"enemies":"Small Slimes","floor":2,"turns":4},{"damage":0,"enemies":"2 Louse","floor":3,"turns":4},{"damage":9,"enemies":"Looter","floor":4,"turns":4},{"damage":9,"enemies":"3 Sentries","floor":7,"turns":8},{"damage":7,"enemies":"3 Louse","floor":8,"turns":4},{"damage":11,"enemies":"Gremlin Nob","floor":11,"turns":4},{"damage":4,"enemies":"Red Slaver","floor":13,"turns":3},{"damage":6,"enemies":"2 Fungi Beasts","floor":14,"turns":2},{"damage":32,"enemies":"The Guardian","floor":16,"turns":10},{"damage":0,"enemies":"Chosen","floor":18,"turns":4},{"damage":12,"enemies":"Shell Parasite","floor":19,"turns":4},{"damage":19,"enemies":"Snake Plant","floor":20,"turns":3},{"damage":9,"enemies":"Chosen and Byrds","floor":21,"turns":4},{"damage":15,"enemies":"Sentry and Sphere","floor":24,"turns":4},{"damage":9,"enemies":"Snecko","floor":30,"turns":4},{"damage":10,"enemies":"Gremlin Leader","floor":31,"turns":7},{"damage":46,"enemies":"Automaton","floor":33,"turns":12},{"damage":11,"enemies":"Orb Walker","floor":35,"turns":4},{"damage":3,"enemies":"3 Darklings","floor":36,"turns":4},{"damage":20,"enemies":"Maw","floor":37,"turns":10},{"damage":17,"enemies":"Nemesis","floor":41,"turns":9},{"damage":0,"enemies":"Sphere and 2 Shapes","floor":44,"turns":4},{"damage":24,"enemies":"3 Darklings","floor":45,"turns":6},{"damage":13,"enemies":"Spire Growth","floor":46,"turns":6},{"damage":28,"enemies":"Jaw Worm Horde","floor":48,"turns":5},{"damage":48,"enemies":"Donu and Deca","floor":50,"turns":6}],"seed_played":"2420133476113328682","potions_obtained":[{"floor":1,"key":"ColorlessPotion"},{"floor":4,"key":"SteroidPotion"},{"floor":8,"key":"Dexterity Potion"},{"floor":11,"key":"DuplicationPotion"},{"floor":13,"key":"BlessingOfTheForge"},{"floor":18,"key":"PowerPotion"},{"floor":30,"key":"Energy Potion"},{"floor":33,"key":"PowerPotion"}],"is_trial":false,"path_per_floor":["M","M","M","M","$","R","E","M","T","R","E","?","M","M","R","B",null,"M","M","M","M","?","R","M","R","T","R","?","$","M","E","R","B",null,"M","M","M","$","?","R","E","R","T","M","M","M","R","M","R","B",null],"character_chosen":"DEFECT","items_purchased":["Defragment","FairyPotion","Block Potion","Secret Technique","Oddly Smooth Stone","Panache"],"campfire_rested":7,"item_purchase_floors":[5,5,29,29,38,38],"current_hp_per_floor":[68,67,67,58,58,58,49,42,42,42,31,31,29,25,47,17,61,63,53,36,29,29,51,38,38,38,38,38,38,31,23,45,1,57,48,47,29,29,29,51,36,58,58,60,38,27,49,23,45,21],"gold":180,"neow_bonus":"HUNDRED_GOLD","is_daily":false,"chose_seed":false,"campfire_upgraded":4,"win_rate":0.0,"timestamp":1611101842,"path_taken":["M","M","M","?","$","R","E","M","T","R","E","?","M","M","R","BOSS","M","M","M","M","?","R","M","R","T","R","?","$","M","E","R","BOSS","M","M","M","$","?","R","E","R","T","M","M","?","R","M","R","BOSS"],"items_purchased_type":["Card","Potion","Potion","Card","Relic","Card"],"build_version":"2020-12-22","purchased_purges":1,"victory":true,"max_hp_per_floor":[75,75,75,75,75,75,75,75,75,75,75,75,75,75,75,75,75,75,75,75,75,75,75,75,75,75,75,75,75,75,75,75,75,75,75,75,75,75,75,75,75,75,75,75,75,75,75,75,75,75],"card_choices":[{"not_picked":["Lockon","Stack"],"picked":"Defragment","floor":1},{"not_picked":["Redo","Stack"],"picked":"Coolheaded","floor":2},{"not_picked":["Conserve Battery","Compile Driver"],"picked":"Cold Snap","floor":3},{"not_picked":["Lockon","Turbo"],"picked":"Melter","floor":4},{"not_picked":["Skim","Rip and Tear","Force Field"],"picked":"SKIP","floor":7},{"not_picked":["Chaos","White Noise","Turbo"],"picked":"SKIP","floor":8},{"not_picked":["Meteor Strike","Sunder"],"picked":"Compile Driver","floor":11},{"not_picked":["Cold Snap","Blizzard"],"picked":"FTL","floor":13},{"not_picked":["Stack","Coolheaded","Undo"],"picked":"SKIP","floor":14},{"not_picked":["Amplify","Seek"],"picked":"Electrodynamics","floor":16},{"not_picked":["Cold Snap","Doom and Gloom"],"picked":"Ball Lightning","floor":18},{"not_picked":["Loop","Hologram","Ball Lightning+1"],"picked":"SKIP","floor":19},{"not_picked":["Streamline","Scrape"],"picked":"Genetic Algorithm","floor":20},{"not_picked":["Hello World+1","Compile Driver","Sweeping Beam"],"picked":"SKIP","floor":21},{"not_picked":["Ball Lightning","Fission"],"picked":"Go for the Eyes+1","floor":24},{"not_picked":["Compile Driver","Ball Lightning+1"],"picked":"Auto Shields","floor":30},{"not_picked":["Rip and Tear","FTL","Compile Driver+1"],"picked":"SKIP","floor":31},{"not_picked":["Machine Learning","Thunder Strike"],"picked":"Echo Form","floor":33},{"not_picked":["Leap","Go for the Eyes+1","Hologram+1"],"picked":"SKIP","floor":35},{"not_picked":["Ball Lightning+1","Cold Snap+1","Defragment"],"picked":"SKIP","floor":35},{"not_picked":["Sweeping Beam+1","Fusion","Streamline+1"],"picked":"SKIP","floor":36},{"not_picked":["Ball Lightning+1","Aggregate","Rip and Tear"],"picked":"SKIP","floor":36},{"not_picked":["Sunder","Go for the Eyes","Reprogram"],"picked":"SKIP","floor":37},{"not_picked":["Beam Cell+1","Rebound+1","Coolheaded+1"],"picked":"SKIP","floor":37},{"not_picked":["Redo","Loop+1","Rebound+1"],"picked":"SKIP","floor":41},{"not_picked":["Sweeping Beam","Double Energy+1","Recycle+1"],"picked":"Multi-Cast","floor":44},{"not_picked":["Fusion+1","Coolheaded+1","Stack"],"picked":"Capacitor","floor":44},{"not_picked":["Beam Cell+1","Undo+1","Barrage+1"],"picked":"BootSequence","floor":45},{"not_picked":["Storm","Recycle","Gash","Stack+1"],"picked":"SKIP","floor":45},{"not_picked":["Hello World+1","Ball Lightning+1","Skim+1","Hologram+1"],"picked":"SKIP","floor":46},{"not_picked":["Redo","Rebound","Cold Snap+1","Steam+1"],"picked":"SKIP","floor":46},{"not_picked":["Fusion","Blizzard+1","Genetic Algorithm","Chaos"],"picked":"SKIP","floor":48},{"not_picked":["Streamline","Leap+1","Beam Cell","Steam+1"],"picked":"SKIP","floor":48}],"player_experience":1144646,"relics_obtained":[{"floor":7,"key":"Ice Cream"},{"floor":9,"key":"Nunchaku"},{"floor":11,"key":"Blood Vial"},{"floor":26,"key":"Kunai"},{"floor":31,"key":"Prayer Wheel"},{"floor":41,"key":"Lantern"},{"floor":43,"key":"Question Card"}],"event_choices":[{"damage_healed":0,"gold_gain":65,"player_choice":"Gained Gold","damage_taken":0,"max_hp_gain":0,"max_hp_loss":0,"event_name":"Golden Wing","floor":12,"gold_loss":0},{"damage_healed":0,"gold_gain":0,"player_choice":"Opened","damage_taken":0,"relics_obtained":["Potion Belt"],"max_hp_gain":0,"max_hp_loss":0,"event_name":"The Mausoleum","floor":22,"gold_loss":0,"cards_obtained":["Writhe"]},{"damage_healed":0,"gold_gain":0,"player_choice":"Read","damage_taken":0,"max_hp_gain":0,"max_hp_loss":0,"event_name":"The Library","floor":28,"gold_loss":0,"cards_obtained":["Steam"]},{"damage_healed":0,"gold_gain":0,"player_choice":"Copied","damage_taken":0,"max_hp_gain":0,"max_hp_loss":0,"event_name":"Duplicator","floor":39,"gold_loss":0,"cards_obtained":["Genetic Algorithm"]}],"is_beta":false,"boss_relics":[{"not_picked":["Cursed Key","Fusion Hammer"],"picked":"Velvet Choker"},{"not_picked":["Busted Crown","Sozu","Runic Dome"]}],"items_purged_floors":[29],"is_endless":false,"potions_floor_spawned":[1,4,8,11,13,18,19,30,33,36,41,48],"ascension_level":8}}