{"host":"knspyp6dy614fx6e","time":1611112272,"event":{"mods":["BaseMod","Better Altar","Better Match","Better Note","Better Sensory Stone","Better Skull","Better Third Choice","DeckTracker","Minty Spire (QoL Compilation)","Quick Restart","Relic Stats","Spicy Shops","StSLib","Waifu the Spire"],"gold_per_floor":[14,30,40,56,56,56,56,88,88,99,127,139,182,204,216,304,316,343,194,194,213,53,82,98,128,128,128,128],"floor_reached":27,"language":"ZHS","playtime":1130,"items_purged":["Strike_R"],"score":544,"play_id":"85dc972c-ba11-4649-b876-b768f86555e2","local_time":"20210120111112","is_ascension_mode":true,"campfire_choices":[{"data":"Metallicize","floor":6.0,"key":"SMITH"},{"data":"Rampage","floor":15.0,"key":"SMITH"}],"circlet_count":0,"master_deck":["AscendersBane","Strike_R","Strike_R","Strike_R","Defend_R","Defend_R","Defend_R","Bash","Metallicize+1","Pummel","Flame Barrier","BootSequence","Rampage+1","Evolve+1","Berserk+1","Dark Embrace+1","Body Slam+1","Disarm"],"relics":["Burning Blood","TungstenRod","Mercury Hourglass","Frozen Egg 2","MawBank","Bottled Tornado","Oddly Smooth Stone","Mark of Pain","Bag of Preparation","Blue Candle","Pear","Pantograph"],"acts_visited":["Exordium","TheCity"],"potions_floor_usage":[23,24,25],"damage_taken":[{"damage":11.0,"enemies":"Jaw Worm","floor":1.0,"turns":5.0},{"damage":14.0,"enemies":"Small Slimes","floor":2.0,"turns":4.0},{"damage":2.0,"enemies":"Cultist","floor":3.0,"turns":4.0},{"damage":4.0,"enemies":"Exordium Wildlife","floor":4.0,"turns":5.0},{"damage":33.0,"enemies":"Gremlin Nob","floor":8.0,"turns":6.0},{"damage":5.0,"enemies":"Large Slime","floor":10.0,"turns":6.0},{"damage":15.0,"enemies":"Lagavulin","floor":11.0,"turns":6.0},{"damage":39.0,"enemies":"Gremlin Nob","floor":13.0,"turns":5.0},{"damage":0.0,"enemies":"3 Louse","floor":14.0,"turns":3.0},{"damage":41.0,"enemies":"The Guardian","floor":16.0,"turns":11.0},{"damage":16.0,"enemies":"Chosen","floor":18.0,"turns":6.0},{"damage":0.0,"enemies":"3 Byrds","floor":21.0,"turns":4.0},{"damage":41,"enemies":"Slavers","floor":23,"turns":6},{"damage":2,"enemies":"Centurion and Healer","floor":24,"turns":6},{"damage":27,"enemies":"Gremlin Leader","floor":25,"turns":7},{"damage":24,"enemies":"Slavers","floor":27,"turns":4}],"seed_played":"-8647969880992513851","potions_obtained":[{"floor":1.0,"key":"Fire Potion"},{"floor":8.0,"key":"BlessingOfTheForge"},{"floor":13.0,"key":"BlessingOfTheForge"},{"floor":14.0,"key":"FairyPotion"},{"floor":21.0,"key":"Energy Potion"},{"floor":23,"key":"Weak Potion"},{"floor":24,"key":"Fruit Juice"}],"is_trial":false,"path_per_floor":["M","M","M","M","?","R","?","E","T","M","E","T","E","M","R","B",null,"M","$","?","M","$","E","M","E","T","E"],"character_chosen":"IRONCLAD","items_purchased":["Dark Embrace+1","Bag of Preparation"],"campfire_rested":0,"item_purchase_floors":[19,22],"current_hp_per_floor":[63,55,59,61,41,41,85,58,58,59,50,50,17,23,23,25,70,60,60,60,66,66,31,40,29,29,5,5],"gold":128,"neow_bonus":"REMOVE_TWO","is_daily":false,"chose_seed":false,"campfire_upgraded":2,"win_rate":0.0,"timestamp":1611112272,"path_taken":["M","M","M","M","?","R","?","E","T","?","E","?","E","M","R","BOSS","M","$","?","M","$","E","M","E","T","E"],"items_purchased_type":["Card","Relic"],"build_version":"2020-12-22","purchased_purges":1,"victory":false,"max_hp_per_floor":[75,75,75,75,75,75,85,85,85,85,85,85,85,85,85,85,85,85,85,85,85,85,85,90,100,100,100,100],"relic_stats":{"counters":[16,88],"Blue Candle":[3],"Pantograph":0,"Bag of Preparation":[8],"MawBank":96,"obtain_stats":[{"Pear":25,"Blue Candle":23,"Pantograph":26,"Oddly Smooth Stone":13,"Mark of Pain":17,"Bag of Preparation":22,"Frozen Egg 2":9,"Bottled Tornado":12,"MawBank":11,"Burning Blood":0,"TungstenRod":5,"Mercury Hourglass":8},{"Pear":15,"Blue Candle":13,"Pantograph":15,"Oddly Smooth Stone":8,"Mark of Pain":10,"Bag of Preparation":12,"Frozen Egg 2":5,"Bottled Tornado":7,"MawBank":7,"Burning Blood":0,"TungstenRod":4,"Mercury Hourglass":5},{"Pear":84,"Blue Candle":71,"Pantograph":84,"Oddly Smooth Stone":41,"Mark of Pain":55,"Bag of Preparation":65,"Frozen Egg 2":24,"Bottled Tornado":36,"MawBank":36,"Burning Blood":0,"TungstenRod":18,"Mercury Hourglass":24}],"Burning Blood":90,"TungstenRod":47,"Mercury Hourglass":[299]},"card_choices":[{"not_picked":["Sword Boomerang","Havoc"],"picked":"Metallicize","floor":1.0},{"not_picked":["Clothesline","Havoc"],"picked":"Pummel","floor":2.0},{"not_picked":["Warcry","Armaments"],"picked":"Flame Barrier","floor":3.0},{"not_picked":["Armaments","Pommel Strike"],"picked":"Impervious","floor":4.0},{"not_picked":["Pummel","True Grit"],"picked":"Rampage","floor":8.0},{"not_picked":["Spot Weakness","Pummel","Heavy Blade"],"picked":"SKIP","floor":10.0},{"not_picked":["Pommel Strike","Spot Weakness"],"picked":"Evolve+1","floor":11.0},{"not_picked":["Sword Boomerang","Heavy Blade","Infernal Blade"],"picked":"SKIP","floor":13.0},{"not_picked":["Dual Wield","Pummel","Perfected Strike"],"picked":"SKIP","floor":14.0},{"not_picked":["Exhume","Corruption+1"],"picked":"Berserk+1","floor":16.0},{"not_picked":["Armaments+1","Twin Strike+1","Entrench"],"picked":"SKIP","floor":18.0},{"not_picked":["True Grit","Sever Soul","Thunderclap"],"picked":"SKIP","floor":21.0},{"not_picked":["Combust+1","Sword Boomerang","Pummel"],"picked":"SKIP","floor":23},{"not_picked":["Combust+1","Sword Boomerang","Pummel"],"picked":"SKIP","floor":23},{"not_picked":["Wild Strike","Warcry"],"picked":"Body Slam+1","floor":24},{"not_picked":["Corruption+1","Carnage"],"picked":"Disarm","floor":25}],"player_experience":249668,"relics_obtained":[{"floor":8.0,"key":"Mercury Hourglass"},{"floor":9.0,"key":"Frozen Egg 2"},{"floor":11.0,"key":"MawBank"},{"floor":12.0,"key":"Bottled Tornado"},{"floor":13.0,"key":"Oddly Smooth Stone"},{"floor":23,"key":"Blue Candle"},{"floor":25,"key":"Pear"},{"floor":26,"key":"Pantograph"}],"event_choices":[{"damage_healed":0.0,"max_hp_gain":0.0,"max_hp_loss":0.0,"gold_gain":1.0,"event_name":"betterThird:BetterScrap","player_choice":"Relic Card ","floor":5.0,"gold_loss":0.0,"damage_taken":21.0,"cards_obtained":["BootSequence","Wraith Form v2"]},{"cards_removed":["Impervious"],"damage_healed":34.0,"max_hp_gain":10.0,"max_hp_loss":0.0,"gold_gain":0.0,"event_name":"Bonfire Elementals","player_choice":"Offered Rare","floor":7.0,"gold_loss":0.0,"damage_taken":0.0},{"damage_healed":0.0,"max_hp_gain":0.0,"max_hp_loss":0.0,"gold_gain":0.0,"event_name":"The Mausoleum","player_choice":"Ignored","floor":20.0,"gold_loss":0.0,"damage_taken":0.0}],"is_beta":false,"boss_relics":[{"not_picked":["Runic Cube","Ectoplasm"],"picked":"Mark of Pain"}],"items_purged_floors":[19],"is_endless":false,"potions_floor_spawned":[1,8,13,14,21,23,24],"killed_by":"Slavers","ascension_level":18}}