{"host":"1ecbliur7lfoj0sl","time":1611106196,"event":{"mods":["BaseMod","Downfall","Minty Spire (QoL Compilation)","StSLib","The Senshi","Waifu the Spire"],"gold_per_floor":[99,111,111,130,140,140,140,151,251,268,168,182,208,221,239,338,338,338,349,349,749,766,798,798,810,910,485,504,538,538,572,585,585,585,585],"floor_reached":33,"language":"ZHS","playtime":1673,"items_purged":["Guardian:Strike_Guardian"],"score":377,"play_id":"eb7b0eb5-eca5-464f-b607-e8d855cbdcf2","local_time":"20210120092956","is_ascension_mode":true,"campfire_choices":[{"floor":1.0,"key":"RECALL"},{"data":"1","floor":11.0,"key":"LIFT"},{"data":"2","floor":18.0,"key":"LIFT"},{"floor":30,"key":"REST"}],"circlet_count":0,"master_deck":["Guardian:Strike_Guardian","Guardian:Strike_Guardian","Guardian:Defend_Guardian","Guardian:Defend_Guardian","Guardian:Defend_Guardian","Guardian:Defend_Guardian","Guardian:TwinSlam","Guardian:BronzeOrb","Guardian:ChargeUp","Guardian:PolyBeam+1","Guardian:Planning","Guardian:StasisEngine","Guardian:TimeCapacitor+1","Guardian:PiercingHide","Guardian:Repulse","Guardian:BaubleBeam","Blind","downfall:Malfunctioning","Guardian:Planning+1","Guardian:Gem_Cyan","Guardian:TemporalShield","Guardian:DonusPower+1","Guardian:Recover+1","Guardian:CompilePackage"],"relics":["Guardian:ModeShifter","Girya","downfall:HeartBlessingRed","Strawberry","SlaversCollar","Old Coin","Pear","PreservedInsect","Kunai","downfall:GremlinSack","Toy Ornithopter","Bronze Scales","Ornamental Fan","Orichalcum"],"acts_visited":["Exordium","TheCity"],"potions_floor_usage":[28,31,33],"damage_taken":[{"damage":3.0,"enemies":"Jaw Worm","floor":2.0,"turns":5.0},{"damage":4.0,"enemies":"Cultist","floor":4.0,"turns":4.0},{"damage":3.0,"enemies":"Small Slimes","floor":5.0,"turns":4.0},{"damage":11.0,"enemies":"Blue Slaver","floor":8.0,"turns":5.0},{"damage":21.0,"enemies":"Exordium Thugs","floor":10.0,"turns":5.0},{"damage":2.0,"enemies":"Large Slime","floor":12.0,"turns":4.0},{"damage":1.0,"enemies":"3 Sentries","floor":13.0,"turns":7.0},{"damage":2.0,"enemies":"Exordium Thugs","floor":14.0,"turns":2.0},{"damage":5.0,"enemies":"Exordium Wildlife","floor":15.0,"turns":2.0},{"damage":35.0,"enemies":"WA_ARCHETYPE_RETAIN","floor":16.0,"turns":7.0},{"damage":0.0,"enemies":"Spheric Guardian","floor":19.0,"turns":3.0},{"damage":14.0,"enemies":"SI_SHIV_ARCHETYPE","floor":21.0,"turns":6.0},{"damage":2.0,"enemies":"3 Byrds","floor":22.0,"turns":4.0},{"damage":28.0,"enemies":"Gremlin Leader","floor":23.0,"turns":7.0},{"damage":20.0,"enemies":"Centurion and Healer","floor":25.0,"turns":6.0},{"damage":0.0,"enemies":"Centurion and Healer","floor":26.0,"turns":2.0},{"damage":4,"enemies":"downfall:FleeingMerchant","floor":27,"turns":4},{"damage":19,"enemies":"Sentry and Sphere","floor":28,"turns":6},{"damage":20,"enemies":"Book of Stabbing","floor":29,"turns":5},{"damage":23,"enemies":"Slavers","floor":31,"turns":4},{"damage":3,"enemies":"Shelled Parasite and Fungi","floor":32,"turns":5},{"damage":21,"enemies":"DF_ARCHETYPE_CLAW","floor":33,"turns":3}],"seed_played":"-6732533721585370031","potions_obtained":[{"floor":12.0,"key":"BlessingOfTheForge"},{"floor":13.0,"key":"Explosive Potion"},{"floor":14.0,"key":"Fire Potion"},{"floor":19.0,"key":"Fire Potion"},{"floor":23.0,"key":"SmokeBomb"},{"floor":26,"key":"Block Potion"},{"floor":28,"key":"Ancient Potion"},{"floor":29,"key":"Fire Potion"},{"floor":32,"key":"FearPotion"}],"is_trial":false,"path_per_floor":["R","M","?","M","M","?","T","M","?","M","R","M","E","M","M","B",null,"R","M","?","?","M","E","T","M","?","$","M","E","R","E","M","B"],"character_chosen":"GUARDIAN","items_purchased":["Toy Ornithopter","Bronze Scales","Guardian:Gem_Crimson"],"campfire_rested":1,"item_purchase_floors":[27,27,27],"current_hp_per_floor":[88,85,85,81,78,78,78,67,67,46,46,44,50,48,43,8,95,95,95,95,91,89,61,61,41,41,37,23,3,34,16,13,0,0,0],"gold":585,"neow_bonus":"TEN_PERCENT_HP_BONUS","is_daily":false,"chose_seed":false,"campfire_upgraded":0,"win_rate":0.0,"timestamp":1611106196,"path_taken":["R","M","?","?","M","?","T","M","?","M","R","M","E","M","M","BOSS","R","M","?","?","M","E","T","M","?","$","M","E","R","E","M","BOSS"],"items_purchased_type":["Relic","Relic","Card"],"build_version":"2020-12-22","purchased_purges":1,"victory":false,"max_hp_per_floor":[88,88,88,88,88,88,88,88,88,88,88,88,95,95,95,95,95,95,95,95,105,105,105,105,105,105,105,105,105,105,105,105,105,105,105],"card_choices":[{"not_picked":["Guardian:WalkerClaw","Guardian:TemporalStrike"],"picked":"Guardian:Gem_Red","floor":2.0},{"not_picked":["Guardian:Recover","Guardian:RollAttack","Guardian:ShieldSpikes"],"picked":"SKIP","floor":4.0},{"not_picked":["Guardian:WalkerClaw","Guardian:ShieldCharger","Guardian:MultiBeam"],"picked":"SKIP","floor":5.0},{"not_picked":["Guardian:ShieldCharger","Guardian:Emergency"],"picked":"Guardian:Gem_Yellow","floor":8.0},{"not_picked":["Guardian:CrystalBeam","Guardian:Gem_Red"],"picked":"Guardian:BronzeOrb","floor":10.0},{"not_picked":["Guardian:PiercingHide","Guardian:Suspension"],"picked":"Guardian:ChargeUp","floor":12.0},{"not_picked":["Guardian:Suspension","Guardian:TimeBomb"],"picked":"Guardian:Gem_Fragmented","floor":13.0},{"not_picked":["Guardian:Clone","Guardian:ShieldCharger","Guardian:RollAttack"],"picked":"SKIP","floor":14.0},{"not_picked":["Guardian:EvasiveProtocol","Guardian:RollAttack","Guardian:ChargeCore"],"picked":"SKIP","floor":15.0},{"not_picked":["Guardian:FastForward","Guardian:StasisStrike"],"picked":"Guardian:Gem_Orange","floor":16.0},{"not_picked":["Guardian:TemporalStrike","Guardian:ShieldCharger"],"picked":"Guardian:PolyBeam+1","floor":19.0},{"not_picked":["Guardian:Gem_Cyan","Guardian:Incinerate"],"picked":"Guardian:Planning","floor":22.0},{"not_picked":["Guardian:Gem_Red","Guardian:Reroute+1"],"picked":"Guardian:StasisEngine","floor":23.0},{"not_picked":["Guardian:SpikerProtocol","Guardian:Gem_Cyan"],"picked":"Guardian:TimeCapacitor+1","floor":25.0},{"not_picked":["Guardian:PrimingBeam","Guardian:GuardianWhirl"],"picked":"Guardian:Planning+1","floor":26},{"not_picked":["Guardian:Suspension","Guardian:BodySlam+1"],"picked":"Guardian:Gem_Cyan","floor":27},{"not_picked":["Guardian:Suspension","Guardian:ArmoredProtocol"],"picked":"Guardian:TemporalShield","floor":28},{"not_picked":["Guardian:VentSteam+1","Guardian:BronzeArmor+1"],"picked":"Guardian:DonusPower+1","floor":29},{"not_picked":["Guardian:Suspension","Guardian:TimeCapacitor"],"picked":"Guardian:Recover+1","floor":31},{"not_picked":["Guardian:ChargeCore","Guardian:Reroute"],"picked":"Guardian:CompilePackage","floor":32}],"player_experience":57189,"relics_obtained":[{"floor":7.0,"key":"Girya"},{"floor":13.0,"key":"Strawberry"},{"floor":21.0,"key":"Old Coin"},{"floor":21.0,"key":"Pear"},{"floor":23.0,"key":"PreservedInsect"},{"floor":24.0,"key":"Kunai"},{"floor":26,"key":"downfall:GremlinSack"},{"floor":29,"key":"Ornamental Fan"},{"floor":31,"key":"Orichalcum"}],"event_choices":[{"cards_removed":["Guardian:CurlUp"],"damage_healed":0.0,"max_hp_gain":0.0,"max_hp_loss":0.0,"gold_gain":0.0,"event_name":"The Cleric","player_choice":"Card Removal","floor":6.0,"gold_loss":0.0,"damage_taken":0.0}],"is_beta":false,"boss_relics":[{"not_picked":["Philosopher\u0027s Stone","Snecko Eye"],"picked":"SlaversCollar"}],"items_purged_floors":[27],"is_endless":false,"potions_floor_spawned":[12,13,14,19,23,26,28,29,32],"killed_by":"DF_ARCHETYPE_CLAW","ascension_level":1}}