{"host":"6a92uynocv4elkyp","time":1611166541,"event":{"mods":["AchievementEnabler","BaseMod","Hubris","Infinite Spire","Minty Spire (QoL Compilation)","Quick Restart","Replay The Spire","StSLib"],"gold_per_floor":[99,69,129,702,753,837,837,837],"floor_reached":7,"language":"ENG","playtime":433,"items_purged":[],"score":98,"play_id":"957513eb-7aa6-4f1e-9cbd-0ba982d6ceab","local_time":"20210120191541","daily_mods":["SealedDeck","Heirloom","Flight","DeadlyEvents","Elite Swarm","Midas"],"is_ascension_mode":true,"campfire_choices":[],"circlet_count":0,"master_deck":["AscendersBane","Headbutt","Clash","Warcry","Battle Trance","ReplayTheSpireMod:Stacked","Shrug It Off","ReplayTheSpireMod:Limb From Limb","Intimidate","Heavy Blade","Flex","Replay:Undeath\u0027s Touch","Shrug It Off","Rampage","Limit Break"],"relics":["replay:Trail_Library","Girya","Replay:M_SmolderingBlood","Counterbalance"],"acts_visited":["Exordium"],"potions_floor_usage":[6],"damage_taken":[{"damage":1,"enemies":"Jaw Worm","floor":3,"turns":3},{"damage":0,"enemies":"Cultist","floor":5,"turns":3},{"damage":21,"enemies":"Lagavulin","floor":6,"turns":4},{"damage":5,"enemies":"Gremlin Nob","floor":7,"turns":3}],"seed_played":"-8015728486903436585","potions_obtained":[{"floor":2,"key":"SneckoOil"},{"floor":2,"key":"ElixirPotion"},{"floor":3,"key":"SkillPotion"}],"is_trial":true,"path_per_floor":["?","?","M","?","M","E","E"],"character_chosen":"IRONCLAD","items_purchased":[],"campfire_rested":0,"item_purchase_floors":[],"current_hp_per_floor":[68,68,67,43,43,22,17,17],"gold":837,"neow_bonus":"","is_daily":false,"chose_seed":false,"campfire_upgraded":0,"win_rate":0.0,"timestamp":1611166541,"path_taken":["?","?","?","?","?","E","E"],"items_purchased_type":[],"build_version":"2020-12-22","purchased_purges":0,"victory":false,"max_hp_per_floor":[75,75,75,75,75,75,75,75],"card_choices":[{"not_picked":["Twin Strike","Wild Strike"],"picked":"Replay:Undeath\u0027s Touch","floor":3},{"not_picked":["ReplayTheSpireMod:Strike From Hell","Burning Pact"],"picked":"Shrug It Off","floor":4},{"not_picked":["Wild Strike","Eclipse"],"picked":"Rampage","floor":5},{"not_picked":["Immolate","Replay:Many Hands"],"picked":"Limit Break","floor":6}],"player_experience":127680,"relics_obtained":[{"floor":6,"key":"Counterbalance"}],"event_choices":[{"damage_healed":0,"gold_gain":0,"player_choice":"Bought 2 Potions","damage_taken":0,"max_hp_gain":0,"max_hp_loss":0,"event_name":"The Woman in Blue","floor":2,"gold_loss":0}],"is_beta":false,"boss_relics":[],"items_purged_floors":[],"is_endless":false,"potions_floor_spawned":[3,5],"killed_by":"Gremlin Nob","ascension_level":20}}