{"host":"fjnjuohsz43l8o15","time":1611179384,"event":{"mods":["2.2 Compatiblity","Act Like it!","BaseMod","Downfall","Friendly Minions","Minty Spire (QoL Compilation)","StSLib"],"gold_per_floor":[99,99,111,55,71,71,71,82,82,82,67,78,103,403,414,509,509,309,309,319,319,50,60,60,45,55,77,77,62,62,80,107,209,209,209,221,238,248,398,430,457,477,494,511,532,544,444,118,137,137,137,162,61,61,61,61],"floor_reached":57,"language":"ENG","playtime":5159,"items_purged":["downfall:Icky","downfall:Icky","Parasite"],"score":1213,"play_id":"1d87d7a4-5229-48bd-aca8-d97901920ad8","local_time":"20210120214944","is_ascension_mode":false,"campfire_choices":[{"data":"hexamod:Float","floor":1.0,"key":"SMITH"},{"floor":6.0,"key":"RECALL"},{"data":"hexamod:VolcanoVisage","floor":18.0,"key":"SMITH"},{"floor":28.0,"key":"REST"},{"floor":30.0,"key":"REST"},{"data":"hexamod:SearingWound","floor":35.0,"key":"SMITH"},{"floor":47.0,"key":"REST"},{"floor":54,"key":"REST"}],"circlet_count":0,"master_deck":["hexamod:Strike+1","hexamod:Strike","hexamod:Defend","hexamod:Defend","hexamod:Defend","hexamod:Sear","hexamod:Float+1","hexamod:NightmareGuise+1","hexamod:Incineration+1","hexamod:SpectersWail+1","hexamod:HeatShield+1","hexamod:RetreatToShadows+1","hexamod:FlamesFromBeyond","hexamod:RecurringNightmare","hexamod:Hexaguard","hexamod:ExtraCrispy+1","hexamod:RainOfEmbers","hexamod:WildfireWeapon+1","hexamod:VolcanoVisage+1","hexamod:PhantomFireball+1","hexamod:AdvancingGuard+1","hexamod:StepThrough+1","expansioncontent:QuickStudy","hexamod:Hexaguard+1","hexamod:RainOfEmbers","hexamod:RecurringNightmare+1","hexamod:FlamesFromBeyond","hexamod:FlamesFromBeyond","hexamod:NecessarySacrifice","hexamod:SearingWound+1","hexamod:NightmareGuise","hexamod:SpectersWail+1","hexamod:PowerFromBeyond","hexamod:SoulSteal","hexamod:GhostflameBarrier+1","hexamod:HeatCrush+1","expansioncontent:QuickStudy","hexamod:PhantomCloak+1","hexamod:HeatShield","expansioncontent:DashGenerateEvil","hexamod:FourthSeal","hexamod:RainOfEmbers+1"],"relics":["Empty Cage","Orichalcum","SacredBark","downfall:HeartBlessingRed","downfall:HeartBlessingBlue","hexamod:TheBrokenSeal","Velvet Choker","HornCleat","Nunchaku","downfall:HeartBlessingGreen","Mercury Hourglass"],"acts_visited":["Exordium","TheCity","TheBeyond","TheEnding"],"potions_floor_usage":[55,55],"damage_taken":[{"damage":3.0,"enemies":"2 Louse","floor":3.0,"turns":5.0},{"damage":5.0,"enemies":"downfall:FleeingMerchant","floor":4.0,"turns":4.0},{"damage":1.0,"enemies":"Cultist","floor":5.0,"turns":3.0},{"damage":0.0,"enemies":"Small Slimes","floor":8.0,"turns":3.0},{"damage":1.0,"enemies":"downfall:FleeingMerchant","floor":11.0,"turns":4.0},{"damage":2.0,"enemies":"Blue Slaver","floor":12.0,"turns":4.0},{"damage":13.0,"enemies":"Lagavulin","floor":13.0,"turns":6.0},{"damage":6.0,"enemies":"3 Louse","floor":15.0,"turns":3.0},{"damage":27.0,"enemies":"SI_SHIV_ARCHETYPE","floor":16.0,"turns":11.0},{"damage":0.0,"enemies":"Chosen","floor":19.0,"turns":1.0},{"damage":14.0,"enemies":"3 Byrds","floor":20.0,"turns":6.0},{"damage":14.0,"enemies":"downfall:FleeingMerchant","floor":22.0,"turns":4.0},{"damage":14.0,"enemies":"Sentry and Sphere","floor":23.0,"turns":8.0},{"damage":14.0,"enemies":"downfall:FleeingMerchant","floor":25.0,"turns":4.0},{"damage":13.0,"enemies":"Cultist and Chosen","floor":26.0,"turns":6.0},{"damage":12.0,"enemies":"Centurion and Healer","floor":27.0,"turns":6.0},{"damage":14.0,"enemies":"downfall:FleeingMerchant","floor":29.0,"turns":4.0},{"damage":21.0,"enemies":"Shelled Parasite and Fungi","floor":31.0,"turns":6.0},{"damage":24.0,"enemies":"Sentry and Sphere","floor":32.0,"turns":6.0},{"damage":91.0,"enemies":"WA_ARCHETYPE_CALM","floor":33.0,"turns":11.0},{"damage":0.0,"enemies":"Orb Walker","floor":36.0,"turns":3.0},{"damage":13.0,"enemies":"3 Darklings","floor":37.0,"turns":3.0},{"damage":5.0,"enemies":"Maw","floor":38.0,"turns":6.0},{"damage":25.0,"enemies":"Nemesis","floor":40.0,"turns":9.0},{"damage":11.0,"enemies":"Writhing Mass","floor":42.0,"turns":5.0},{"damage":10.0,"enemies":"Jaw Worm Horde","floor":43.0,"turns":4.0},{"damage":3.0,"enemies":"3 Darklings","floor":44.0,"turns":4.0},{"damage":0.0,"enemies":"downfall:FleeingMerchant","floor":45.0,"turns":1.0},{"damage":8.0,"enemies":"Sphere and 2 Shapes","floor":46.0,"turns":4.0},{"damage":0.0,"enemies":"Jaw Worm Horde","floor":49.0,"turns":3.0},{"damage":75.0,"enemies":"DF_ARCHETYPE_ORBS","floor":50.0,"turns":9.0},{"damage":81,"enemies":"downfall:CharBossMerchant","floor":52,"turns":7},{"damage":12,"enemies":"downfall:NeowBoss","floor":55,"turns":17},{"damage":249,"enemies":"downfall:NeowBossFinal","floor":56,"turns":14}],"seed_played":"-2666338731280537298","potions_obtained":[{"floor":5.0,"key":"Explosive Potion"},{"floor":8.0,"key":"CultistPotion"},{"floor":11.0,"key":"FairyPotion"},{"floor":12.0,"key":"Ancient Potion"},{"floor":16.0,"key":"CultistPotion"},{"floor":21.0,"key":"Guardian:BlockOnCardUsePotion"},{"floor":25.0,"key":"SkillPotion"},{"floor":27.0,"key":"Regen Potion"},{"floor":31.0,"key":"LiquidBronze"},{"floor":37.0,"key":"Explosive Potion"},{"floor":40.0,"key":"FairyPotion"},{"floor":46.0,"key":"Regen Potion"}],"is_trial":false,"path_per_floor":["R","?","M","$","M","R","T","M","?","?","$","M","E","?","M","B",null,"R","M","M","?","$","M","T","$","M","M","R","$","R","M","M","B",null,"R","M","M","M","?","E","T","M","M","M","$","M","R","$","M","B",null,"E","$","R","B","B",null],"character_chosen":"THE_SPIRIT","items_purchased":["hexamod:Incineration","expansioncontent:QuickStudy","expansioncontent:QuickStudy","Regen Potion","hexamod:HeatShield","expansioncontent:DashGenerateEvil","FairyPotion"],"campfire_rested":4,"item_purchase_floors":[4,22,45,45,48,48,53],"current_hp_per_floor":[70,70,67,62,61,61,61,61,61,61,60,58,45,45,39,12,70,80,80,66,66,52,38,38,24,11,48,72,58,80,59,35,28,90,90,90,77,72,72,47,47,36,26,23,23,15,42,42,42,19,87,6,6,32,87,8],"gold":61,"neow_bonus":"BOSS_RELIC","is_daily":false,"chose_seed":false,"campfire_upgraded":3,"win_rate":0.0,"timestamp":1611179384,"path_taken":["R","?","M","?","?","R","T","M","?","?","?","M","E","?","M","BOSS","R","M","M","?","$","M","T","?","M","M","R","$","R","M","M","BOSS","R","M","M","?","?","E","T","M","M","M","$","?","R","$","M","BOSS","E","$","R","BOSS","BOSS"],"items_purchased_type":["Card","Card","Card","Potion","Card","Card","Potion"],"build_version":"2020-12-22","purchased_purges":3,"victory":true,"max_hp_per_floor":[70,70,70,70,70,70,70,70,70,70,70,70,70,70,70,70,70,80,80,80,80,80,80,80,80,80,80,80,80,80,80,80,90,90,90,90,90,90,90,90,90,90,90,90,90,90,90,87,87,87,87,87,87,87,87,87],"card_choices":[{"not_picked":["hexamod:ShieldOfDarkness","hexamod:CatchUp"],"picked":"hexamod:NightmareGuise","floor":3.0},{"not_picked":["hexamod:Again","hexamod:Rewind"],"picked":"hexamod:ThirdSeal","floor":4.0},{"not_picked":["hexamod:GhostLash","hexamod:SwordOfDarkness"],"picked":"hexamod:SpectersWail","floor":5.0},{"not_picked":["hexamod:SpectersWail","hexamod:NightmareStrike"],"picked":"hexamod:FourthSeal","floor":5.0},{"not_picked":["hexamod:FastForward","hexamod:GhostLash"],"picked":"hexamod:HeatShield","floor":8.0},{"not_picked":["hexamod:HauntingEcho","hexamod:FastForward","hexamod:TurnItUp"],"picked":"SKIP","floor":8.0},{"not_picked":["hexamod:SpectersWail","hexamod:GhostOfSpireFuture"],"picked":"hexamod:RetreatToShadows","floor":11.0},{"not_picked":["hexamod:Firestarter","hexamod:HauntingEcho"],"picked":"hexamod:FlamesFromBeyond","floor":12.0},{"not_picked":["hexamod:PhantomCloak","hexamod:AdvancingGuard"],"picked":"hexamod:RecurringNightmare","floor":12.0},{"not_picked":["hexamod:HeatMetal","hexamod:EmpoweredFlame"],"picked":"hexamod:Hexaguard","floor":13.0},{"not_picked":["hexamod:ThermalTransfer","hexamod:SuperheatedStrike"],"picked":"hexamod:ExtraCrispy","floor":13.0},{"not_picked":["hexamod:NightmareGuise","hexamod:Hexaguard"],"picked":"hexamod:SixthSeal","floor":15.0},{"not_picked":["hexamod:InspiringFlames","hexamod:Haunt"],"picked":"hexamod:RainOfEmbers","floor":15.0},{"not_picked":["hexamod:TurnItUp","hexamod:FlameSwitch"],"picked":"hexamod:WildfireWeapon","floor":16.0},{"not_picked":["hexamod:TimeWarp","hexamod:GhostOfSpirePresent"],"picked":"hexamod:VolcanoVisage","floor":16.0},{"not_picked":["hexamod:ThermalTransfer","hexamod:HauntingEcho"],"picked":"hexamod:PhantomFireball","floor":19.0},{"not_picked":["hexamod:BurningTouch","hexamod:Firestarter+1"],"picked":"hexamod:AdvancingGuard+1","floor":20.0},{"not_picked":["hexamod:Firestarter","hexamod:NightmareStrike"],"picked":"hexamod:StepThrough+1","floor":20.0},{"not_picked":["hexamod:GhostOfSpirePresent","hexamod:NightmareStrike"],"picked":"hexamod:SecondSeal","floor":22.0},{"not_picked":["hexamod:HauntingEcho+1","hexamod:NightmareGuise","hexamod:ShieldOfDarkness"],"picked":"SKIP","floor":22.0},{"not_picked":["hexamod:FastForward","hexamod:SpectralAdrenaline+1","hexamod:Firestarter"],"picked":"SKIP","floor":23.0},{"not_picked":["hexamod:SuperheatedStrike","hexamod:SpectersWail+1"],"picked":"hexamod:FifthSeal","floor":25.0},{"not_picked":["hexamod:Again+1","hexamod:SpectralAdrenaline"],"picked":"hexamod:Hexaguard+1","floor":26.0},{"not_picked":["hexamod:ShieldOfDarkness","hexamod:ThirdSeal"],"picked":"hexamod:RainOfEmbers","floor":26.0},{"not_picked":["hexamod:FastForward","hexamod:SpectersWail"],"picked":"hexamod:RecurringNightmare+1","floor":27.0},{"not_picked":["hexamod:FourthSeal","hexamod:SixthSeal","hexamod:SecondSeal"],"picked":"SKIP","floor":27.0},{"not_picked":["hexamod:SpectersWail","hexamod:GhostLash+1"],"picked":"hexamod:FlamesFromBeyond","floor":29.0},{"not_picked":["hexamod:SixthSeal","hexamod:SecondSeal","hexamod:FourthSeal"],"picked":"SKIP","floor":29.0},{"not_picked":["hexamod:SpectersWail","hexamod:RecurringNightmare"],"picked":"hexamod:FlamesFromBeyond","floor":31.0},{"not_picked":["hexamod:FourthSeal","hexamod:SixthSeal","hexamod:SecondSeal"],"picked":"SKIP","floor":31.0},{"not_picked":["hexamod:FourthSeal","hexamod:SixthSeal"],"picked":"hexamod:FirstSeal","floor":32.0},{"not_picked":["hexamod:Firestarter+1","hexamod:CatchUp"],"picked":"hexamod:NecessarySacrifice","floor":32.0},{"not_picked":["hexamod:ShieldOfDarkness","hexamod:ThirdSeal","hexamod:NecessarySacrifice"],"picked":"SKIP","floor":32.0},{"not_picked":["hexamod:GhostflameInferno","hexamod:TimeOfNeed"],"picked":"hexamod:SearingWound","floor":33.0},{"not_picked":["hexamod:FastForward","hexamod:InspiringFlames+1"],"picked":"hexamod:NightmareGuise","floor":36.0},{"not_picked":["hexamod:Firestarter+1","hexamod:FirstSeal"],"picked":"hexamod:SpectersWail+1","floor":37.0},{"not_picked":["hexamod:DynamicBlow","hexamod:RainOfEmbers+1"],"picked":"hexamod:PowerFromBeyond","floor":38.0},{"not_picked":["hexamod:SpectersWail","hexamod:ShieldOfDarkness"],"picked":"hexamod:SoulSteal","floor":40.0},{"not_picked":["hexamod:ThermalTransfer+1","hexamod:FlamesFromBeyond"],"picked":"hexamod:GhostflameBarrier+1","floor":42.0},{"not_picked":["hexamod:InspiringFlames","hexamod:FastForward+1","hexamod:GhostOfSpirePast"],"picked":"SKIP","floor":43.0},{"not_picked":["hexamod:EmpoweredFlame","hexamod:Firestarter","hexamod:SixthSeal"],"picked":"SKIP","floor":44.0},{"not_picked":["hexamod:GhostLash","hexamod:BacktrackSmack"],"picked":"hexamod:HeatCrush+1","floor":45.0},{"not_picked":["hexamod:SpectersWail","hexamod:InspiringFlames"],"picked":"hexamod:PhantomCloak+1","floor":46.0},{"not_picked":["hexamod:GhostShield+1","hexamod:ThirdSeal"],"picked":"hexamod:FourthSeal","floor":49.0},{"not_picked":["hexamod:BacktrackSmack","hexamod:SuperheatedStrike+1"],"picked":"hexamod:RainOfEmbers+1","floor":52}],"player_experience":141566,"relics_obtained":[{"floor":13.0,"key":"Orichalcum"},{"floor":24.0,"key":"Bottled Lightning"},{"floor":40.0,"key":"HornCleat"},{"floor":41.0,"key":"Nunchaku"},{"floor":52,"key":"Mercury Hourglass"}],"event_choices":[{"damage_healed":0.0,"max_hp_gain":0.0,"max_hp_loss":0.0,"gold_gain":0.0,"event_name":"Living Wall","player_choice":"Grow","floor":10.0,"gold_loss":0.0,"damage_taken":0.0,"cards_upgraded":["hexamod:Incineration"]},{"damage_healed":0.0,"max_hp_gain":0.0,"max_hp_loss":0.0,"gold_gain":0.0,"event_name":"Lab","player_choice":"Got Potions","floor":21.0,"gold_loss":0.0,"damage_taken":0.0}],"is_beta":false,"boss_relics":[{"not_picked":["bronze:MakeshiftBattery","Black Star"],"picked":"SacredBark"},{"not_picked":["Runic Pyramid","SlaversCollar"],"picked":"Velvet Choker"}],"items_purged_floors":[22,45,48],"is_endless":false,"potions_floor_spawned":[5,12,13,16,20,27,31,32,37,40,46,49],"ascension_level":0}}