{"host":"hfxp6ue4pvwo3fit","time":1611137473,"event":{"mods":["AchievementEnabler","BaseMod","Colored Map","Colored Powertips","Highlight Path","Minty Spire (QoL Compilation)","Relic Stats","StSLib","SuperFastMode"],"gold_per_floor":[112,125,90,108,118,152,152,179,248,262,262,262,262,274,274,348,348,360,378,214,214,230,230,256,181,181,181,181,24,24,39,39,115,115,126,151,161,51,61,61,61,94,118,144,198,198,198,198,198,198,198],"floor_reached":52,"language":"ENG","playtime":4076,"items_purged":["Strike_G","Strike_G"],"score":1972,"play_id":"ce643fd9-38f4-484d-a620-67bd0e8ad2f6","local_time":"20210120041113","is_ascension_mode":true,"campfire_choices":[{"data":"Skewer","floor":7,"key":"SMITH"},{"floor":11,"key":"REST"},{"floor":13,"key":"REST"},{"data":"Leg Sweep","floor":15,"key":"SMITH"},{"data":"Dash","floor":23,"key":"SMITH"},{"floor":27,"key":"REST"},{"data":"Footwork","floor":30,"key":"SMITH"},{"data":"Wraith Form v2","floor":32,"key":"SMITH"},{"floor":40,"key":"REST"},{"floor":41,"key":"REST"},{"floor":49,"key":"REST"}],"circlet_count":0,"master_deck":["AscendersBane","Defend_G","Defend_G","Survivor","Neutralize","Poisoned Stab","Leg Sweep+1","Dash+1","Skewer+1","Backstab","Acrobatics","Quick Slash+1","Wraith Form v2+1","Footwork+1","Backflip","Tools of the Trade","Backstab+1","Reflex+1","All Out Attack+1","Dodge and Roll+1","Blur+1","Predator","Adrenaline","Decay"],"relics":["Velvet Choker","Turnip","WingedGreaves","White Beast Statue","Juzu Bracelet","Philosopher\u0027s Stone","Nilry\u0027s Codex","Calipers","Tiny Chest","Astrolabe","Ice Cream","Shuriken","Akabeko","Question Card","Art of War"],"acts_visited":["Exordium","TheCity","TheBeyond"],"potions_floor_usage":[6,14,16,18,19,22,24,24,35,36,39,42,44,50,51],"damage_taken":[{"damage":5,"enemies":"Jaw Worm","floor":1,"turns":6},{"damage":3,"enemies":"2 Louse","floor":2,"turns":2},{"damage":0,"enemies":"Small Slimes","floor":4,"turns":4},{"damage":1,"enemies":"Looter","floor":5,"turns":4},{"damage":22,"enemies":"3 Sentries","floor":6,"turns":9},{"damage":21,"enemies":"Gremlin Nob","floor":8,"turns":5},{"damage":4,"enemies":"2 Fungi Beasts","floor":10,"turns":2},{"damage":0,"enemies":"Exordium Thugs","floor":14,"turns":3},{"damage":25,"enemies":"Slime Boss","floor":16,"turns":14},{"damage":8,"enemies":"Shell Parasite","floor":18,"turns":5},{"damage":0,"enemies":"Chosen","floor":19,"turns":4},{"damage":0,"enemies":"Centurion and Healer","floor":22,"turns":5},{"damage":16,"enemies":"Gremlin Leader","floor":24,"turns":12},{"damage":2,"enemies":"3 Cultists","floor":31,"turns":6},{"damage":0,"enemies":"Champ","floor":33,"turns":25},{"damage":38,"enemies":"3 Darklings","floor":35,"turns":12},{"damage":2,"enemies":"Mind Bloom Boss Battle","floor":36,"turns":9},{"damage":0,"enemies":"Orb Walker","floor":37,"turns":5},{"damage":1,"enemies":"Jaw Worm Horde","floor":39,"turns":4},{"damage":0,"enemies":"Nemesis","floor":42,"turns":17},{"damage":35,"enemies":"Reptomancer","floor":44,"turns":10},{"damage":12,"enemies":"Time Eater","floor":50,"turns":25},{"damage":18,"enemies":"Awakened One","floor":51,"turns":63}],"seed_played":"300219175213083340","potions_obtained":[{"floor":2,"key":"GamblersBrew"},{"floor":8,"key":"GhostInAJar"},{"floor":10,"key":"Explosive Potion"},{"floor":14,"key":"Energy Potion"},{"floor":16,"key":"EssenceOfSteel"},{"floor":18,"key":"GhostInAJar"},{"floor":19,"key":"Regen Potion"},{"floor":22,"key":"Dexterity Potion"},{"floor":24,"key":"LiquidMemories"},{"floor":31,"key":"GamblersBrew"},{"floor":33,"key":"DuplicationPotion"},{"floor":35,"key":"Strength Potion"},{"floor":36,"key":"Swift Potion"},{"floor":37,"key":"EssenceOfSteel"},{"floor":39,"key":"Weak Potion"},{"floor":42,"key":"PowerPotion"},{"floor":44,"key":"Strength Potion"}],"is_trial":false,"path_per_floor":["M","M","?","M","M","E","R","E","T","M","R","?","R","M","R","B",null,"M","M","$","?","M","R","E","?","T","R","?","$","R","M","R","B",null,"M","?","M","?","M","R","R","E","T","E","T","?","?","?","R","B","B",null],"character_chosen":"THE_SILENT","items_purchased":["Footwork","Backflip"],"campfire_rested":6,"item_purchase_floors":[20,29],"current_hp_per_floor":[54,51,66,66,65,43,43,22,22,18,37,19,38,38,38,13,53,45,45,45,24,39,39,23,23,23,42,42,42,42,40,40,40,60,22,20,20,20,19,38,57,57,57,22,22,22,22,22,41,29,11],"gold":198,"neow_bonus":"BOSS_RELIC","is_daily":false,"chose_seed":false,"campfire_upgraded":5,"win_rate":0.0,"timestamp":1611137473,"path_taken":["M","M","?","M","M","E","R","E","T","M","R","?","R","M","R","BOSS","M","M","$","?","M","R","E","?","T","R","?","$","R","M","R","BOSS","M","?","M","?","M","R","R","E","T","E","?","?","?","?","R","BOSS","BOSS"],"items_purchased_type":["Card","Card"],"build_version":"2020-12-22","purchased_purges":2,"victory":true,"max_hp_per_floor":[66,66,66,66,66,66,66,66,66,66,66,66,66,66,66,66,66,66,66,66,66,66,66,66,66,66,66,66,66,66,66,66,66,66,66,66,66,66,66,66,66,66,66,66,66,66,66,66,66,66,66],"relic_stats":{"counters":[23,251],"Shuriken":[12],"Astrolabe":["Backstab","Reflex","All Out Attack"],"Tiny Chest":1,"Turnip":[40],"Juzu Bracelet":2,"Art of War":[48],"Question Card":0,"obtain_stats":[{"Ice Cream":36,"Calipers":24,"Nilry\u0027s Codex":21,"Astrolabe":34,"Velvet Choker":0,"Juzu Bracelet":12,"Question Card":44,"White Beast Statue":9,"Akabeko":43,"Shuriken":42,"Philosopher\u0027s Stone":17,"Tiny Chest":26,"Turnip":6,"WingedGreaves":8,"Art of War":45,"Ring of the Snake":0},{"Ice Cream":17,"Calipers":13,"Nilry\u0027s Codex":11,"Astrolabe":15,"Velvet Choker":0,"Juzu Bracelet":7,"Question Card":21,"White Beast Statue":6,"Akabeko":20,"Shuriken":20,"Philosopher\u0027s Stone":9,"Tiny Chest":13,"Turnip":5,"WingedGreaves":6,"Art of War":21,"Ring of the Snake":0},{"Ice Cream":127,"Calipers":75,"Nilry\u0027s Codex":58,"Astrolabe":106,"Velvet Choker":0,"Juzu Bracelet":32,"Question Card":163,"White Beast Statue":30,"Akabeko":153,"Shuriken":153,"Philosopher\u0027s Stone":49,"Tiny Chest":75,"Turnip":25,"WingedGreaves":30,"Art of War":163,"Ring of the Snake":0}]},"card_choices":[{"not_picked":["Acrobatics","Deflect"],"picked":"Poisoned Stab","floor":1},{"not_picked":["Dodge and Roll","Infinite Blades"],"picked":"Leg Sweep","floor":2},{"not_picked":["Slice","Choke"],"picked":"Dash","floor":4},{"not_picked":["Tactician","Distraction"],"picked":"Skewer","floor":5},{"not_picked":["Dodge and Roll","Underhanded Strike"],"picked":"Backstab","floor":6},{"not_picked":["Infinite Blades","Bane","Blur"],"picked":"SKIP","floor":8},{"not_picked":["Expertise","Bane","Dodge and Roll"],"picked":"SKIP","floor":10},{"not_picked":["Outmaneuver","Burst"],"picked":"Acrobatics","floor":14},{"not_picked":["Endless Agony","Blade Dance"],"picked":"Quick Slash","floor":18},{"not_picked":["Bane","Flying Knee"],"picked":"Wraith Form v2","floor":19},{"not_picked":["Dodge and Roll","Setup","Choke"],"picked":"SKIP","floor":22},{"not_picked":["Choke","Blade Dance","Concentrate"],"picked":"SKIP","floor":24},{"not_picked":["Heel Hook+1","Bane"],"picked":"Dagger Throw","floor":31},{"not_picked":["Envenom","Venomology"],"picked":"Tools of the Trade","floor":33},{"not_picked":["Terror","Bane+1","Eviscerate"],"picked":"SKIP","floor":35},{"not_picked":["Flying Knee","Cloak And Dagger"],"picked":"Dodge and Roll+1","floor":36},{"not_picked":["Cloak And Dagger","Acrobatics","Sucker Punch"],"picked":"SKIP","floor":37},{"not_picked":["Acrobatics","Cloak And Dagger"],"picked":"Blur+1","floor":39},{"not_picked":["Blade Dance","Backstab"],"picked":"Predator","floor":42},{"not_picked":["Deflect+1","Dagger Spray"],"picked":"Adrenaline","floor":44}],"player_experience":503263,"relics_obtained":[{"floor":6,"key":"Turnip"},{"floor":8,"key":"WingedGreaves"},{"floor":9,"key":"White Beast Statue"},{"floor":21,"key":"Nilry\u0027s Codex"},{"floor":24,"key":"Calipers"},{"floor":26,"key":"Tiny Chest"},{"floor":36,"key":"Ice Cream"},{"floor":42,"key":"Shuriken"},{"floor":43,"key":"Akabeko"},{"floor":44,"key":"Question Card"},{"floor":45,"key":"Art of War"}],"event_choices":[{"damage_healed":16,"gold_gain":0,"player_choice":"Healed","damage_taken":0,"max_hp_gain":0,"max_hp_loss":0,"event_name":"The Cleric","floor":3,"gold_loss":35},{"damage_healed":0,"gold_gain":0,"player_choice":"Success","damage_taken":18,"relics_obtained":["Juzu Bracelet"],"max_hp_gain":0,"max_hp_loss":0,"event_name":"Scrap Ooze","floor":12,"gold_loss":0},{"damage_healed":0,"gold_gain":0,"player_choice":"Obtained Book","damage_taken":21,"max_hp_gain":0,"max_hp_loss":0,"event_name":"Cursed Tome","floor":21,"gold_loss":0},{"cards_removed":["Strike_G"],"damage_healed":0,"gold_gain":0,"player_choice":"Gave Gold","damage_taken":0,"max_hp_gain":0,"max_hp_loss":0,"event_name":"Beggar","floor":25,"gold_loss":75},{"cards_removed":["Strike_G"],"damage_healed":0,"gold_gain":0,"player_choice":"Card Removal","damage_taken":0,"max_hp_gain":0,"max_hp_loss":0,"event_name":"Wheel of Change","floor":28,"gold_loss":0},{"damage_healed":0,"gold_gain":0,"player_choice":"Fight","damage_taken":0,"max_hp_gain":0,"max_hp_loss":0,"event_name":"MindBloom","floor":36,"gold_loss":0},{"cards_removed":["Defend_G"],"damage_healed":0,"gold_gain":0,"player_choice":"Upgrade and Remove","damage_taken":0,"max_hp_gain":0,"max_hp_loss":0,"event_name":"Designer","floor":38,"gold_loss":110,"cards_upgraded":["Quick Slash"]},{"damage_healed":0,"gold_gain":0,"player_choice":"Ignored","damage_taken":0,"max_hp_gain":0,"max_hp_loss":0,"event_name":"Mysterious Sphere","floor":46,"gold_loss":0},{"cards_removed":["Defend_G"],"damage_healed":0,"gold_gain":0,"player_choice":"Purged","damage_taken":0,"max_hp_gain":0,"max_hp_loss":0,"event_name":"Purifier","floor":47,"gold_loss":0},{"damage_healed":0,"gold_gain":0,"player_choice":"Cursed","damage_taken":0,"max_hp_gain":0,"max_hp_loss":0,"event_name":"Wheel of Change","floor":48,"gold_loss":0,"cards_obtained":["Decay"]}],"is_beta":false,"boss_relics":[{"not_picked":["Cursed Key","Busted Crown"],"picked":"Philosopher\u0027s Stone"},{"not_picked":["Sozu","WristBlade"],"picked":"Astrolabe"}],"items_purged_floors":[20,29],"is_endless":false,"potions_floor_spawned":[2,8,10,14,16,18,19,22,24,31,33,35,36,37,39,42,44],"ascension_level":20}}