{"host":"3ui03y3mxa3ndqsx","time":1611150161,"event":{"mods":["Act Like it!","BaseMod","Downfall","Minty Spire (QoL Compilation)","Quick Restart","StSLib","¡¾ÒÅÎï¿¨ÅÆ¡¿REMEMod"],"gold_per_floor":[99,115,129,129,145,145,172,187,216,16,31,46,60,45,59,59,59,59],"floor_reached":16,"language":"ZHS","playtime":1120,"items_purged":[],"score":129,"play_id":"a5cbfb1d-c936-4bdd-aeb3-b46bbb3c7267","local_time":"20210120214241","is_ascension_mode":false,"campfire_choices":[{"data":"champ:Execute","floor":1.0,"key":"SMITH"},{"data":"champ:IronFortress","floor":6,"key":"SMITH"},{"floor":10,"key":"REST"}],"circlet_count":0,"master_deck":["champ:Strike","champ:Strike","champ:Strike","champ:Strike","champ:Defend","champ:Defend","champ:Defend","champ:Defend","champ:Execute+1","champ:Taunt","bronze:DelayedGuard","champ:IronFortress+1","champ:CrookedStrike","champ:HeartStrike","champ:StanceDance","champ:ShieldSlam","champ:PreciseThrust"],"relics":["champ:ChampionCrown","REME_ComplimentaryCards","Smiling Mask","downfall:HeartBlessingGreen","downfall:HeartBlessingBlue"],"acts_visited":["Exordium"],"potions_floor_usage":[11,12],"damage_taken":[{"damage":10,"enemies":"2 Louse","floor":2,"turns":2},{"damage":9,"enemies":"Jaw Worm","floor":3,"turns":4},{"damage":11,"enemies":"Cultist","floor":5,"turns":3},{"damage":26,"enemies":"Lots of Slimes","floor":8,"turns":4},{"damage":63,"enemies":"Gremlin Nob","floor":9,"turns":6},{"damage":10,"enemies":"2 Fungi Beasts","floor":11,"turns":4},{"damage":24,"enemies":"downfall:FleeingMerchant","floor":12,"turns":4},{"damage":19,"enemies":"Red Slaver","floor":13,"turns":4},{"damage":10,"enemies":"downfall:FleeingMerchant","floor":14,"turns":4},{"damage":23,"enemies":"Exordium Thugs","floor":15,"turns":5},{"damage":79,"enemies":"IC_STATUS_ARCHETYPE","floor":16,"turns":10}],"seed_played":"8908211846708868165","potions_obtained":[{"floor":5,"key":"BlessingOfTheForge"},{"floor":8,"key":"Energy Potion"},{"floor":9,"key":"REME_GoldPotion"}],"is_trial":false,"path_per_floor":["R","M","M","?","M","R","T","M","E","R","M","$","M","$","M","B"],"character_chosen":"THE_CHAMP","items_purchased":[],"campfire_rested":1,"item_purchase_floors":[],"current_hp_per_floor":[99,99,90,90,89,89,89,83,40,82,82,78,69,69,56,0,0,0],"gold":59,"neow_bonus":"TEN_PERCENT_HP_BONUS","is_daily":false,"chose_seed":false,"campfire_upgraded":2,"win_rate":0.0,"timestamp":1611150161,"path_taken":["R","M","M","?","M","R","T","M","E","R","M","$","M","$","M","BOSS"],"items_purchased_type":[],"build_version":"2020-12-22","purchased_purges":0,"victory":false,"max_hp_per_floor":[99,99,99,99,99,99,99,99,99,109,109,109,109,109,109,109,109,109],"card_choices":[{"not_picked":["champ:FanOfKnives","champ:PreciseThrust","champ:RisingSlash"],"picked":"SKIP","floor":2},{"not_picked":["champ:PreemptiveStrike","champ:Circumvent","champ:SetATrap"],"picked":"SKIP","floor":3},{"not_picked":["champ:RecklessLeap","champ:FocusedBerserking"],"picked":"champ:IronFortress","floor":5},{"not_picked":["champ:Endure","champ:SwordThrow"],"picked":"champ:CrookedStrike","floor":8},{"not_picked":["champ:Backstep","champ:RecklessLeap"],"picked":"champ:HeartStrike","floor":9},{"not_picked":["champ:BerserkersShout","champ:FlashCut"],"picked":"champ:StanceDance","floor":11},{"not_picked":["champ:GutPunch","champ:BladeFlurry","champ:BerserkersShout"],"picked":"SKIP","floor":12},{"not_picked":["champ:CrownThrow","champ:TornadoPunch"],"picked":"champ:ShieldSlam","floor":13},{"not_picked":["champ:GutPunch","champ:BladeFlurry"],"picked":"champ:PreciseThrust","floor":14},{"not_picked":["champ:Encircle","champ:Backstep","champ:SetATrap"],"picked":"SKIP","floor":15}],"player_experience":216650,"relics_obtained":[{"floor":9,"key":"Smiling Mask"}],"event_choices":[],"is_beta":false,"boss_relics":[],"items_purged_floors":[],"is_endless":false,"potions_floor_spawned":[5,8,9],"killed_by":"IC_STATUS_ARCHETYPE","ascension_level":0}}