{"host":"37ccm3d17clopct7","time":1611126329,"event":{"mods":["BaseMod","Lobotomy","Minty Spire (QoL Compilation)","StSLib","The Bug Knight","The Cursed","The Hierophant","The Runesmith"],"gold_per_floor":[114,124,124,74,74,74,107,126,126,126,139,18,34,46,46,46,46],"floor_reached":16,"language":"KOR","playtime":664,"items_purged":["TheCursedMod:Strike_TheCursed"],"score":102,"play_id":"646688e3-c4b0-4f3c-86cc-28550c90bf5e","local_time":"20210120160529","is_ascension_mode":false,"campfire_choices":[{"data":"TheCursedMod:CursedWand","floor":6,"key":"SMITH"},{"floor":15,"key":"REST"}],"circlet_count":0,"master_deck":["TheCursedMod:Strike_TheCursed","TheCursedMod:Strike_TheCursed","TheCursedMod:Strike_TheCursed","TheCursedMod:Defend_TheCursed","TheCursedMod:Defend_TheCursed","TheCursedMod:Defend_TheCursed","TheCursedMod:CursedWand+1","TheCursedMod:CleanUpWorkshop","TheCursedMod:Dregs","OSAHOGD","TheCursedMod:CursedBlade","OldLady","TheCursedMod:SpitefulStrike","Bloodbath","TheCursedMod:DoubleShield","Wellcheers","TheCursedMod:CircleOfFlame","TheCursedMod:SurpriseAttack","TheCursedMod:SmokeScreen","TheCursedMod:TacticalStrike","ShyLook","TheCursedMod:SurpriseAttack"],"relics":["TheCursedMod:BlackMagic101","CogitoBucket","White Beast Statue","Mummified Hand","Sundial"],"acts_visited":["Exordium"],"potions_floor_usage":[16],"damage_taken":[{"damage":0,"enemies":"Jaw Worm","floor":1,"turns":5},{"damage":5,"enemies":"Small Slimes","floor":2,"turns":4},{"damage":28,"enemies":"Gremlin Nob","floor":7,"turns":4},{"damage":0,"enemies":"2 Louse","floor":8,"turns":1},{"damage":9,"enemies":"Red Slaver","floor":11,"turns":3},{"damage":25,"enemies":"Exordium Wildlife","floor":13,"turns":4},{"damage":1,"enemies":"2 Fungi Beasts","floor":14,"turns":3},{"damage":46,"enemies":"Slime Boss","floor":16,"turns":10}],"seed_played":"-8033950185689631503","potions_obtained":[{"floor":2,"key":"Strength Potion"},{"floor":8,"key":"BlessingOfTheForge"},{"floor":11,"key":"LiquidBronze"},{"floor":13,"key":"Energy Potion"},{"floor":14,"key":"EntropicBrew"}],"is_trial":false,"path_per_floor":["M","M","?","?","?","R","E","M","T","T","M","$","M","M","R","B"],"character_chosen":"THE_CURSED","items_purchased":["TheCursedMod:SmokeScreen"],"campfire_rested":1,"item_purchase_floors":[12],"current_hp_per_floor":[75,70,70,70,70,70,42,42,42,42,37,37,19,19,41,0,0],"gold":46,"neow_bonus":"","is_daily":false,"chose_seed":false,"campfire_upgraded":1,"win_rate":0.0,"timestamp":1611126329,"path_taken":["M","M","?","?","?","R","E","?","T","?","M","$","M","?","R","BOSS"],"items_purchased_type":["Card"],"build_version":"2020-12-22","purchased_purges":1,"victory":false,"max_hp_per_floor":[75,75,75,75,75,75,75,75,75,75,75,75,75,75,75,75,75],"card_choices":[{"not_picked":["RedShoes","Scorched"],"picked":"OSAHOGD","floor":1},{"not_picked":["TheCursedMod:PrepareRite","TheCursedMod:TacticalStrike"],"picked":"TheCursedMod:CursedBlade","floor":1},{"not_picked":["PunishingBird","Wellcheers"],"picked":"OldLady","floor":2},{"not_picked":["TheCursedMod:CursedBlade","TheCursedMod:CircleOfAmplification"],"picked":"TheCursedMod:SpitefulStrike","floor":2},{"not_picked":["SnowQueen","MeatLantern"],"picked":"Bloodbath","floor":7},{"not_picked":["TheCursedMod:CircleOfFocus","TheCursedMod:BlessingInDisguise"],"picked":"TheCursedMod:DoubleShield","floor":7},{"not_picked":["Scorched","WallGazer"],"picked":"Wellcheers","floor":8},{"not_picked":["TheCursedMod:CursedMace","TheCursedMod:TacticalStrike"],"picked":"TheCursedMod:CircleOfFlame","floor":8},{"not_picked":["WallGazer","Alriune","MeatLantern"],"picked":"Singing Bowl","floor":11},{"not_picked":["TheCursedMod:Obscuration","TheCursedMod:CursedBoomerang"],"picked":"TheCursedMod:SurpriseAttack","floor":11},{"not_picked":["TheCursedMod:Obscuration","TheCursedMod:SpitefulStrike"],"picked":"TheCursedMod:TacticalStrike","floor":13},{"not_picked":["MHz","Scarecrow"],"picked":"ShyLook","floor":14},{"not_picked":["TheCursedMod:ReleasedKnowledge","TheCursedMod:CircleOfAmplification"],"picked":"TheCursedMod:SurpriseAttack","floor":14}],"player_experience":79126,"relics_obtained":[{"floor":7,"key":"White Beast Statue"},{"floor":9,"key":"Mummified Hand"},{"floor":10,"key":"Sundial"}],"event_choices":[{"damage_healed":0,"gold_gain":0,"player_choice":"Ignored","damage_taken":0,"max_hp_gain":0,"max_hp_loss":0,"event_name":"Liars Game","floor":3,"gold_loss":0},{"cards_removed":["TheCursedMod:Defend_TheCursed"],"damage_healed":0,"gold_gain":0,"player_choice":"Card Removal","damage_taken":0,"max_hp_gain":0,"max_hp_loss":0,"event_name":"The Cleric","floor":4,"gold_loss":50},{"damage_healed":0,"gold_gain":0,"player_choice":"Ignored","damage_taken":0,"max_hp_gain":0,"max_hp_loss":0,"event_name":"NoteForYourself","floor":5,"gold_loss":0}],"is_beta":false,"boss_relics":[],"items_purged_floors":[12],"is_endless":false,"potions_floor_spawned":[2,8,11,13,14],"killed_by":"Slime Boss","ascension_level":0}}