{"host":"g5ztulhog0otympt","time":1611161174,"event":{"mods":["AchievementEnabler","BaseMod","Downfall","Hermit","Minty Spire (QoL Compilation)","StSLib","The Cursed"],"gold_per_floor":[119,130,142,142,203,237,237,255,255,255,179,214,224,224,224,320,320,332,345,357,357,357,357,373,391,391,391,420,435,460,2,2,2,2],"floor_reached":33,"language":"ENG","playtime":729,"items_purged":[],"score":291,"play_id":"5e160962-e8f9-4fe1-add8-e11d86ff9323","local_time":"20210120184614","is_ascension_mode":true,"campfire_choices":[{"data":"Bash","floor":7,"key":"SMITH"},{"data":"Clash","floor":10,"key":"SMITH"},{"data":"Whirlwind","floor":15,"key":"SMITH"},{"data":"Inflame","floor":23,"key":"SMITH"},{"floor":27,"key":"REST"},{"floor":32,"key":"REST"}],"circlet_count":0,"master_deck":["Defend_R","Defend_R","Defend_R","Defend_R","Bash+1","Thunderclap+1","Clash+1","Rage","Inflame+1","Whirlwind+1","Parasite","Juggernaut","Flex+1","Spot Weakness","Heavy Blade+1","Slimebound:Tackle+1","Slimebound:Tackle+1","Slimebound:Tackle+1","Perfected Strike","Whirlwind","Clash+1","Flame Barrier"],"relics":["Burning Blood","Art of War","Juzu Bracelet","Bottled Flame","bronze:MakeshiftBattery","Turnip","White Beast Statue","Vajra","Bird Faced Urn"],"acts_visited":["Exordium","TheCity"],"potions_floor_usage":[6,16,16,16,25,33,33],"damage_taken":[{"damage":14,"enemies":"Jaw Worm","floor":1,"turns":4},{"damage":3,"enemies":"Small Slimes","floor":2,"turns":3},{"damage":0,"enemies":"2 Louse","floor":3,"turns":3},{"damage":22,"enemies":"3 Sentries","floor":6,"turns":7},{"damage":1,"enemies":"Looter","floor":8,"turns":2},{"damage":23,"enemies":"Gremlin Nob","floor":12,"turns":4},{"damage":14,"enemies":"Blue Slaver","floor":13,"turns":3},{"damage":46,"enemies":"The Guardian","floor":16,"turns":9},{"damage":14,"enemies":"Shell Parasite","floor":18,"turns":3},{"damage":1,"enemies":"Spheric Guardian","floor":19,"turns":3},{"damage":6,"enemies":"3 Cultists","floor":20,"turns":4},{"damage":18,"enemies":"Chosen and Byrds","floor":24,"turns":4},{"damage":49,"enemies":"Shelled Parasite and Fungi","floor":25,"turns":5},{"damage":47,"enemies":"Slavers","floor":28,"turns":3},{"damage":15,"enemies":"Centurion and Healer","floor":29,"turns":2},{"damage":69,"enemies":"Collector","floor":33,"turns":7}],"seed_played":"2470404751477934469","potions_obtained":[{"floor":3,"key":"Explosive Potion"},{"floor":8,"key":"hexamod:SoulburnPotion"},{"floor":12,"key":"Explosive Potion"},{"floor":13,"key":"Strength Potion"},{"floor":20,"key":"Regen Potion"},{"floor":29,"key":"EssenceOfSteel"}],"is_trial":false,"path_per_floor":["M","M","M","?","?","E","R","M","T","R","$","E","M","?","R","B",null,"M","M","M","?","?","R","M","M","T","R","E","M","T","$","R","B"],"character_chosen":"IRONCLAD","items_purchased":["Inflame","Regen Potion","Bird Faced Urn","Flame Barrier"],"campfire_rested":2,"item_purchase_floors":[11,31,31,31],"current_hp_per_floor":[80,83,88,88,88,72,72,77,77,77,77,60,52,74,74,34,88,80,85,85,85,85,85,73,42,42,68,27,18,18,18,44,0,0],"gold":2,"neow_bonus":"TEN_PERCENT_HP_BONUS","is_daily":false,"chose_seed":false,"campfire_upgraded":4,"win_rate":0.0,"timestamp":1611161174,"path_taken":["M","M","M","?","?","E","R","M","T","R","$","E","M","?","R","BOSS","M","M","M","?","?","R","M","M","T","R","E","M","?","$","R","BOSS"],"items_purchased_type":["Card","Potion","Relic","Card"],"build_version":"2020-12-22","purchased_purges":0,"victory":false,"max_hp_per_floor":[88,88,88,88,88,88,88,88,88,88,88,88,88,88,88,88,88,88,88,88,88,88,88,88,88,88,88,88,88,88,88,88,88,88],"card_choices":[{"not_picked":["Heavy Blade","Shrug It Off"],"picked":"Thunderclap","floor":1},{"not_picked":["Warcry","Sever Soul","Sword Boomerang"],"picked":"SKIP","floor":2},{"not_picked":["Rampage","Anger"],"picked":"Clash","floor":3},{"not_picked":["Headbutt","Iron Wave"],"picked":"Rage","floor":6},{"not_picked":["Power Through","Shockwave","Carnage"],"picked":"SKIP","floor":8},{"not_picked":["Pummel","Evolve"],"picked":"Whirlwind","floor":12},{"not_picked":["Entrench","Iron Wave","Warcry"],"picked":"SKIP","floor":13},{"not_picked":["Double Tap","Fiend Fire"],"picked":"Juggernaut","floor":16},{"not_picked":["Shockwave","Body Slam"],"picked":"Flex+1","floor":18},{"not_picked":["Cleave","Heavy Blade"],"picked":"Spot Weakness","floor":19},{"not_picked":["Disarm","Shockwave"],"picked":"Heavy Blade+1","floor":20},{"not_picked":["Clothesline+1","Seeing Red"],"picked":"Perfected Strike","floor":24},{"not_picked":["Perfected Strike","Shockwave"],"picked":"Whirlwind","floor":25},{"not_picked":["Whirlwind","Berserk"],"picked":"Clash+1","floor":28},{"not_picked":["Feel No Pain","Pommel Strike","Body Slam"],"picked":"SKIP","floor":29}],"player_experience":109788,"relics_obtained":[{"floor":6,"key":"Art of War"},{"floor":9,"key":"Juzu Bracelet"},{"floor":12,"key":"Bottled Flame"},{"floor":26,"key":"Turnip"},{"floor":28,"key":"White Beast Statue"},{"floor":30,"key":"Vajra"}],"event_choices":[{"damage_healed":0,"gold_gain":0,"player_choice":"Grow","damage_taken":0,"max_hp_gain":0,"max_hp_loss":0,"event_name":"Living Wall","floor":4,"gold_loss":0,"cards_upgraded":["Thunderclap"]},{"damage_healed":0,"gold_gain":61,"player_choice":"Gained Gold","damage_taken":0,"max_hp_gain":0,"max_hp_loss":0,"event_name":"Golden Wing","floor":5,"gold_loss":0},{"damage_healed":22,"gold_gain":0,"player_choice":"Healed and dodged fight","damage_taken":0,"max_hp_gain":0,"max_hp_loss":0,"event_name":"Mushrooms","floor":14,"gold_loss":0,"cards_obtained":["Parasite"]},{"damage_healed":0,"gold_gain":0,"player_choice":"Ignored","damage_taken":0,"max_hp_gain":0,"max_hp_loss":0,"event_name":"Ghosts","floor":22,"gold_loss":0}],"is_beta":false,"boss_relics":[{"not_picked":["Philosopher\u0027s Stone","SlaversCollar"],"picked":"bronze:MakeshiftBattery"}],"items_purged_floors":[],"is_endless":false,"potions_floor_spawned":[3,8,12,13,20,29],"killed_by":"Collector","ascension_level":1}}