{"host":"9n6i2vl93jt4o42q","time":1611172509,"event":{"mods":["BaseMod","Minty Spire (QoL Compilation)","Relic Stats"],"gold_per_floor":[18,31,31,31,56,56,81,115,164,164,179,202,233,263,263,356,356,379,379,395,303,318,357,357,396,396,396,409,447,447,468,468,564,564,577,600,253,271,271,310,310,354,354,354,394,394,419,434,434,434,434,434,68,109,109],"floor_reached":56,"language":"ENG","playtime":13870,"items_purged":["Streamline","Doom and Gloom"],"score":2361,"play_id":"00a073d7-3c38-46db-aeee-631525a58041","local_time":"20210120205509","is_ascension_mode":true,"campfire_choices":[{"data":"Zap","floor":6.0,"key":"SMITH"},{"data":"Beam Cell","floor":10.0,"key":"SMITH"},{"data":"Rainbow","floor":15.0,"key":"SMITH"},{"data":"Seek","floor":24.0,"key":"SMITH"},{"floor":27.0,"key":"REST"},{"data":"Seek","floor":30.0,"key":"SMITH"},{"floor":32.0,"key":"REST"},{"floor":41.0,"key":"RECALL"},{"data":"Thunder Strike","floor":44.0,"key":"SMITH"},{"data":"Seek","floor":46.0,"key":"SMITH"},{"floor":49.0,"key":"REST"},{"data":"Static Discharge","floor":52.0,"key":"SMITH"}],"circlet_count":0,"master_deck":["AscendersBane","Zap+1","Dualcast","Seek+1","Glacier","Coolheaded+1","Cold Snap","Beam Cell+1","Ball Lightning","Rainbow+1","Double Energy+1","Electrodynamics","Go for the Eyes","BootSequence","Seek+1","Melter","Rebound","Stack","White Noise","Steam","Tempest","Recycle","Conserve Battery+1","Conserve Battery","Undo","Hologram+1","Seek+1","Compile Driver","Tempest","Aggregate","Seek","Thunder Strike+1","Static Discharge+1","Glacier","White Noise"],"relics":["Cracked Core","Golden Idol","Meat on the Bone","Toy Ornithopter","Orichalcum","Oddly Smooth Stone","Odd Mushroom","Pandora\u0027s Box","TungstenRod","Letter Opener","Emotion Chip","Bag of Marbles","Philosopher\u0027s Stone","Membership Card","Nunchaku","Art of War","War Paint","Lizard Tail","Toolbox","Du-Vu Doll","Bottled Tornado"],"acts_visited":["Exordium","TheCity","TheBeyond","TheEnding"],"potions_floor_usage":[55,55],"damage_taken":[{"damage":4.0,"enemies":"Jaw Worm","floor":1.0,"turns":3.0},{"damage":0.0,"enemies":"2 Louse","floor":2.0,"turns":3.0},{"damage":0.0,"enemies":"Cultist","floor":5.0,"turns":5.0},{"damage":19.0,"enemies":"Gremlin Gang","floor":7.0,"turns":7.0},{"damage":22.0,"enemies":"Gremlin Nob","floor":8.0,"turns":4.0},{"damage":0.0,"enemies":"Blue Slaver","floor":11.0,"turns":3.0},{"damage":0.0,"enemies":"2 Fungi Beasts","floor":12.0,"turns":4.0},{"damage":3.0,"enemies":"3 Sentries","floor":13.0,"turns":8.0},{"damage":9.0,"enemies":"The Mushroom Lair","floor":14.0,"turns":5.0},{"damage":40.0,"enemies":"Hexaghost","floor":16.0,"turns":11.0},{"damage":0.0,"enemies":"3 Byrds","floor":18.0,"turns":2.0},{"damage":9.0,"enemies":"Shell Parasite","floor":20.0,"turns":3.0},{"damage":18.0,"enemies":"Shelled Parasite and Fungi","floor":22.0,"turns":4.0},{"damage":10.0,"enemies":"Gremlin Leader","floor":23.0,"turns":6.0},{"damage":39.0,"enemies":"Book of Stabbing","floor":25.0,"turns":7.0},{"damage":3.0,"enemies":"3 Cultists","floor":28.0,"turns":3.0},{"damage":17.0,"enemies":"Slavers","floor":29.0,"turns":3.0},{"damage":13.0,"enemies":"Centurion and Healer","floor":31.0,"turns":4.0},{"damage":42.0,"enemies":"Champ","floor":33.0,"turns":15.0},{"damage":0.0,"enemies":"3 Darklings","floor":35.0,"turns":2.0},{"damage":4.0,"enemies":"Orb Walker","floor":36.0,"turns":3.0},{"damage":9.0,"enemies":"Spire Growth","floor":38.0,"turns":5.0},{"damage":0.0,"enemies":"Reptomancer","floor":40.0,"turns":6.0},{"damage":0.0,"enemies":"Giant Head","floor":42.0,"turns":5.0},{"damage":22.0,"enemies":"Nemesis","floor":45.0,"turns":5.0},{"damage":1.0,"enemies":"Maw","floor":47.0,"turns":6.0},{"damage":0.0,"enemies":"Sphere and 2 Shapes","floor":48.0,"turns":3.0},{"damage":74.0,"enemies":"Donu and Deca","floor":50.0,"turns":6.0},{"damage":0.0,"enemies":"Shield and Spear","floor":54.0,"turns":2.0},{"damage":66,"enemies":"The Heart","floor":55,"turns":8}],"seed_played":"2779168252420479057","potions_obtained":[{"floor":1.0,"key":"SkillPotion"},{"floor":7.0,"key":"SkillPotion"},{"floor":11.0,"key":"LiquidMemories"},{"floor":14.0,"key":"GamblersBrew"},{"floor":16.0,"key":"SkillPotion"},{"floor":25.0,"key":"EssenceOfDarkness"},{"floor":28.0,"key":"SteroidPotion"},{"floor":29.0,"key":"GamblersBrew"},{"floor":31.0,"key":"Swift Potion"},{"floor":40.0,"key":"PowerPotion"},{"floor":42.0,"key":"FearPotion"}],"is_trial":false,"path_per_floor":["M","M","?","?","M","R","M","E","T","R","M","M","E","?","R","B",null,"M","?","M","$","M","E","R","E","T","R","M","E","R","M","R","B",null,"M","M","$","M","?","E","R","E","T","R","E","R","M","M","R","B",null,"R","$","E","B",null],"character_chosen":"DEFECT","items_purchased":["Tempest","Explosive Potion","Membership Card","Nunchaku","Tempest","Aggregate","Regen Potion","Toolbox","Glacier","Du-Vu Doll"],"campfire_rested":3,"item_purchase_floors":[21,21,37,37,37,37,53,53,53,53],"current_hp_per_floor":[60,60,60,60,60,60,41,31,31,31,43,43,40,43,43,15,52,57,57,48,48,42,42,42,15,15,34,43,38,38,37,56,26,55,55,51,51,42,42,47,47,52,52,52,42,42,41,41,60,32,56,56,56,56,24],"gold":109,"neow_bonus":"THREE_RARE_CARDS","is_daily":false,"chose_seed":false,"campfire_upgraded":8,"win_rate":0.0,"timestamp":1611172509,"path_taken":["M","M","?","?","?","R","M","E","T","R","?","M","E","?","R","BOSS","M","?","M","$","M","E","R","E","T","R","?","E","R","M","R","BOSS","M","M","$","M","?","E","R","E","T","R","E","R","M","M","R","BOSS","R","$","E","BOSS"],"items_purchased_type":["Card","Potion","Relic","Relic","Card","Card","Potion","Relic","Card","Relic"],"build_version":"2020-12-22","purchased_purges":2,"victory":true,"max_hp_per_floor":[71,71,64,64,64,64,64,64,64,64,64,64,64,64,64,64,64,64,64,64,64,64,64,64,64,64,64,64,64,64,64,64,64,64,64,64,64,64,64,64,64,64,64,64,64,64,64,64,64,64,64,64,64,64,64],"relic_stats":{"counters":[30,151],"Golden Idol":209,"Letter Opener":[289],"Orichalcum":[90],"War Paint":["Coolheaded","Conserve Battery"],"Emotion Chip":[95,59,27,9,0],"Nunchaku":[6],"Lizard Tail":32,"Pandora\u0027s Box":["Go for the Eyes","BootSequence","Seek","Melter","Doom and Gloom","Rebound","Stack","White Noise"],"Art of War":[6],"obtain_stats":[{"Golden Idol":3,"Oddly Smooth Stone":13,"Letter Opener":25,"Orichalcum":9,"Odd Mushroom":14,"War Paint":42,"Bottled Tornado":54,"Du-Vu Doll":53,"Emotion Chip":26,"Nunchaku":37,"Lizard Tail":45,"Toolbox":53,"Pandora\u0027s Box":17,"Philosopher\u0027s Stone":34,"Bag of Marbles":29,"Art of War":40,"Membership Card":37,"Cracked Core":0,"Toy Ornithopter":8,"TungstenRod":23,"Meat on the Bone":4},{"Golden Idol":2,"Oddly Smooth Stone":8,"Letter Opener":15,"Orichalcum":5,"Odd Mushroom":9,"War Paint":24,"Bottled Tornado":29,"Du-Vu Doll":28,"Emotion Chip":15,"Nunchaku":21,"Lizard Tail":25,"Toolbox":28,"Pandora\u0027s Box":10,"Philosopher\u0027s Stone":19,"Bag of Marbles":17,"Art of War":23,"Membership Card":21,"Cracked Core":0,"Toy Ornithopter":5,"TungstenRod":14,"Meat on the Bone":2},{"Golden Idol":6,"Oddly Smooth Stone":37,"Letter Opener":75,"Orichalcum":22,"Odd Mushroom":42,"War Paint":121,"Bottled Tornado":143,"Du-Vu Doll":141,"Emotion Chip":75,"Nunchaku":105,"Lizard Tail":126,"Toolbox":141,"Pandora\u0027s Box":53,"Philosopher\u0027s Stone":100,"Bag of Marbles":81,"Art of War":116,"Membership Card":105,"Cracked Core":0,"Toy Ornithopter":22,"TungstenRod":68,"Meat on the Bone":6}],"Toy Ornithopter":35,"TungstenRod":47,"Meat on the Bone":156},"card_choices":[{"not_picked":["Hyperbeam","Rainbow"],"picked":"Seek","floor":0.0},{"not_picked":["Heatsinks","Leap"],"picked":"Glacier","floor":1.0},{"not_picked":["Rebound","Rip and Tear"],"picked":"Coolheaded","floor":2.0},{"not_picked":["Coolheaded","Streamline"],"picked":"Cold Snap","floor":5.0},{"not_picked":["Turbo","Redo"],"picked":"Beam Cell","floor":7.0},{"not_picked":["Darkness","Fusion"],"picked":"Streamline","floor":8.0},{"not_picked":["Thunder Strike","Loop","Leap"],"picked":"SKIP","floor":11.0},{"not_picked":["Rebound","Turbo"],"picked":"Ball Lightning","floor":12.0},{"not_picked":["Auto Shields","Rebound"],"picked":"Rainbow","floor":13.0},{"not_picked":["Tempest","Coolheaded"],"picked":"Double Energy","floor":14.0},{"not_picked":["Core Surge","Rainbow"],"picked":"Electrodynamics","floor":16.0},{"not_picked":["Reinforced Body","Coolheaded"],"picked":"Steam","floor":18.0},{"not_picked":["Streamline","Doom and Gloom","Redo"],"picked":"SKIP","floor":20.0},{"not_picked":["Tempest","Glacier"],"picked":"Recycle","floor":22.0},{"not_picked":["Force Field+1","Ball Lightning"],"picked":"Conserve Battery","floor":23.0},{"not_picked":["Turbo","Fusion"],"picked":"Conserve Battery","floor":25.0},{"not_picked":["Sweeping Beam","White Noise+1"],"picked":"Undo","floor":28.0},{"not_picked":["Double Energy","Reinforced Body","Chaos"],"picked":"SKIP","floor":29.0},{"not_picked":["Gash+1","Genetic Algorithm"],"picked":"Hologram+1","floor":31.0},{"not_picked":["Reboot","Meteor Strike"],"picked":"Seek","floor":33.0},{"not_picked":["Beam Cell","Conserve Battery","Go for the Eyes"],"picked":"SKIP","floor":35.0},{"not_picked":["White Noise","Glacier"],"picked":"Compile Driver","floor":36.0},{"not_picked":["Beam Cell","Auto Shields"],"picked":"Seek","floor":38.0},{"not_picked":["Conserve Battery+1","Hologram"],"picked":"Thunder Strike","floor":40.0},{"not_picked":["Sweeping Beam","White Noise","Conserve Battery"],"picked":"SKIP","floor":42.0},{"not_picked":["Sweeping Beam","Go for the Eyes"],"picked":"Static Discharge","floor":45.0},{"not_picked":["Steam","Double Energy","Gash"],"picked":"SKIP","floor":47.0},{"not_picked":["Heatsinks","Chaos+1","Gash+1"],"picked":"SKIP","floor":48.0},{"not_picked":["Coolheaded","FTL"],"picked":"White Noise","floor":54.0}],"player_experience":2172959,"relics_obtained":[{"floor":8.0,"key":"Toy Ornithopter"},{"floor":9.0,"key":"Orichalcum"},{"floor":13.0,"key":"Oddly Smooth Stone"},{"floor":14.0,"key":"Odd Mushroom"},{"floor":23.0,"key":"TungstenRod"},{"floor":25.0,"key":"Letter Opener"},{"floor":26.0,"key":"Emotion Chip"},{"floor":29.0,"key":"Bag of Marbles"},{"floor":40.0,"key":"Art of War"},{"floor":42.0,"key":"War Paint"},{"floor":45.0,"key":"Lizard Tail"},{"floor":54.0,"key":"Bottled Tornado"}],"event_choices":[{"damage_healed":0.0,"max_hp_gain":0.0,"max_hp_loss":7.0,"gold_gain":0.0,"event_name":"Golden Idol","player_choice":"Lose Max HP","floor":3.0,"gold_loss":0.0,"damage_taken":0.0,"relics_obtained":["Golden Idol"]},{"damage_healed":0.0,"max_hp_gain":0.0,"max_hp_loss":0.0,"gold_gain":0.0,"event_name":"WeMeetAgain","player_choice":"Gave Potion","floor":4.0,"gold_loss":0.0,"damage_taken":0.0,"relics_obtained":["Meat on the Bone"]},{"damage_healed":0.0,"max_hp_gain":0.0,"max_hp_loss":0.0,"gold_gain":0.0,"event_name":"Mushrooms","player_choice":"Fought Mushrooms","floor":14.0,"gold_loss":0.0,"damage_taken":0.0},{"damage_healed":0.0,"max_hp_gain":0.0,"max_hp_loss":0.0,"gold_gain":0.0,"event_name":"Upgrade Shrine","player_choice":"Upgraded","floor":19.0,"gold_loss":0.0,"damage_taken":0.0,"cards_upgraded":["Double Energy"]},{"damage_healed":0.0,"max_hp_gain":0.0,"max_hp_loss":0.0,"gold_gain":0.0,"event_name":"Tomb of Lord Red Mask","player_choice":"Ignored","floor":39.0,"gold_loss":0.0,"damage_taken":0.0}],"is_beta":false,"boss_relics":[{"not_picked":["Empty Cage","FrozenCore"],"picked":"Pandora\u0027s Box"},{"not_picked":["Astrolabe","Runic Pyramid"],"picked":"Philosopher\u0027s Stone"}],"items_purged_floors":[37,53],"is_endless":false,"potions_floor_spawned":[1,7,11,14,16,25,28,29,31,38,40,42,45],"ascension_level":19}}