{"host":"l84l8xigz5v5foa2","time":1611146792,"event":{"mods":["2.2 Compatiblity","AchievementEnabler","BaseMod","Better Note","Better Vampires","Card Filter","Colored Map","DeckTracker","Downfall","Gremlin Skip","Highlight Path","Keyboard Shortcuts","Minty Spire (QoL Compilation)","Permanent Neow","Quick Restart","Relic Filter","Relic Stats","StSLib","SuperFastMode","Transform Curses","Unknown Chances"],"gold_per_floor":[117,117,132,150,150,150,184,195,195,195,28,103,123,137,137,137,137,137],"floor_reached":16,"language":"ENG","playtime":373,"items_purged":["hexamod:Strike"],"score":204,"play_id":"91fd34a4-391d-425c-8f7c-eea0d7e55f92","local_time":"20210120214632","is_ascension_mode":true,"campfire_choices":[{"data":"hexamod:Incineration","floor":6.0,"key":"SMITH"},{"floor":10,"key":"REST"},{"data":"hexamod:ThermalTransfer","floor":15,"key":"SMITH"}],"circlet_count":0,"master_deck":["AscendersBane","hexamod:Strike+1","hexamod:Strike","hexamod:Strike","hexamod:Defend","hexamod:Defend+1","hexamod:Defend","hexamod:Defend","hexamod:Sear","hexamod:Float+1","hexamod:Incineration+1","hexamod:SwordOfDarkness","hexamod:ThermalTransfer+1","hexamod:NightmareGuise","hexamod:ThirdSeal","Flash of Steel","hexamod:AdvancingGuard","hexamod:FourthSeal"],"relics":["hexamod:SpiritBrand","Unceasing Top","Centennial Puzzle","Lizard Tail","Matryoshka"],"acts_visited":["Exordium"],"potions_floor_usage":[8,16,16],"damage_taken":[{"damage":0.0,"enemies":"2 Louse","floor":1.0,"turns":3.0},{"damage":0.0,"enemies":"Small Slimes","floor":3.0,"turns":3.0},{"damage":7.0,"enemies":"Jaw Worm","floor":4.0,"turns":3.0},{"damage":12.0,"enemies":"Lagavulin","floor":7.0,"turns":6.0},{"damage":0,"enemies":"2 Fungi Beasts","floor":8,"turns":2},{"damage":2,"enemies":"Lots of Slimes","floor":13,"turns":4},{"damage":9,"enemies":"Red Slaver","floor":14,"turns":2},{"damage":62,"enemies":"Slime Boss","floor":16,"turns":9}],"seed_played":"7785425957206955545","potions_obtained":[{"floor":1.0,"key":"Energy Potion"},{"floor":7.0,"key":"Dexterity Potion"},{"floor":8,"key":"Dexterity Potion"}],"is_trial":false,"path_per_floor":["M","?","M","M","?","R","E","M","T","R","$","T","M","M","R","B"],"character_chosen":"THE_SPIRIT","items_purchased":["Flash of Steel"],"campfire_rested":1,"item_purchase_floors":[11],"current_hp_per_floor":[57,38,38,31,26,26,14,14,14,32,32,32,30,21,21,0,0,0],"gold":137,"neow_bonus":"UPGRADE_CARD","is_daily":false,"chose_seed":false,"campfire_upgraded":2,"win_rate":0.0,"timestamp":1611146792,"path_taken":["M","?","M","M","?","R","E","M","T","R","$","?","M","M","R","BOSS"],"items_purchased_type":["Card"],"build_version":"2020-12-22","purchased_purges":1,"victory":false,"max_hp_per_floor":[63,63,63,63,63,63,63,63,63,63,63,63,63,63,63,63,63,63],"relic_stats":{"Centennial Puzzle":[9],"Lizard Tail":31,"counters":[8,32],"obtain_stats":[{"Centennial Puzzle":7,"Lizard Tail":9,"Matryoshka":12,"hexamod:SpiritBrand":0,"Unceasing Top":5},{"Centennial Puzzle":4,"Lizard Tail":5,"Matryoshka":5,"hexamod:SpiritBrand":0,"Unceasing Top":3},{"Centennial Puzzle":15,"Lizard Tail":17,"Matryoshka":17,"hexamod:SpiritBrand":0,"Unceasing Top":9}],"Unceasing Top":[0]},"card_choices":[{"not_picked":["hexamod:GhostShield","hexamod:BacktrackSmack"],"picked":"hexamod:Incineration","floor":1.0},{"not_picked":["hexamod:GhostflameBarrier","hexamod:BurningTouch"],"picked":"hexamod:SwordOfDarkness","floor":3.0},{"not_picked":["hexamod:SpectersWail","hexamod:SuperheatedStrike"],"picked":"hexamod:ThermalTransfer","floor":4.0},{"not_picked":["hexamod:GhostShield","hexamod:GhostflameInferno"],"picked":"hexamod:NightmareGuise","floor":7.0},{"not_picked":["hexamod:ExtraCrispy","hexamod:NightmareStrike"],"picked":"hexamod:ThirdSeal","floor":8},{"not_picked":["hexamod:PowerFromBeyond","hexamod:HeatMetal"],"picked":"hexamod:AdvancingGuard","floor":13},{"not_picked":["hexamod:SwordOfDarkness","hexamod:NightmareGuise","hexamod:EtherealExpedition"],"picked":"SKIP","floor":13},{"not_picked":["hexamod:AdvancingGuard","hexamod:FirstSeal"],"picked":"hexamod:FourthSeal","floor":14}],"player_experience":3318262,"relics_obtained":[{"floor":7.0,"key":"Centennial Puzzle"},{"floor":9,"key":"Lizard Tail"},{"floor":12,"key":"Matryoshka"}],"event_choices":[{"damage_healed":0.0,"max_hp_gain":0.0,"max_hp_loss":0.0,"gold_gain":0.0,"event_name":"Shining Light","player_choice":"Entered Light","floor":2.0,"gold_loss":0.0,"damage_taken":19.0,"cards_upgraded":["hexamod:Strike","hexamod:Defend"]},{"damage_healed":0.0,"max_hp_gain":0.0,"max_hp_loss":0.0,"gold_gain":0.0,"event_name":"Scrap Ooze","player_choice":"Success","floor":5.0,"gold_loss":0.0,"damage_taken":5.0,"relics_obtained":["Unceasing Top"]}],"is_beta":false,"boss_relics":[],"items_purged_floors":[11],"is_endless":false,"potions_floor_spawned":[1,7,8],"killed_by":"Slime Boss","ascension_level":20}}