{"host":"94qggqh0xz0sp6ai","time":1611109139,"event":{"mods":["100% Spire Juice","Abigail Mod","Act Like it!","BaseMod","CapriCore","Downfall","Friendly Minions","Gensokyo","Hermit","Jorbs\u0027s Wanderer Trilogy","Koishi","Marisa（霧雨　魔理沙）","Minty Spire (QoL Compilation)","Permanent Neow","Reimu（博??梦）","StSLib","The Alterego","The Construct","The Cursed","The Hierophant","The Immortal","The Marked","The Servant 0.9.4","TheBandit","Waifu the Spire"],"gold_per_floor":[114,124,124,15,33,61,61,75,75,75,86,98,113,126,126,230,230,242,253,233,243,258,258,258,258,285,311,311,17,17,37,37,37,37],"floor_reached":33,"language":"ENG","playtime":1017,"items_purged":["TheCursedMod:Dregs"],"score":482,"play_id":"b792af2b-ae6c-49ae-8624-81868ad06b8f","local_time":"20210119201859","is_ascension_mode":true,"campfire_choices":[{"data":"AbbyMod:AceInTheHole","floor":7,"key":"SMITH"},{"data":"AbbyMod:Keyblade","floor":10,"key":"SMITH"},{"floor":15,"key":"REST"},{"data":"AbbyMod:ImpossibleGeometry","floor":23,"key":"SMITH"},{"data":"AbbyMod:TeddyBear","floor":25,"key":"SMITH"},{"data":"AbbyMod:WitchTrial","floor":28,"key":"SMITH"},{"data":"AbbyMod:PapaProtection","floor":32,"key":"SMITH"}],"circlet_count":0,"master_deck":["AscendersBane","AbbyMod:Ab_Strike","AbbyMod:Ab_Strike","AbbyMod:Ab_Strike","AbbyMod:Ab_Strike","AbbyMod:Ab_Defend","AbbyMod:Ab_Defend","AbbyMod:Ab_Defend","AbbyMod:FleetingSanity","AbbyMod:ForeheadBeam","AbbyMod:LargeTentacle","AbbyMod:PowerGamer","AbbyMod:Ab_FiveStars","AbbyMod:AceInTheHole+1","AbbyMod:Keyblade+1","AbbyMod:WitchTrial+1","AbbyMod:Ygna","AbbyMod:AttoSecond","AbbyMod:TeddyBear+1","AbbyMod:SuperMuscular","AbbyMod:EyesOfMadness+1","AbbyMod:ImpossibleGeometry+1","AbbyMod:GudaGudaParticle","AbbyMod:PapaProtection+1"],"relics":["AbbyMod:Salem_Diary","Gambling Chip","Tea:ReiMu","AbbyMod:MetalizedInsanity","Coffee Dripper","Juzu Bracelet","Eternal Feather","ClockworkSouvenir","Bronze Scales"],"acts_visited":["Exordium","TheCity"],"potions_floor_usage":[14,16,27,31,33],"damage_taken":[{"damage":3,"enemies":"Jaw Worm","floor":1,"turns":6},{"damage":0,"enemies":"Cultist","floor":2,"turns":3},{"damage":8,"enemies":"2 Louse","floor":5,"turns":3},{"damage":9,"enemies":"Gremlin Nob","floor":6,"turns":4},{"damage":11,"enemies":"Looter","floor":8,"turns":3},{"damage":0,"enemies":"Exordium Thugs","floor":11,"turns":3},{"damage":11,"enemies":"Red Slaver","floor":12,"turns":3},{"damage":2,"enemies":"Looter","floor":13,"turns":2},{"damage":15,"enemies":"2 Fungi Beasts","floor":14,"turns":3},{"damage":0,"enemies":"Hexaghost","floor":16,"turns":6},{"damage":9,"enemies":"3 Byrds","floor":18,"turns":6},{"damage":2,"enemies":"Chosen","floor":19,"turns":4},{"damage":0,"enemies":"Snecko","floor":21,"turns":4},{"damage":27,"enemies":"Snake Plant","floor":22,"turns":4},{"damage":23,"enemies":"Slavers","floor":27,"turns":5},{"damage":12,"enemies":"Cultist and Chosen","floor":31,"turns":3},{"damage":61,"enemies":"Automaton","floor":33,"turns":6}],"seed_played":"5403959786687378231","potions_obtained":[{"floor":2,"key":"BlessingOfTheForge"},{"floor":3,"key":"ColorlessPotion"},{"floor":3,"key":"Dexterity Potion"},{"floor":20,"key":"DistilledChaos"},{"floor":27,"key":"Fire Potion"},{"floor":31,"key":"SteroidPotion"}],"is_trial":false,"path_per_floor":["M","M","?","$","M","E","R","M","T","R","M","M","M","M","R","B",null,"M","M","?","M","M","R","?","R","T","E","R","$","?","M","R","B"],"character_chosen":"Ab_Foreigner","items_purchased":["AbbyMod:Ab_FiveStars","ClockworkSouvenir","Bronze Scales"],"campfire_rested":1,"item_purchase_floors":[4,29,29],"current_hp_per_floor":[51,51,51,51,43,34,34,23,23,23,23,12,10,5,23,33,53,51,58,58,60,33,33,33,33,33,20,32,32,32,30,60,0,0],"gold":37,"neow_bonus":"ONE_RARE_RELIC","is_daily":false,"chose_seed":false,"campfire_upgraded":6,"win_rate":0.0,"timestamp":1611109139,"path_taken":["M","M","?","$","?","E","R","M","T","R","M","M","M","M","R","BOSS","M","M","?","?","M","R","?","R","T","E","R","$","?","M","R","BOSS"],"items_purchased_type":["Card","Relic","Relic"],"build_version":"2020-12-22","purchased_purges":1,"victory":false,"max_hp_per_floor":[60,60,60,60,60,60,60,60,60,60,60,60,60,60,60,60,60,60,60,60,60,60,60,60,60,60,60,60,60,60,60,60,60,60],"card_choices":[{"not_picked":["AbbyMod:InsaneStrike","AbbyMod:Ab_SwirlOfMadness"],"picked":"AbbyMod:LargeTentacle","floor":1},{"not_picked":["AbbyMod:Dabigail","AbbyMod:ConsumeFlesh"],"picked":"AbbyMod:PowerGamer","floor":2},{"not_picked":["AbbyMod:RecklessSlam","AbbyMod:Keyblade"],"picked":"AbbyMod:AceInTheHole","floor":5},{"not_picked":["AbbyMod:Memocide","AbbyMod:InsaneStrike"],"picked":"AbbyMod:Keyblade","floor":6},{"not_picked":["AbbyMod:Takeuchi","AbbyMod:CommandSpell"],"picked":"AbbyMod:WitchTrial","floor":8},{"not_picked":["AbbyMod:SanityCheck","AbbyMod:LiftSkirt"],"picked":"AbbyMod:Ygna","floor":11},{"not_picked":["AbbyMod:Memocide","AbbyMod:SavingThrow"],"picked":"AbbyMod:AttoSecond","floor":12},{"not_picked":["AbbyMod:EquivalentExchange","AbbyMod:FatalEntropy"],"picked":"AbbyMod:TeddyBear","floor":13},{"not_picked":["AbbyMod:LossOfSanity","AbbyMod:SavingThrow"],"picked":"AbbyMod:SuperMuscular","floor":14},{"not_picked":["AbbyMod:InsaneStrike","AbbyMod:CloneArmy","AbbyMod:LargeTentacle"],"picked":"SKIP","floor":18},{"not_picked":["AbbyMod:PapaProtection","AbbyMod:MeltBrain"],"picked":"AbbyMod:EyesOfMadness+1","floor":19},{"not_picked":["AbbyMod:SanityCheck","AbbyMod:TeddyBear"],"picked":"AbbyMod:ImpossibleGeometry","floor":21},{"not_picked":["AbbyMod:SanityCheck","AbbyMod:SavingThrow","AbbyMod:LifeSentence"],"picked":"SKIP","floor":22},{"not_picked":["AbbyMod:Ygna","AbbyMod:ConsumeFlesh"],"picked":"AbbyMod:GudaGudaParticle","floor":27},{"not_picked":["AbbyMod:LifeSentence+1","AbbyMod:AttoSecond+1"],"picked":"AbbyMod:PapaProtection","floor":31}],"player_experience":1403799,"relics_obtained":[{"floor":6,"key":"Tea:ReiMu"},{"floor":9,"key":"AbbyMod:MetalizedInsanity"},{"floor":26,"key":"Juzu Bracelet"},{"floor":27,"key":"Eternal Feather"}],"event_choices":[{"damage_healed":0,"gold_gain":0,"player_choice":"Got Potions","damage_taken":0,"max_hp_gain":0,"max_hp_loss":0,"event_name":"Lab","floor":3,"gold_loss":0},{"damage_healed":0,"gold_gain":0,"player_choice":"Bought 1 Potion","damage_taken":0,"max_hp_gain":0,"max_hp_loss":0,"event_name":"The Woman in Blue","floor":20,"gold_loss":0},{"damage_healed":0,"gold_gain":0,"player_choice":"Ignored","damage_taken":0,"max_hp_gain":0,"max_hp_loss":0,"event_name":"Ghosts","floor":30,"gold_loss":0}],"is_beta":false,"boss_relics":[{"not_picked":["Runic Dome","Fusion Hammer"],"picked":"Coffee Dripper"}],"items_purged_floors":[4],"is_endless":false,"potions_floor_spawned":[2,5,8,13,27,31],"killed_by":"Automaton","ascension_level":10}}