{"host":"j4g6ia6asvpyu2b0","time":1611141998,"event":{"mods":["BaseMod","Colored Map","Minty Spire (QoL Compilation)","Permanent Neow","Quick Restart","Relic Stats","StSLib","Unceasing Turn Reminder"],"gold_per_floor":[11,286,139,139,156,189,206,238,238,273,273,273,287,303,303,303,303],"floor_reached":16,"language":"ENG","playtime":413,"items_purged":["Regret"],"score":192,"play_id":"21141f08-6ccd-4170-8c94-94a6278fdc92","local_time":"20210120042638","is_ascension_mode":true,"campfire_choices":[{"data":"Storm","floor":12.0,"key":"SMITH"},{"data":"Defragment","floor":15.0,"key":"SMITH"}],"circlet_count":0,"master_deck":["AscendersBane","Strike_B","Strike_B","Strike_B","Strike_B","Defend_B","Defend_B","Defend_B","Defend_B","Zap","Dualcast","Capacitor","Defragment+1","Rip and Tear","Doom and Gloom","Storm+1","Storm","Machine Learning","Barrage","Auto Shields"],"relics":["Cracked Core","Incense Burner","Blood Vial","StrikeDummy","Anchor","Singing Bowl","Smiling Mask"],"acts_visited":["Exordium"],"potions_floor_usage":[16],"damage_taken":[{"damage":1.0,"enemies":"Small Slimes","floor":1.0,"turns":3.0},{"damage":0.0,"enemies":"Cultist","floor":5.0,"turns":4.0},{"damage":22.0,"enemies":"3 Sentries","floor":6.0,"turns":7.0},{"damage":0.0,"enemies":"Jaw Worm","floor":7.0,"turns":3.0},{"damage":26.0,"enemies":"Lagavulin","floor":8.0,"turns":8.0},{"damage":16.0,"enemies":"Gremlin Nob","floor":10.0,"turns":3.0},{"damage":0.0,"enemies":"Exordium Wildlife","floor":13.0,"turns":4.0},{"damage":14.0,"enemies":"3 Louse","floor":14.0,"turns":3.0},{"damage":6,"enemies":"Hexaghost","floor":16,"turns":3}],"seed_played":"716118478435476642","potions_obtained":[{"floor":1.0,"key":"BlessingOfTheForge"},{"floor":6.0,"key":"FearPotion"},{"floor":7.0,"key":"PowerPotion"}],"is_trial":false,"path_per_floor":["M","?","$","?","M","E","M","E","T","E","?","R","M","M","R","B"],"character_chosen":"DEFECT","items_purchased":["Defragment"],"campfire_rested":0,"item_purchase_floors":[3],"current_hp_per_floor":[67,67,67,72,72,50,52,28,28,14,14,14,16,4,4,0,0],"gold":303,"neow_bonus":"ONE_RARE_RELIC","is_daily":false,"chose_seed":false,"campfire_upgraded":2,"win_rate":0.0,"timestamp":1611141998,"path_taken":["M","?","?","?","M","E","?","E","T","E","?","R","M","M","R","BOSS"],"items_purchased_type":["Card"],"build_version":"2020-12-22","purchased_purges":1,"victory":false,"max_hp_per_floor":[75,75,75,80,80,80,80,80,80,80,80,80,80,80,80,80,80],"relic_stats":{"Blood Vial":12,"Singing Bowl":0,"counters":[9,38],"Smiling Mask":0,"obtain_stats":[{"Blood Vial":6,"Anchor":9,"Singing Bowl":10,"Incense Burner":0,"Cracked Core":0,"StrikeDummy":8,"Smiling Mask":11},{"Blood Vial":3,"Anchor":5,"Singing Bowl":6,"Incense Burner":0,"Cracked Core":0,"StrikeDummy":5,"Smiling Mask":6},{"Blood Vial":14,"Anchor":25,"Singing Bowl":28,"Incense Burner":0,"Cracked Core":0,"StrikeDummy":25,"Smiling Mask":28}]},"card_choices":[{"not_picked":["Force Field","Go for the Eyes"],"picked":"Capacitor","floor":1.0},{"not_picked":["Sweeping Beam","Double Energy"],"picked":"Rip and Tear","floor":5.0},{"not_picked":["Recycle","Darkness"],"picked":"Doom and Gloom","floor":6.0},{"not_picked":["Coolheaded","Gash"],"picked":"Storm","floor":7.0},{"not_picked":["Streamline","Aggregate"],"picked":"Storm","floor":8.0},{"not_picked":["Reprogram","Lockon"],"picked":"Machine Learning","floor":10.0},{"not_picked":["Steam","Leap"],"picked":"Barrage","floor":13.0},{"not_picked":["Redo","BootSequence"],"picked":"Auto Shields","floor":14.0}],"player_experience":873236,"relics_obtained":[{"floor":6.0,"key":"Blood Vial"},{"floor":8.0,"key":"StrikeDummy"},{"floor":9.0,"key":"Anchor"},{"floor":10.0,"key":"Singing Bowl"}],"event_choices":[{"damage_healed":0.0,"max_hp_gain":0.0,"max_hp_loss":0.0,"gold_gain":275.0,"event_name":"Golden Shrine","player_choice":"Desecrate","floor":2.0,"gold_loss":0.0,"damage_taken":0.0,"cards_obtained":["Regret"]},{"damage_healed":0.0,"max_hp_gain":5.0,"max_hp_loss":0.0,"gold_gain":0.0,"event_name":"Big Fish","player_choice":"Donut","floor":4.0,"gold_loss":0.0,"damage_taken":0.0},{"damage_healed":0.0,"max_hp_gain":0.0,"max_hp_loss":0.0,"gold_gain":0.0,"event_name":"Dead Adventurer","player_choice":"Searched \u00271\u0027 times","floor":11.0,"gold_loss":0.0,"damage_taken":0.0,"relics_obtained":["Smiling Mask"]}],"is_beta":false,"boss_relics":[],"items_purged_floors":[3],"is_endless":false,"potions_floor_spawned":[1,6,7],"killed_by":"Hexaghost","ascension_level":12}}