{"host":"p9jk0mlyvhgdzcz4","time":1611107286,"event":{"mods":["BaseMod","Colored Map","Minty Spire (QoL Compilation)","Quick Restart","Slay the Streamer","SuperFastMode"],"gold_per_floor":[119,119,131,131,142,142,156,167,167,167,192,192,192,204,220,220,315,315,325,325,341,359,274,274,274,274,274,274,309,11,29,29,129,129,129,129],"floor_reached":35,"language":"ENG","playtime":1441,"items_purged":[],"score":257,"play_id":"7fdb2a7d-b050-477d-94e4-8475a36f3b2b","local_time":"20210119194806","is_ascension_mode":false,"campfire_choices":[{"data":"Leap","floor":6,"key":"SMITH"},{"data":"Loop","floor":13,"key":"SMITH"},{"floor":16,"key":"REST"},{"floor":24,"key":"REST"},{"floor":32,"key":"REST"},{"floor":34,"key":"REST"}],"circlet_count":0,"master_deck":["FTL","Glacier","Auto Shields+1","Ball Lightning","Leap+1","Leap","Cold Snap","Sweeping Beam","Defragment","White Noise+1","Thunder Strike","Storm+1","Ball Lightning","Redo","Sweeping Beam","Loop+1","Recycle","Barrage","Machine Learning","Compile Driver","Darkness","Ball Lightning+1","Writhe","Rebound","Coolheaded","Force Field"],"relics":["Cracked Core","Bottled Tornado","Darkstone Periapt","Philosopher\u0027s Stone","Pen Nib","Toy Ornithopter","StoneCalendar","Red Mask","Emotion Chip","Ginger","Shuriken"],"acts_visited":["Exordium","TheCity"],"potions_floor_usage":[21,35],"damage_taken":[{"damage":0,"enemies":"Cultist","floor":1,"turns":3},{"damage":0,"enemies":"Small Slimes","floor":3,"turns":3},{"damage":3,"enemies":"2 Louse","floor":5,"turns":2},{"damage":1,"enemies":"Blue Slaver","floor":7,"turns":3},{"damage":0,"enemies":"2 Fungi Beasts","floor":8,"turns":2},{"damage":5,"enemies":"Lagavulin","floor":11,"turns":6},{"damage":8,"enemies":"Looter","floor":14,"turns":2},{"damage":9,"enemies":"3 Louse","floor":15,"turns":2},{"damage":15,"enemies":"Hexaghost","floor":17,"turns":7},{"damage":0,"enemies":"Spheric Guardian","floor":19,"turns":3},{"damage":15,"enemies":"3 Byrds","floor":21,"turns":2},{"damage":15,"enemies":"Centurion and Healer","floor":22,"turns":3},{"damage":18,"enemies":"Masked Bandits","floor":29,"turns":4},{"damage":13,"enemies":"Snake Plant","floor":31,"turns":3},{"damage":17,"enemies":"Colosseum Slavers","floor":33,"turns":3},{"damage":13,"enemies":"Colosseum Nobs","floor":33,"turns":4},{"damage":57,"enemies":"Collector","floor":35,"turns":6}],"seed_played":"-2122261399646419043","potions_obtained":[{"floor":1,"key":"Dexterity Potion"},{"floor":7,"key":"SpeedPotion"},{"floor":11,"key":"Strength Potion"},{"floor":15,"key":"Explosive Potion"},{"floor":29,"key":"PotionOfCapacity"}],"is_trial":false,"path_per_floor":["M","?","M","?","M","R","M","M","T","T","E","?","R","M","M","R","B",null,"M","?","M","M","?","R","?","?","T","T","?","$","M","R","?","R","B"],"character_chosen":"DEFECT","items_purchased":["Emotion Chip"],"campfire_rested":4,"item_purchase_floors":[30],"current_hp_per_floor":[75,75,75,75,72,72,71,71,71,71,66,51,51,43,34,56,41,75,75,61,46,31,31,55,55,61,61,61,43,43,30,55,25,50,0,0],"gold":129,"neow_bonus":"ONE_RANDOM_RARE_CARD","is_daily":false,"chose_seed":false,"campfire_upgraded":2,"win_rate":0.0,"timestamp":1611107286,"path_taken":["M","?","M","?","M","R","?","M","T","E","?","R","M","M","R","BOSS","M","?","M","M","?","R","?","?","T","?","$","?","R","?","R","BOSS"],"items_purchased_type":["Relic"],"build_version":"2020-12-22","purchased_purges":0,"victory":false,"max_hp_per_floor":[75,75,75,75,75,75,75,75,75,75,75,75,75,75,75,75,75,75,75,80,80,80,80,80,80,86,86,86,86,86,86,86,86,86,86,86],"card_choices":[{"not_picked":["Chill","Leap"],"picked":"Storm","floor":1},{"not_picked":["Cold Snap","Barrage"],"picked":"Ball Lightning","floor":3},{"not_picked":["Rebound","Echo Form"],"picked":"Redo","floor":5},{"not_picked":["Streamline","Steam Power"],"picked":"Sweeping Beam","floor":7},{"not_picked":["Rebound","Streamline"],"picked":"Loop","floor":8},{"not_picked":["Genetic Algorithm","Turbo"],"picked":"Recycle","floor":14},{"not_picked":["Storm","Hologram"],"picked":"Barrage","floor":15},{"not_picked":["Seek","Buffer"],"picked":"Machine Learning","floor":17},{"not_picked":["Chaos","FTL"],"picked":"Compile Driver","floor":19},{"not_picked":["Undo","Heatsinks"],"picked":"Darkness","floor":21},{"not_picked":["Steam","Barrage"],"picked":"Ball Lightning+1","floor":22},{"not_picked":["Coolheaded","Stack"],"picked":"Rebound","floor":29},{"not_picked":["Redo+1","Cold Snap+1"],"picked":"Coolheaded","floor":31},{"not_picked":["Sweeping Beam","Undo"],"picked":"Force Field","floor":33}],"player_experience":15217,"relics_obtained":[{"floor":9,"key":"Bottled Tornado"},{"floor":11,"key":"Darkstone Periapt"},{"floor":27,"key":"StoneCalendar"},{"floor":29,"key":"Red Mask"},{"floor":33,"key":"Ginger"},{"floor":33,"key":"Shuriken"}],"event_choices":[{"damage_healed":0,"gold_gain":0,"player_choice":"Leave","damage_taken":0,"max_hp_gain":0,"max_hp_loss":0,"event_name":"The Cleric","floor":2,"gold_loss":0},{"damage_healed":0,"gold_gain":0,"player_choice":"Forge","damage_taken":0,"max_hp_gain":0,"max_hp_loss":0,"event_name":"Accursed Blacksmith","floor":4,"gold_loss":0,"cards_upgraded":["White Noise"]},{"damage_healed":0,"gold_gain":0,"player_choice":"Entered Light","damage_taken":15,"max_hp_gain":0,"max_hp_loss":0,"event_name":"Shining Light","floor":12,"gold_loss":0,"cards_upgraded":["Auto Shields","Storm"]},{"damage_healed":0,"gold_gain":0,"player_choice":"Shed Blood","damage_taken":19,"max_hp_gain":5,"max_hp_loss":0,"event_name":"Forgotten Altar","floor":20,"gold_loss":0},{"damage_healed":0,"gold_gain":0,"player_choice":"Obtained Relic","damage_taken":0,"relics_obtained":["Pen Nib"],"max_hp_gain":0,"max_hp_loss":0,"event_name":"Addict","floor":23,"gold_loss":85},{"damage_healed":0,"gold_gain":0,"player_choice":"Ignored","damage_taken":0,"max_hp_gain":0,"max_hp_loss":0,"event_name":"Vampires","floor":25,"gold_loss":0},{"damage_healed":0,"gold_gain":0,"player_choice":"Opened","damage_taken":0,"relics_obtained":["Toy Ornithopter"],"max_hp_gain":0,"max_hp_loss":0,"event_name":"The Mausoleum","floor":26,"gold_loss":0,"cards_obtained":["Writhe"]},{"damage_healed":0,"gold_gain":0,"player_choice":"Fought Bandits","damage_taken":0,"max_hp_gain":0,"max_hp_loss":0,"event_name":"Masked Bandits","floor":29,"gold_loss":0},{"damage_healed":0,"gold_gain":0,"player_choice":"Fight","damage_taken":0,"max_hp_gain":0,"max_hp_loss":0,"event_name":"Colosseum","floor":33,"gold_loss":0},{"damage_healed":0,"gold_gain":0,"player_choice":"Fought Nobs","damage_taken":0,"max_hp_gain":0,"max_hp_loss":0,"event_name":"Colosseum","floor":33,"gold_loss":0}],"is_beta":false,"boss_relics":[{"not_picked":["Cursed Key","Busted Crown"],"picked":"Philosopher\u0027s Stone"}],"items_purged_floors":[],"is_endless":false,"potions_floor_spawned":[1,7,11,14,15,19,29,31,33],"killed_by":"Collector","ascension_level":0}}