{"host":"adm2q5bvgv1mb6tu","time":1611170559,"event":{"mods":["AchievementEnabler","BaseMod","Bestiary","BetterRewards","Block Reminder","Colored Map","Colored Powertips","DeckTracker","Downfall","Highlight Path","Jorbs\u0027s Wanderer Trilogy","Minty Spire (QoL Compilation)","Quick Restart","Random Character Button","Random Character Mod","Rare Cards Sparkle","Relic Stats","Shop Mod","StSLib","Transform Curses"],"gold_per_floor":[117,91,106,82,93,118,118,132,132,132,132,147,163,177,177,280,280,292,292,304,314,326,326,326],"floor_reached":23,"language":"ENG","playtime":2411,"items_purged":[],"score":247,"play_id":"27bd468c-e7fe-46e0-9c1d-ad6697e08234","local_time":"20210120132239","is_ascension_mode":false,"campfire_choices":[{"data":"Feed","floor":7,"key":"SMITH"},{"floor":15,"key":"REST"}],"circlet_count":0,"master_deck":["Strike_R","Strike_R","Strike_R","Defend_R","Defend_R","Defend_R","Defend_R","Bash","Feed+1","Inflame","Iron Wave","Carnage","Thunderclap","Spot Weakness","Thunderclap","Double Tap","Armaments+1","Headbutt","Disarm+1","Impervious+1","Wild Strike+1","Shrug It Off+1","Dropkick+1","Seeing Red+1"],"relics":["Black Blood","Pear","Toxic Egg 2","GremlinMask"],"acts_visited":["Exordium","TheCity"],"potions_floor_usage":[6,12],"damage_taken":[{"damage":3,"enemies":"2 Louse","floor":1,"turns":3},{"damage":1,"enemies":"Cultist","floor":3,"turns":3},{"damage":10,"enemies":"Small Slimes","floor":5,"turns":3},{"damage":32,"enemies":"3 Sentries","floor":6,"turns":7},{"damage":11,"enemies":"Exordium Wildlife","floor":8,"turns":5},{"damage":11,"enemies":"Blue Slaver","floor":12,"turns":5},{"damage":9,"enemies":"Gremlin Gang","floor":13,"turns":5},{"damage":6,"enemies":"Exordium Wildlife","floor":14,"turns":4},{"damage":35,"enemies":"Slime Boss","floor":16,"turns":12},{"damage":30,"enemies":"3 Byrds","floor":18,"turns":8},{"damage":43,"enemies":"Spheric Guardian","floor":20,"turns":7},{"damage":14,"enemies":"Snecko","floor":21,"turns":4},{"damage":52,"enemies":"Chosen and Byrds","floor":22,"turns":10},{"damage":57,"enemies":"Slavers","floor":23,"turns":5}],"seed_played":"208409773755150582","potions_obtained":[{"floor":1,"key":"Strength Potion"},{"floor":5,"key":"SkillPotion"},{"floor":18,"key":"Strength Potion"}],"is_trial":false,"path_per_floor":["M","$","M","$","M","E","R","M","T","$","?","M","M","M","R","B",null,"M","?","M","M","M","E"],"character_chosen":"IRONCLAD","items_purchased":["Iron Wave","Thunderclap"],"campfire_rested":1,"item_purchase_floors":[2,4],"current_hp_per_floor":[83,83,86,86,85,72,72,71,71,71,71,66,67,71,105,80,118,104,104,77,79,43,0,0],"gold":326,"neow_bonus":"TRANSFORM_CARD","is_daily":false,"chose_seed":false,"campfire_upgraded":1,"win_rate":0.0,"timestamp":1611170559,"path_taken":["M","$","M","$","M","E","R","M","T","$","?","M","M","?","R","BOSS","M","?","M","?","M","E"],"items_purchased_type":["Card","Card"],"build_version":"2020-12-22","purchased_purges":0,"victory":false,"max_hp_per_floor":[83,83,86,86,89,102,102,106,106,106,106,106,110,114,114,118,118,122,122,126,130,134,134,134],"relic_stats":{"counters":[14,81],"Black Blood":94,"obtain_stats":[{"Pear":6,"Black Blood":17,"GremlinMask":11,"Toxic Egg 2":9,"Burning Blood":0},{"Pear":4,"Black Blood":9,"GremlinMask":5,"Toxic Egg 2":5,"Burning Blood":0},{"Pear":16,"Black Blood":47,"GremlinMask":21,"Toxic Egg 2":21,"Burning Blood":0}]},"card_choices":[{"not_picked":["Dropkick","Cleave"],"picked":"Inflame","floor":1},{"not_picked":["Spot Weakness","Pummel"],"picked":"Carnage","floor":3},{"not_picked":["Iron Wave","Body Slam"],"picked":"Spot Weakness","floor":5},{"not_picked":["Perfected Strike","Sword Boomerang"],"picked":"Thunderclap","floor":6},{"not_picked":["Shrug It Off","Warcry"],"picked":"Double Tap","floor":8},{"not_picked":["Sword Boomerang","Perfected Strike"],"picked":"Armaments+1","floor":12},{"not_picked":["Warcry+1","Whirlwind"],"picked":"Headbutt","floor":13},{"not_picked":["Heavy Blade","Rampage"],"picked":"Disarm+1","floor":14},{"not_picked":["Juggernaut","Brutality"],"picked":"Impervious+1","floor":16},{"not_picked":["Dropkick","Flex+1"],"picked":"Wild Strike+1","floor":18},{"not_picked":["Second Wind+1","Clash"],"picked":"Shrug It Off+1","floor":20},{"not_picked":["Flex+1","Heavy Blade"],"picked":"Dropkick+1","floor":21},{"not_picked":["Clash","Twin Strike+1"],"picked":"Seeing Red+1","floor":22}],"player_experience":109210,"relics_obtained":[{"floor":6,"key":"Pear"},{"floor":9,"key":"Toxic Egg 2"}],"event_choices":[{"damage_healed":0,"gold_gain":0,"player_choice":"Trade","damage_taken":0,"relics_obtained":["GremlinMask"],"max_hp_gain":0,"max_hp_loss":0,"event_name":"FaceTrader","floor":11,"gold_loss":0},{"cards_removed":["Strike_R"],"damage_healed":0,"gold_gain":0,"player_choice":"Card Removal","damage_taken":0,"max_hp_gain":0,"max_hp_loss":0,"event_name":"Wheel of Change","floor":19,"gold_loss":0}],"is_beta":false,"boss_relics":[{"not_picked":["Busted Crown","Cursed Key"],"picked":"Black Blood"}],"items_purged_floors":[],"is_endless":false,"potions_floor_spawned":[1,5,18],"killed_by":"Slavers","ascension_level":0}}