{"host":"ledycoij8zqi3nor","time":1611165926,"event":{"mods":["Act Like it!","Aspiration","BaseMod","Bestiary","Better Altar","Better Match","Better Note","Better Skull","Better Third Choice","Better Vampires","BetterRewards","CapriCore","Conspire","Downfall","Gensokyo","Hallownest","Hubris","Infinite Spire","Koishi","Minty Spire (QoL Compilation)","Relic Stats","Remilia??????","Spicy Shops","Spikes Relics","StSLib","The Bug Knight","The Factory","The Immortal","The Jungle","The Servant 0.9.4","TheBandit","Trackpad","Waifu the Spire","vexMod"],"gold_per_floor":[99,99,99,99,99,99,99,99],"floor_reached":6,"language":"ENG","playtime":136,"items_purged":[],"score":30,"play_id":"d963c419-53ff-438a-b028-4f2d186f8521","local_time":"20210120180526","is_ascension_mode":false,"campfire_choices":[{"floor":1,"key":"RECALL"}],"circlet_count":0,"master_deck":["hexamod:Strike","hexamod:Strike","hexamod:Strike","hexamod:Strike","hexamod:Defend","hexamod:Defend","hexamod:Defend","hexamod:Defend","hexamod:Sear","hexamod:Float","hexamod:FlamesFromBeyond","hexamod:FastForward","hexamod:ChargedBarrage+1"],"relics":["hexamod:SpiritBrand","downfall:HeartsMalice"],"acts_visited":["Exordium"],"potions_floor_usage":[],"damage_taken":[{"damage":0,"enemies":"Jaw Worm","floor":2,"turns":1},{"damage":0,"enemies":"Small Slimes","floor":3,"turns":1},{"damage":0,"enemies":"2 Louse","floor":4,"turns":1},{"damage":8,"enemies":"3 Sentries","floor":6,"turns":4}],"seed_played":"-7261515806788354423","potions_obtained":[],"is_trial":false,"path_per_floor":["R","M","M","M","?","E"],"character_chosen":"THE_SPIRIT","items_purchased":[],"campfire_rested":0,"item_purchase_floors":[],"current_hp_per_floor":[70,70,70,70,70,62,62,62],"gold":99,"neow_bonus":"THREE_ENEMY_KILL","is_daily":false,"chose_seed":false,"campfire_upgraded":0,"win_rate":0.0,"timestamp":1611165926,"path_taken":["R","M","M","M","?","E"],"items_purchased_type":[],"build_version":"2020-12-22","purchased_purges":0,"victory":false,"max_hp_per_floor":[70,70,70,70,70,70,70,70],"relic_stats":{"counters":[4,4],"obtain_stats":[{"downfall:HeartsMalice":0,"hexamod:SpiritBrand":0},{"downfall:HeartsMalice":0,"hexamod:SpiritBrand":0},{"downfall:HeartsMalice":0,"hexamod:SpiritBrand":0}]},"card_choices":[{"not_picked":["hexamod:NightmareGuise","hexamod:SpectersWail"],"picked":"hexamod:FlamesFromBeyond","floor":2},{"not_picked":["hexamod:ThermalTransfer","hexamod:Firestarter"],"picked":"hexamod:FastForward","floor":3},{"not_picked":["hexamod:FlamesFromBeyond","hexamod:GhostShield"],"picked":"hexamod:ChargedBarrage","floor":4}],"player_experience":429551,"relics_obtained":[],"event_choices":[],"is_beta":false,"boss_relics":[],"items_purged_floors":[],"is_endless":false,"potions_floor_spawned":[],"killed_by":"3 Sentries","ascension_level":0}}