{"host":"fc97bmrl7qvj4ruk","time":1611102767,"event":{"mods":["AchievementEnabler","BaseMod","Colored Map","Downfall","Minty Spire (QoL Compilation)","StSLib"],"gold_per_floor":[99,119,137,137,154,154,154,53,84,84,104,137,137,153,168,267,267,67,83,96,96,113,143,143,168,7,17,34,54,54,70,84,181,181,81,96,191,208,219,219,219,219,246,246,272,282,56,70,87,87],"floor_reached":51,"language":"ZHS","playtime":7024,"items_purged":["Pride"],"score":1190,"play_id":"f7b8cde6-8026-4841-bb7b-4f77c24b18ae","local_time":"20210119203247","is_ascension_mode":false,"campfire_choices":[{"floor":1.0,"key":"RECALL"},{"data":"champ:Duel","floor":6.0,"key":"SMITH"},{"data":"champ:Taunt","floor":18.0,"key":"SMITH"},{"data":"champ:Backstep","floor":35.0,"key":"SMITH"},{"data":"champ:StanceDance","floor":44.0,"key":"SMITH"}],"circlet_count":0,"master_deck":["champ:Strike","champ:Strike","champ:Strike","champ:Strike","champ:Defend","champ:Defend","champ:Defend","champ:Defend","champ:Execute","champ:Taunt+1","champ:BladeFlurry","champ:FaceSlap","champ:Duel+1","champ:GladiatorStyle+1","champ:Backstep+1","champ:LastStand+1","champ:CrownThrow","champ:StanceDance+1","champ:CrownThrow","champ:GutPunch","champ:StrikeOfGenius+1","champ:StanceDance+1","champ:ShieldSlam","champ:IronFortress+1","champ:ArenaPreparation","champ:FlashCut+1","champ:HoldFirm","champ:FaceSlap+1","champ:CheapShot+1","champ:GutPunch+1","champ:Duel+1","champ:Improvising+1","champ:Devastate+1","champ:ShieldSlam+1","champ:StrikeOfGenius+1","champ:EndlessRage+1","champ:EnGarde+1","expansioncontent:AwakenDeath+1","expansioncontent:AwakenDeath+1","champ:GutPunch+1","champ:IronFortress+1","champ:RecklessLeap+1","champ:IronFortress+1","champ:FanOfKnives+1","champ:StanceDance+1","champ:CheapShot+1","champ:FlashCut+1","champ:CrownThrow+1","champ:RisingSlash+1","champ:StrikeOfGenius+1"],"relics":["Philosopher\u0027s Stone","Frozen Egg 2","Blood Vial","Darkstone Periapt","Question Card","downfall:ShatteredFragment","SlaversCollar","downfall:HeartBlessingRed","downfall:HeartBlessingBlue","Anchor","Regal Pillow","Molten Egg 2","Omamori","champ:GladiatorsBookOfMartialProwess","Calling Bell","Bag of Marbles","Lizard Tail","Matryoshka","downfall:HeartBlessingGreen","Vajra","Bag of Preparation","Meat on the Bone","Eternal Feather","Boot","Orrery"],"acts_visited":["Exordium","TheCity","TheBeyond","TheEnding"],"potions_floor_usage":[50,50,50],"damage_taken":[{"damage":22.0,"enemies":"Cultist","floor":2.0,"turns":4.0},{"damage":10.0,"enemies":"2 Louse","floor":3.0,"turns":2.0},{"damage":4.0,"enemies":"Small Slimes","floor":5.0,"turns":3.0},{"damage":25.0,"enemies":"downfall:FleeingMerchant","floor":8.0,"turns":4.0},{"damage":10.0,"enemies":"Gremlin Nob","floor":9.0,"turns":3.0},{"damage":19.0,"enemies":"Blue Slaver","floor":11.0,"turns":3.0},{"damage":25.0,"enemies":"3 Sentries","floor":12.0,"turns":7.0},{"damage":0.0,"enemies":"2 Fungi Beasts","floor":14.0,"turns":2.0},{"damage":3.0,"enemies":"Blue Slaver","floor":15.0,"turns":3.0},{"damage":18.0,"enemies":"SI_SHIV_ARCHETYPE","floor":16.0,"turns":5.0},{"damage":10.0,"enemies":"Chosen","floor":19.0,"turns":3.0},{"damage":20.0,"enemies":"Snake Plant","floor":20.0,"turns":4.0},{"damage":54.0,"enemies":"Sentry and Sphere","floor":22.0,"turns":4.0},{"damage":25.0,"enemies":"Book of Stabbing","floor":23.0,"turns":5.0},{"damage":17.0,"enemies":"Gremlin Leader","floor":25.0,"turns":4.0},{"damage":25.0,"enemies":"downfall:FleeingMerchant","floor":26.0,"turns":4.0},{"damage":0.0,"enemies":"Chosen and Byrds","floor":27.0,"turns":5.0},{"damage":25.0,"enemies":"Cultist and Chosen","floor":28.0,"turns":4.0},{"damage":5.0,"enemies":"Snake Plant","floor":29.0,"turns":3.0},{"damage":10.0,"enemies":"Snecko","floor":31.0,"turns":3.0},{"damage":21.0,"enemies":"3 Cultists","floor":32.0,"turns":5.0},{"damage":48.0,"enemies":"DF_ARCHETYPE_CLAW","floor":33.0,"turns":6.0},{"damage":6.0,"enemies":"Orb Walker","floor":36.0,"turns":3.0},{"damage":5.0,"enemies":"downfall:FleeingMerchant","floor":37.0,"turns":2.0},{"damage":21.0,"enemies":"3 Darklings","floor":38.0,"turns":4.0},{"damage":27.0,"enemies":"Transient","floor":39.0,"turns":5.0},{"damage":40.0,"enemies":"Giant Head","floor":43.0,"turns":5.0},{"damage":10.0,"enemies":"Reptomancer","floor":45.0,"turns":5.0},{"damage":10,"enemies":"4 Shapes","floor":46,"turns":3},{"damage":30,"enemies":"Spire Growth","floor":48,"turns":4},{"damage":25,"enemies":"3 Darklings","floor":49,"turns":2},{"damage":65,"enemies":"WA_ARCHETYPE_DIVINITY","floor":50,"turns":9}],"seed_played":"-3701355266417426786","potions_obtained":[{"floor":5.0,"key":"DuplicationPotion"},{"floor":9.0,"key":"PowerPotion"},{"floor":12.0,"key":"PowerPotion"},{"floor":16.0,"key":"Fire Potion"},{"floor":22.0,"key":"champ:OpenerPotion"},{"floor":23.0,"key":"FearPotion"},{"floor":27.0,"key":"Guardian:BlockOnCardUsePotion"},{"floor":28.0,"key":"champ:OpenerPotion"},{"floor":33.0,"key":"AttackPotion"},{"floor":38.0,"key":"champ:OpenerPotion"},{"floor":39.0,"key":"Strength Potion"},{"floor":45,"key":"Fire Potion"}],"is_trial":false,"path_per_floor":["R","M","M","T","M","R","T","$","E","?","M","E","?","M","M","B",null,"R","M","M","?","M","E","T","E","$","M","M","M","?","M","M","B",null,"R","M","$","M","M","?","T","?","E","R","E","M","$","M","M","B",null],"character_chosen":"THE_CHAMP","items_purchased":["champ:GladiatorStyle+1","champ:Backstep","champ:HoldFirm","Vajra","champ:EndlessRage+1","champ:IronFortress+1","Orrery"],"campfire_rested":0,"item_purchase_floors":[8,8,26,37,37,47,47],"current_hp_per_floor":[90,88,88,88,84,84,84,79,79,76,69,61,34,36,35,29,90,100,100,90,96,79,66,66,61,63,65,67,69,69,71,62,51,106,106,105,106,105,99,99,99,94,96,106,106,106,106,91,93,65],"gold":87,"neow_bonus":"BOSS_RELIC","is_daily":false,"chose_seed":false,"campfire_upgraded":4,"win_rate":0.0,"timestamp":1611102767,"path_taken":["R","M","M","?","M","R","T","$","E","?","M","E","?","M","M","BOSS","R","M","M","?","M","E","T","E","$","M","M","M","?","M","M","BOSS","R","M","$","M","M","?","T","?","E","R","E","M","$","M","M","BOSS"],"items_purchased_type":["Card","Card","Card","Relic","Card","Card","Relic"],"build_version":"2020-12-22","purchased_purges":1,"victory":true,"max_hp_per_floor":[90,90,90,90,90,90,90,90,90,90,90,90,90,90,90,90,90,100,100,100,106,106,106,106,106,106,106,106,106,106,106,106,106,106,106,106,106,106,106,106,106,106,106,106,106,106,106,106,106,106],"card_choices":[{"not_picked":["champ:CrownThrow","champ:HeartStrike"],"picked":"champ:BladeFlurry","floor":2.0},{"not_picked":["champ:CrookedStrike","champ:SkillfulDodge"],"picked":"champ:FaceSlap","floor":3.0},{"not_picked":["champ:Lariat","champ:EnGarde"],"picked":"champ:Duel","floor":5.0},{"not_picked":["champ:Parry","champ:Haymaker","champ:HeartStrike"],"picked":"SKIP","floor":8.0},{"not_picked":["champ:DeathBlow","champ:Haymaker"],"picked":"champ:LastStand+1","floor":9.0},{"not_picked":["champ:FaceSlap","champ:FocusedDefense"],"picked":"champ:CrownThrow","floor":11.0},{"not_picked":["champ:RecklessLeap","champ:CrookedStrike"],"picked":"champ:StanceDance","floor":12.0},{"not_picked":["champ:Circumvent","champ:GladiatorStyle+1","champ:DefensiveShout"],"picked":"champ:CrownThrow","floor":14.0},{"not_picked":["champ:TornadoPunch","champ:RapidStrikes","champ:AdrenalArmor"],"picked":"champ:GutPunch","floor":15.0},{"not_picked":["champ:DancingMaster+1","champ:VampiricStrike","champ:SteelEdge"],"picked":"champ:StrikeOfGenius+1","floor":16.0},{"not_picked":["champ:Backstep","champ:AdrenalArmor+1","champ:EnragedBash"],"picked":"champ:BringItOn","floor":19.0},{"not_picked":["champ:Endure","champ:SetATrap+1","champ:FanOfKnives"],"picked":"champ:StanceDance+1","floor":20.0},{"not_picked":["champ:FaceSlap","champ:CrownThrow","champ:BladeFlurry"],"picked":"champ:ShieldSlam","floor":22.0},{"not_picked":["champ:Shatter","champ:HeartStrike","champ:EndlessRage+1"],"picked":"champ:IronFortress+1","floor":23.0},{"not_picked":["champ:Haymaker+1","champ:Shatter+1","champ:TornadoPunch+1"],"picked":"champ:ArenaPreparation","floor":25.0},{"not_picked":["champ:FaceSlap+1","champ:Backstep+1","champ:CrookedStrike+1"],"picked":"champ:FlashCut+1","floor":26.0},{"not_picked":["champ:SkillfulDodge","champ:CrookedStrike+1","champ:TornadoPunch+1"],"picked":"champ:FaceSlap+1","floor":27.0},{"not_picked":["champ:Circumvent","champ:TornadoPunch+1","champ:CrownThrow+1"],"picked":"champ:CheapShot+1","floor":28.0},{"not_picked":["champ:DeathBlow+1","champ:IronFortress+1","champ:Encircle+1"],"picked":"champ:GutPunch+1","floor":29.0},{"not_picked":["champ:StanceDance","champ:AdrenalArmor","champ:BladeFlurry+1"],"picked":"champ:Duel+1","floor":31.0},{"not_picked":["champ:BringItOn","champ:FalseCounter","champ:Backstep"],"picked":"champ:Improvising+1","floor":32.0},{"not_picked":["champ:IgnorePain","champ:DancingMaster+1","champ:CheapShot+1"],"picked":"champ:Devastate+1","floor":33.0},{"not_picked":["champ:ArenaPreparation+1","champ:BladeFlurry+1","champ:EnGarde+1"],"picked":"champ:ShieldSlam+1","floor":36.0},{"not_picked":["champ:CalledShot","champ:Parry+1","champ:DancingMaster+1"],"picked":"champ:StrikeOfGenius+1","floor":37.0},{"not_picked":["champ:Shatter+1","champ:RisingSlash+1","champ:StanceDance","champ:Haymaker+1"],"picked":"SKIP","floor":38.0},{"not_picked":["champ:BringItOn","champ:Parry","champ:TornadoPunch+1"],"picked":"champ:EnGarde+1","floor":39.0},{"not_picked":["expansioncontent:HyperBeam+1","expansioncontent:PolyBeam+1","expansioncontent:YouAreMine"],"picked":"expansioncontent:AwakenDeath+1","floor":42.0},{"not_picked":["expansioncontent:PolyBeam+1","expansioncontent:Hexaburn+1","expansioncontent:PrepareCrush"],"picked":"expansioncontent:AwakenDeath+1","floor":42.0},{"not_picked":["champ:TornadoPunch+1","champ:EnGarde","champ:HeartStrike+1"],"picked":"champ:GutPunch+1","floor":43.0},{"not_picked":["champ:Backstep","champ:EnGarde+1","champ:Shatter+1"],"picked":"champ:IronFortress+1","floor":45},{"not_picked":["champ:BringItOn+1","champ:Haymaker+1","champ:TornadoPunch+1"],"picked":"champ:RecklessLeap+1","floor":46},{"not_picked":["champ:TornadoPunch+1","champ:SetATrap+1","champ:DeathBlow+1"],"picked":"champ:FanOfKnives+1","floor":47},{"not_picked":["champ:RecklessLeap+1","champ:BringItOn+1","champ:Parry"],"picked":"champ:StanceDance+1","floor":47},{"not_picked":["champ:TornadoPunch+1","champ:SetATrap","champ:IronFortress+1"],"picked":"champ:CheapShot+1","floor":47},{"not_picked":["champ:DefensiveShout","champ:TornadoPunch+1","champ:MurderStrike+1"],"picked":"champ:FlashCut+1","floor":47},{"not_picked":["champ:StanceDance","champ:FanOfKnives+1","champ:RecklessLeap+1"],"picked":"champ:CrownThrow+1","floor":47},{"not_picked":["champ:StanceDance","champ:PerfectedStrike+1","champ:TornadoPunch+1"],"picked":"champ:RisingSlash+1","floor":48},{"not_picked":["champ:EnGarde","champ:FanOfKnives+1","champ:Duel+1"],"picked":"champ:StrikeOfGenius+1","floor":49}],"player_experience":184658,"relics_obtained":[{"floor":4.0,"key":"Frozen Egg 2"},{"floor":9.0,"key":"Blood Vial"},{"floor":12.0,"key":"Question Card"},{"floor":23.0,"key":"Regal Pillow"},{"floor":24.0,"key":"Molten Egg 2"},{"floor":25.0,"key":"Omamori"},{"floor":34.0,"key":"Bag of Marbles"},{"floor":34.0,"key":"Lizard Tail"},{"floor":34.0,"key":"Matryoshka"},{"floor":41.0,"key":"Bag of Preparation"},{"floor":41.0,"key":"Meat on the Bone"},{"floor":43.0,"key":"Eternal Feather"},{"floor":45,"key":"Boot"}],"event_choices":[{"damage_healed":0.0,"max_hp_gain":0.0,"max_hp_loss":0.0,"gold_gain":0.0,"event_name":"Scrap Ooze","player_choice":"Success","floor":10.0,"gold_loss":0.0,"damage_taken":3.0,"relics_obtained":["Darkstone Periapt"]},{"damage_healed":0.0,"max_hp_gain":0.0,"max_hp_loss":0.0,"gold_gain":0.0,"event_name":"Addict","player_choice":"Stole Relic","floor":21.0,"gold_loss":0.0,"damage_taken":0.0,"relics_obtained":["Anchor"],"cards_obtained":["Pride"]},{"cards_removed":["champ:BringItOn"],"damage_healed":0.0,"max_hp_gain":0.0,"max_hp_loss":0.0,"gold_gain":0.0,"event_name":"Falling","player_choice":"Removed Skill","floor":40.0,"gold_loss":0.0,"damage_taken":0.0}],"is_beta":false,"boss_relics":[{"not_picked":["Snecko Eye","Busted Crown"],"picked":"SlaversCollar"},{"not_picked":["SacredBark","Tiny House"],"picked":"Calling Bell"}],"items_purged_floors":[26],"is_endless":false,"potions_floor_spawned":[5,9,12,15,16,22,23,27,28,33,38,39,45,46,48],"ascension_level":0}}