{"host":"p9jk0mlyvhgdzcz4","time":1611110012,"event":{"mods":["BaseMod","Colored Map","Minty Spire (QoL Compilation)","Quick Restart","Slay the Streamer","SuperFastMode"],"gold_per_floor":[114,114,129,204,204,204,229,252,252,252,252,265,50,50,63,63,192,192,211,235,235,150,164,164,177,177,252,252,252,266,266,266,286,286,407,407,431,431,431,242,258,258,283,283,310,310,14,14,14,27,46,46,46],"floor_reached":54,"language":"ENG","playtime":2707,"items_purged":["Fission"],"score":629,"play_id":"fe20aaa9-bdef-49bd-82d9-fbd5e24626d6","local_time":"20210119203332","is_ascension_mode":false,"campfire_choices":[{"floor":6,"key":"REST"},{"data":"Creative AI","floor":11,"key":"SMITH"},{"floor":14,"key":"REST"},{"data":"Static Discharge","floor":16,"key":"SMITH"},{"floor":24,"key":"REST"},{"floor":26,"key":"REST"},{"floor":32,"key":"REST"},{"floor":34,"key":"REST"},{"floor":42,"key":"RECALL"},{"floor":44,"key":"REST"},{"floor":49,"key":"REST"},{"floor":52,"key":"REST"}],"circlet_count":0,"master_deck":["Loop","Conserve Battery","Cold Snap","Cold Snap","Static Discharge+1","Creative AI+1","Conserve Battery","Ball Lightning","Cold Snap","Conserve Battery","Go for the Eyes","Melter","Reinforced Body","Sunder","Self Repair","Turbo","Thunder Strike","Blizzard+1","Coolheaded+1","Static Discharge+1","Sweeping Beam","Go for the Eyes+1","Enlightenment","Loop","Creative AI+1","Fusion+1","Turbo+1","Apotheosis","Stack","Madness","Madness","Gash+1","Hologram"],"relics":["SacredBark","Golden Idol","Sundial","Runic Capacitor","Inserter","Centennial Puzzle","Bottled Flame","Fusion Hammer","DollysMirror","Bronze Scales"],"acts_visited":["Exordium","TheCity","TheBeyond"],"potions_floor_usage":[35,35,35,53,53,53],"damage_taken":[{"damage":0,"enemies":"Jaw Worm","floor":1,"turns":3},{"damage":0,"enemies":"2 Louse","floor":3,"turns":3},{"damage":0,"enemies":"Small Slimes","floor":7,"turns":4},{"damage":8,"enemies":"Exordium Thugs","floor":8,"turns":4},{"damage":11,"enemies":"Exordium Wildlife","floor":12,"turns":5},{"damage":0,"enemies":"2 Fungi Beasts","floor":15,"turns":5},{"damage":42,"enemies":"The Guardian","floor":17,"turns":9},{"damage":18,"enemies":"Chosen","floor":19,"turns":6},{"damage":36,"enemies":"2 Thieves","floor":20,"turns":4},{"damage":12,"enemies":"3 Cultists","floor":23,"turns":6},{"damage":31,"enemies":"Shelled Parasite and Fungi","floor":25,"turns":5},{"damage":27,"enemies":"Snake Plant","floor":30,"turns":4},{"damage":32,"enemies":"Cultist and Chosen","floor":33,"turns":5},{"damage":35,"enemies":"Champ","floor":35,"turns":11},{"damage":13,"enemies":"3 Darklings","floor":37,"turns":5},{"damage":0,"enemies":"3 Shapes","floor":41,"turns":8},{"damage":19,"enemies":"Sphere and 2 Shapes","floor":43,"turns":5},{"damage":48,"enemies":"4 Shapes","floor":50,"turns":6},{"damage":10,"enemies":"Spire Growth","floor":51,"turns":7},{"damage":47,"enemies":"Time Eater","floor":53,"turns":8}],"seed_played":"-7313091302891007957","potions_obtained":[{"floor":12,"key":"SteroidPotion"},{"floor":19,"key":"Weak Potion"},{"floor":25,"key":"AttackPotion"},{"floor":35,"key":"Weak Potion"},{"floor":37,"key":"PowerPotion"},{"floor":50,"key":"EssenceOfSteel"}],"is_trial":false,"path_per_floor":["M","?","M","?","?","R","M","M","T","T","R","M","$","R","M","R","B",null,"M","M","?","?","M","R","M","R","T","T","?","M","?","R","M","R","B",null,"M","?","?","$","M","R","M","R","T","T","$","?","R","M","M","R","B",null],"character_chosen":"DEFECT","items_purchased":["Runic Capacitor","Self Repair","Loop","DollysMirror","Apotheosis","Stack"],"campfire_rested":9,"item_purchase_floors":[13,13,40,40,47,47],"current_hp_per_floor":[75,75,75,64,46,68,68,60,60,60,60,49,49,71,75,75,40,75,64,28,28,28,23,45,21,43,43,43,43,23,28,50,25,47,12,75,69,69,69,69,75,75,63,75,75,75,75,66,75,34,34,56,16],"gold":46,"neow_bonus":"BOSS_RELIC","is_daily":false,"chose_seed":false,"campfire_upgraded":2,"win_rate":0.0,"timestamp":1611110012,"path_taken":["M","?","M","?","?","R","M","M","T","R","M","$","R","M","R","BOSS","M","M","?","?","M","R","M","R","T","?","M","?","R","M","R","BOSS","M","?","?","$","M","R","M","R","T","$","?","R","M","M","R","BOSS"],"items_purchased_type":["Relic","Card","Card","Relic","Card","Card"],"build_version":"2020-12-22","purchased_purges":1,"victory":true,"max_hp_per_floor":[75,75,75,75,75,75,75,75,75,75,75,75,75,75,75,75,75,75,75,75,75,75,75,75,75,75,75,75,75,75,75,75,75,75,75,75,75,75,75,75,75,75,75,75,75,75,75,75,75,75,75,75,75],"card_choices":[{"not_picked":["Doom and Gloom","Hologram"],"picked":"Gash","floor":1},{"not_picked":["Rebound","Hologram"],"picked":"Go for the Eyes","floor":3},{"not_picked":["Beam Cell","Steam Power"],"picked":"Melter","floor":7},{"not_picked":["Storm","Steam"],"picked":"Reinforced Body","floor":8},{"not_picked":["Hologram","Loop"],"picked":"Sunder","floor":12},{"not_picked":["Barrage","Sweeping Beam"],"picked":"Turbo","floor":15},{"not_picked":["Seek","Fission"],"picked":"Thunder Strike","floor":17},{"not_picked":["Ball Lightning","Turbo+1"],"picked":"Blizzard+1","floor":19},{"not_picked":["FTL","Go for the Eyes"],"picked":"Coolheaded+1","floor":20},{"not_picked":["Blizzard","Cold Snap+1"],"picked":"Steam","floor":23},{"not_picked":["Steam Power","Barrage+1"],"picked":"Static Discharge+1","floor":25},{"not_picked":["Steam","Gash"],"picked":"Sweeping Beam","floor":30},{"not_picked":["Creative AI","Biased Cognition"],"picked":"Fission","floor":35},{"not_picked":["Steam","Beam Cell+1"],"picked":"Go for the Eyes+1","floor":37},{"not_picked":["PanicButton","Sadistic Nature"],"picked":"Enlightenment","floor":38},{"not_picked":["Rebound+1","Leap"],"picked":"Fusion+1","floor":41},{"not_picked":["Leap","Lockon+1"],"picked":"Turbo+1","floor":43},{"not_picked":["Coolheaded+1","FTL"],"picked":"Gash+1","floor":50},{"not_picked":["Go for the Eyes","Conserve Battery"],"picked":"Hologram","floor":51}],"player_experience":15217,"relics_obtained":[{"floor":9,"key":"Sundial"},{"floor":27,"key":"Bottled Flame"},{"floor":45,"key":"Bronze Scales"}],"event_choices":[{"damage_healed":0,"gold_gain":0,"player_choice":"Ignored","damage_taken":0,"max_hp_gain":0,"max_hp_loss":0,"event_name":"Liars Game","floor":2,"gold_loss":0},{"damage_healed":0,"gold_gain":75,"player_choice":"Gather Gold","damage_taken":11,"max_hp_gain":0,"max_hp_loss":0,"event_name":"World of Goop","floor":4,"gold_loss":0},{"damage_healed":0,"gold_gain":0,"player_choice":"Take Damage","damage_taken":18,"relics_obtained":["Golden Idol"],"max_hp_gain":0,"max_hp_loss":0,"event_name":"Golden Idol","floor":5,"gold_loss":0},{"damage_healed":0,"gold_gain":0,"player_choice":"Ignored","damage_taken":0,"max_hp_gain":0,"max_hp_loss":0,"event_name":"Cursed Tome","floor":21,"gold_loss":0},{"damage_healed":0,"gold_gain":0,"player_choice":"Obtained Relic","damage_taken":0,"relics_obtained":["Centennial Puzzle"],"max_hp_gain":0,"max_hp_loss":0,"event_name":"Addict","floor":22,"gold_loss":85},{"cards_removed":["Gash"],"damage_healed":0,"gold_gain":0,"player_choice":"Elegance","damage_taken":0,"max_hp_gain":0,"max_hp_loss":0,"event_name":"Back to Basics","floor":29,"gold_loss":0},{"cards_removed":["Steam"],"damage_healed":5,"gold_gain":0,"player_choice":"Offered Common","damage_taken":0,"max_hp_gain":0,"max_hp_loss":0,"event_name":"Bonfire Elementals","floor":31,"gold_loss":0},{"cards_removed":["Steam"],"damage_healed":5,"gold_gain":0,"player_choice":"Offered Special","damage_taken":0,"max_hp_gain":0,"max_hp_loss":0,"event_name":"Bonfire Elementals","floor":31,"gold_loss":0},{"damage_healed":0,"gold_gain":0,"player_choice":"Memory 1","damage_taken":0,"max_hp_gain":0,"max_hp_loss":0,"event_name":"SensoryStone","floor":38,"gold_loss":0},{"damage_healed":0,"gold_gain":0,"player_choice":"Ignored","damage_taken":0,"max_hp_gain":0,"max_hp_loss":0,"event_name":"Tomb of Lord Red Mask","floor":39,"gold_loss":0},{"damage_healed":0,"gold_gain":0,"player_choice":"Embrace Madness","damage_taken":9,"max_hp_gain":0,"max_hp_loss":0,"event_name":"Winding Halls","floor":48,"gold_loss":0,"cards_obtained":["Madness","Madness"]}],"is_beta":false,"boss_relics":[{"not_picked":["Velvet Choker","Nuclear Battery"],"picked":"Inserter"},{"not_picked":["Runic Dome","Cursed Key"],"picked":"Fusion Hammer"}],"items_purged_floors":[47],"is_endless":false,"potions_floor_spawned":[12,19,25,30,35,37,50],"ascension_level":0}}