{"host":"fc97bmrl7qvj4ruk","time":1611172252,"event":{"mods":["AchievementEnabler","Act Like it!","BaseMod","Colored Map","Gensokyo","GifTheSpireLib","Hermit","Minty Spire (QoL Compilation)","Replay The Spire","Robot Space Explorer","StSLib","The Hayseed"],"gold_per_floor":[112,187,201,201,376,402,419,451,505,9,9,9,21,47,47,142,142,157,172,172,250,269,269,279,279,305,305,337,348,389,416,416,521,521,545,602,22,43,0,38,38,74,74,95,151,169,169,169,169,169],"floor_reached":51,"language":"ZHS","playtime":4696,"items_purged":["Doubt"],"score":1138,"play_id":"6b5ac66d-e548-448f-926b-85457b2b55b2","local_time":"20210120155052","is_ascension_mode":false,"campfire_choices":[{"data":"hermit:CursedWeapon","floor":11.0,"key":"SMITH"},{"data":"hermit:Determination","floor":15.0,"key":"SMITH"},{"data":"Berserk","floor":27,"key":"SMITH"},{"data":"hermit:Gestalt","floor":32,"key":"SMITH"},{"data":"Writhe","floor":49,"key":"PURGE"}],"circlet_count":0,"master_deck":["hermit:Strike_Hermit","hermit:Strike_Hermit","hermit:Strike_Hermit","hermit:Strike_Hermit","hermit:Defend_Hermit","hermit:Defend_Hermit","hermit:Defend_Hermit","hermit:Defend_Hermit","hermit:Snapshot","hermit:Covet","hermit:Deadeye","hermit:CursedWeapon+1","hermit:Gestalt+1","hermit:HighCaliber","hermit:ShadowCloak","hermit:Determination+1","ThirdEye","FollowUp","Berserk+1","CutThroughFate","ReplayTheSpireMod:Strike From Hell+1","Exhume","Rage+1","CrushJoints+1","hermit:Scavenge+1","Pot Of Greed","Pot Of Greed","Pot Of Greed","Gensokyo:Dawn","Malaise","Cold Snap+1","Flying Knee+1","hermit:FlashPowder","hermit:RoundhouseKick","hermit:ShadowCloak","RobotSpaceExplorer:Calculate+1","Cleave+1","Panache","ReplayTheSpireMod:Splinters","Pot Of Greed","Panic Button","RobotSpaceExplorer:FreezeRay+1","RobotSpaceExplorer:ExhaustFan","TheSimpletonMod:Photosynthesis","Streamline+1","ReplayUltimateDefense","Midas Touch","Mayhem"],"relics":["hermit:Momento","NeowsBlessing","Anchor","Eternal Feather","Replay:WaspNest","Pen Nib","Happy Flower","ReplayTheSpireMod:Lightbulb","PrismaticShard","Bottled Tornado","Replay:Ancient Bell","ReplayFunnel","The Courier","TungstenRod","Mummified Hand","MealTicket","Blood Vial","Grinning Jar","Cursed Key","Peace Pipe","Chemical X","Prayer Wheel","Red Mask","Simple Rune","ReplayTheSpireMod:Shallot","Nunchaku","Iron Hammer","Lizard Tail","Ring of Misfortune","ReplayTheSpireMod:Ring of Collecting"],"acts_visited":["Exordium","TheCity","TheBeyond"],"potions_floor_usage":[28,28,29,33,45,50,50],"damage_taken":[{"damage":0.0,"enemies":"Jaw Worm","floor":1.0,"turns":1.0},{"damage":0.0,"enemies":"2 Louse","floor":3.0,"turns":1.0},{"damage":2.0,"enemies":"Lagavulin","floor":6.0,"turns":1.0},{"damage":2.0,"enemies":"Small Slimes","floor":7.0,"turns":3.0},{"damage":13.0,"enemies":"Gremlin Nob","floor":8.0,"turns":5.0},{"damage":0.0,"enemies":"3 Louse","floor":13.0,"turns":2.0},{"damage":10.0,"enemies":"Replay:BlueRogue","floor":14.0,"turns":4.0},{"damage":29.0,"enemies":"The Guardian","floor":16.0,"turns":9.0},{"damage":4,"enemies":"Spheric Guardian","floor":18,"turns":4},{"damage":1,"enemies":"Chosen","floor":19,"turns":3},{"damage":3,"enemies":"Sentry and Sphere","floor":22,"turns":8},{"damage":7,"enemies":"Snake Plant","floor":24,"turns":2},{"damage":12,"enemies":"Slavers","floor":28,"turns":4},{"damage":2,"enemies":"Shelled Parasite and Fungi","floor":29,"turns":3},{"damage":5,"enemies":"Gremlin Leader","floor":30,"turns":6},{"damage":2,"enemies":"3 Cultists","floor":31,"turns":5},{"damage":16,"enemies":"Pondfish","floor":33,"turns":6},{"damage":18,"enemies":"3 Shapes","floor":35,"turns":4},{"damage":1,"enemies":"Mind Bloom Boss Battle","floor":36,"turns":3},{"damage":0,"enemies":"Orb Walker","floor":38,"turns":2},{"damage":3,"enemies":"R_Hoarder","floor":40,"turns":6},{"damage":2,"enemies":"Nemesis","floor":42,"turns":3},{"damage":1,"enemies":"Transient","floor":44,"turns":5},{"damage":2,"enemies":"2 Orb Walkers","floor":45,"turns":3},{"damage":3,"enemies":"Sphere and 2 Shapes","floor":46,"turns":4},{"damage":2,"enemies":"Awakened One","floor":50,"turns":8}],"seed_played":"794380195160887396","potions_obtained":[{"floor":1.0,"key":"GamblersBrew"},{"floor":13.0,"key":"Swift Potion"},{"floor":14.0,"key":"Swift Potion"},{"floor":16.0,"key":"LiquidBronze"},{"floor":18,"key":"LiquidMemories"},{"floor":28,"key":"Fruit Juice"},{"floor":30,"key":"Languid Potion"},{"floor":33,"key":"Block Potion"},{"floor":35,"key":"Flashbang"},{"floor":46,"key":"DuplicationPotion"}],"is_trial":false,"path_per_floor":["M","?","M","T","?","E","M","E","T","$","R","?","M","E","R","B",null,"M","M","?","T","M","?","M","?","T","R","E","M","E","M","R","B",null,"M","?","$","M","?","E","T","E","T","M","?","M","?","?","R","B",null],"character_chosen":"HERMIT","items_purchased":["Happy Flower","hermit:Determination","ReplayTheSpireMod:Lightbulb","Chemical X","Prayer Wheel","hermit:FlashPowder","hermit:RoundhouseKick","hermit:ShadowCloak"],"campfire_rested":0,"item_purchase_floors":[10,10,10,37,37,37,37,37],"current_hp_per_floor":[75,64,64,64,64,62,60,47,47,47,56,56,56,46,55,26,75,71,70,70,70,67,67,60,60,60,72,60,65,62,62,77,63,80,62,63,78,80,80,77,77,77,77,78,78,77,68,68,80,78],"gold":169,"neow_bonus":"THREE_ENEMY_KILL","is_daily":false,"chose_seed":false,"campfire_upgraded":4,"win_rate":0.0,"timestamp":1611172252,"path_taken":["M","?","M","?","?","E","M","E","T","?","R","?","M","E","R","BOSS","M","M","?","?","?","?","M","?","T","R","E","?","E","M","R","BOSS","M","?","$","M","?","E","?","E","T","?","?","M","?","?","R","BOSS"],"items_purchased_type":["Relic","Card","Relic","Relic","Relic","Card","Card","Card"],"build_version":"2020-12-22","purchased_purges":1,"victory":true,"max_hp_per_floor":[75,75,75,75,75,75,75,75,75,75,75,75,75,75,75,75,75,75,75,75,75,75,75,75,75,75,75,75,80,80,80,80,80,80,80,80,80,80,80,80,80,80,80,80,80,80,80,80,80,80],"card_choices":[{"not_picked":["hermit:Brawl","hermit:CalledShot"],"picked":"hermit:Deadeye","floor":1.0},{"not_picked":["hermit:Midnight","hermit:TrackingShot"],"picked":"hermit:CursedWeapon","floor":3.0},{"not_picked":["hermit:ItchyTrigger","hermit:Purgatory"],"picked":"hermit:Gestalt","floor":6.0},{"not_picked":["hermit:Misfire","hermit:Quickdraw"],"picked":"hermit:HighCaliber","floor":7.0},{"not_picked":["hermit:Glare","hermit:LuckOfTheDraw"],"picked":"hermit:ShadowCloak","floor":8.0},{"not_picked":["Outmaneuver","TheSimpletonMod:Germinate"],"picked":"ThirdEye","floor":13.0},{"not_picked":["TheSimpletonMod:StockTheCellar","RobotSpaceExplorer:MiniDrones"],"picked":"FollowUp","floor":14.0},{"not_picked":["Fission","The Bomb"],"picked":"Berserk","floor":16.0},{"not_picked":["Normality","Spreading Infection"],"picked":"Injury","floor":17},{"not_picked":["Pain","Overencumbered"],"picked":"CommonCold","floor":17},{"not_picked":["Spreading Infection","Pain"],"picked":"TheSimpletonMod:Nettles","floor":17},{"not_picked":["Storm","hermit:Snipe"],"picked":"CutThroughFate","floor":18},{"not_picked":["hermit:BodyArmor","InnerPeace"],"picked":"ReplayTheSpireMod:Strike From Hell+1","floor":19},{"not_picked":["hermit:Feint+1","hermit:ItchyTrigger+1"],"picked":"Exhume","floor":22},{"not_picked":["hermit:HoleUp","Sneak Up"],"picked":"Rage+1","floor":24},{"not_picked":["TheSimpletonMod:SaladShooter+1","hermit:Misfire"],"picked":"CrushJoints+1","floor":28},{"not_picked":["Fluid Movement","Rebound"],"picked":"hermit:Scavenge+1","floor":29},{"not_picked":["Wild Strike","Hemogenesis"],"picked":"Gensokyo:Dawn","floor":30},{"not_picked":["Ghostly Armor","Stack","Tactician"],"picked":"SKIP","floor":31},{"not_picked":["TheSimpletonMod:Surplus","Night Terror"],"picked":"Malaise","floor":33},{"not_picked":["TheSimpletonMod:SaladShooter+1","TalkToTheHand"],"picked":"Cold Snap+1","floor":35},{"not_picked":["Panacea","Good Instincts+1"],"picked":"Flying Knee+1","floor":36},{"not_picked":["RobotSpaceExplorer:LuckyStrike","Bane"],"picked":"RobotSpaceExplorer:Calculate+1","floor":38},{"not_picked":["hermit:CalledShot","Steam"],"picked":"Cleave+1","floor":38},{"not_picked":["TheSimpletonMod:CropRotation+1","TheSimpletonMod:GoToMarket+1"],"picked":"Panache","floor":40},{"not_picked":["hermit:WideOpen","TheSimpletonMod:Innovate+1"],"picked":"Panic Button","floor":42},{"not_picked":["Replay:Bootleg Shield Generator+1","hermit:Ricochet"],"picked":"RobotSpaceExplorer:FreezeRay+1","floor":44},{"not_picked":["Halt+1","Steam","FlyingSleeves"],"picked":"SKIP","floor":44},{"not_picked":["hermit:HoleUp","RobotSpaceExplorer:SwiftStep"],"picked":"RobotSpaceExplorer:ExhaustFan","floor":45},{"not_picked":["hermit:Ricochet","hermit:Scavenge"],"picked":"TheSimpletonMod:Photosynthesis","floor":46},{"not_picked":["hermit:Quickdraw","Cloak And Dagger+1"],"picked":"Streamline+1","floor":46},{"not_picked":["Enlightenment","Impatience"],"picked":"ReplayUltimateDefense","floor":47},{"not_picked":["Replay:Bootleg Shield Generator","Purity"],"picked":"Midas Touch","floor":47},{"not_picked":["Master of Strategy","Specialist"],"picked":"Mayhem","floor":47}],"player_experience":161631,"relics_obtained":[{"floor":4.0,"key":"Anchor"},{"floor":6.0,"key":"Eternal Feather"},{"floor":8.0,"key":"Replay:WaspNest"},{"floor":9.0,"key":"Pen Nib"},{"floor":14.0,"key":"Bottled Tornado"},{"floor":21,"key":"Mummified Hand"},{"floor":26,"key":"MealTicket"},{"floor":28,"key":"Blood Vial"},{"floor":30,"key":"Grinning Jar"},{"floor":36,"key":"Peace Pipe"},{"floor":40,"key":"Simple Rune"},{"floor":41,"key":"ReplayTheSpireMod:Shallot"},{"floor":42,"key":"Nunchaku"},{"floor":43,"key":"Iron Hammer"},{"floor":45,"key":"Lizard Tail"},{"floor":48,"key":"Ring of Misfortune"},{"floor":48,"key":"ReplayTheSpireMod:Ring of Collecting"}],"event_choices":[{"damage_healed":0.0,"max_hp_gain":0.0,"max_hp_loss":0.0,"gold_gain":75.0,"event_name":"World of Goop","player_choice":"Gather Gold","floor":2.0,"gold_loss":0.0,"damage_taken":11.0},{"damage_healed":0.0,"max_hp_gain":0.0,"max_hp_loss":0.0,"gold_gain":175.0,"event_name":"Liars Game","player_choice":"AGREE","floor":5.0,"gold_loss":0.0,"damage_taken":0.0,"cards_obtained":["Doubt"]},{"damage_healed":0,"gold_gain":0,"player_choice":"Simplicity","damage_taken":0,"max_hp_gain":0,"max_hp_loss":0,"event_name":"Back to Basics","floor":23,"gold_loss":0,"cards_upgraded":["hermit:Strike_Hermit","hermit:Strike_Hermit","hermit:Strike_Hermit","hermit:Strike_Hermit","hermit:Defend_Hermit","hermit:Defend_Hermit","hermit:Defend_Hermit","hermit:Defend_Hermit"]},{"cards_removed":["TheSimpletonMod:Nettles","CommonCold","Injury","Looming Evil"],"damage_healed":0,"gold_gain":0,"player_choice":"Removed Curses","damage_taken":0,"max_hp_gain":0,"max_hp_loss":0,"event_name":"Fountain of Cleansing","floor":25,"gold_loss":0},{"damage_healed":0,"gold_gain":0,"player_choice":"Fight","damage_taken":0,"max_hp_gain":0,"max_hp_loss":0,"event_name":"MindBloom","floor":36,"gold_loss":0},{"damage_healed":0,"gold_gain":0,"player_choice":"Paid","damage_taken":0,"relics_obtained":["Red Mask"],"max_hp_gain":0,"max_hp_loss":0,"event_name":"Tomb of Lord Red Mask","floor":39,"gold_loss":43},{"damage_healed":0,"gold_gain":0,"player_choice":"Fight","damage_taken":0,"max_hp_gain":0,"max_hp_loss":0,"event_name":"Mysterious Sphere","floor":45,"gold_loss":0},{"damage_healed":0,"gold_gain":0,"player_choice":"Memory 3","damage_taken":10,"max_hp_gain":0,"max_hp_loss":0,"event_name":"SensoryStone","floor":47,"gold_loss":0}],"is_beta":false,"boss_relics":[{"not_picked":["SacredBark","Runic Dome"],"picked":"Replay:Ancient Bell"},{"not_picked":["Bag of Preparation","Lantern"],"picked":"ReplayFunnel"},{"not_picked":["InkBottle","Replay:Ringing Soul"],"picked":"The Courier"},{"not_picked":["Replay:Towering Pillar of Hats","CaptainsWheel"],"picked":"TungstenRod"},{"not_picked":["Replay:Drink Me","Replay:Wanted Poster"],"picked":"Cursed Key"}],"items_purged_floors":[10],"is_endless":false,"potions_floor_spawned":[1,13,14,16,18,22,28,30,33,35,42,46],"ascension_level":0}}