{"host":"f0gpob8hq9vgebej","time":1611115638,"event":{"mods":["AchievementEnabler","BaseMod","Minty Spire (QoL Compilation)","Quick Restart","SuperFastMode"],"gold_per_floor":[13,31,46,61,76,76,92,167,249,174,200,200,200,29,29,29,29],"floor_reached":16,"language":"KOR","playtime":218,"items_purged":["Strike_R","Defend_R"],"score":178,"play_id":"e9e8ec39-acd4-46af-bcff-17a5e7e77807","local_time":"20210120130718","is_ascension_mode":true,"campfire_choices":[{"data":"Spot Weakness","floor":6.0,"key":"SMITH"},{"data":"Pommel Strike","floor":12.0,"key":"SMITH"},{"data":"Rupture","floor":15.0,"key":"SMITH"}],"circlet_count":0,"master_deck":["AscendersBane","Strike_R","Strike_R","Strike_R","Defend_R","Defend_R","Defend_R","Bash","Seeing Red","Pommel Strike","Immolate","Spot Weakness+1","Pommel Strike+1","Rampage+1","Rupture+1"],"relics":["Burning Blood","Darkstone Periapt","Molten Egg 2"],"acts_visited":["Exordium"],"potions_floor_usage":[16],"damage_taken":[{"damage":6.0,"enemies":"Cultist","floor":1.0,"turns":3.0},{"damage":15.0,"enemies":"Small Slimes","floor":2.0,"turns":3.0},{"damage":10.0,"enemies":"2 Louse","floor":3.0,"turns":2.0},{"damage":6.0,"enemies":"Blue Slaver","floor":4.0,"turns":6.0},{"damage":12.0,"enemies":"Looter","floor":5.0,"turns":3.0},{"damage":25.0,"enemies":"Exordium Thugs","floor":7.0,"turns":4.0},{"damage":8.0,"enemies":"Gremlin Nob","floor":11.0,"turns":3.0},{"damage":27,"enemies":"Hexaghost","floor":16,"turns":7}],"seed_played":"-5472993258741938612","potions_obtained":[{"floor":1.0,"key":"Energy Potion"},{"floor":7.0,"key":"LiquidBronze"}],"is_trial":false,"path_per_floor":["M","M","M","M","M","R","M","?","T","$","E","R","?","$","R","B"],"character_chosen":"IRONCLAD","items_purchased":["Rupture"],"campfire_rested":0,"item_purchase_floors":[14],"current_hp_per_floor":[88,79,75,75,69,69,50,39,39,39,37,37,30,30,30,3,3],"gold":29,"neow_bonus":"TWENTY_PERCENT_HP_BONUS","is_daily":false,"chose_seed":false,"campfire_upgraded":3,"win_rate":0.0,"timestamp":1611115638,"path_taken":["M","M","M","M","?","R","M","?","T","$","E","R","?","$","R","BOSS"],"items_purchased_type":["Card"],"build_version":"2020-12-22","purchased_purges":2,"victory":false,"max_hp_per_floor":[96,96,96,96,96,96,96,96,96,96,96,96,96,96,96,96,96],"card_choices":[{"not_picked":["Combust","Anger"],"picked":"Seeing Red","floor":1.0},{"not_picked":["Flex","Anger"],"picked":"Pommel Strike","floor":2.0},{"not_picked":["Disarm","Perfected Strike","True Grit"],"picked":"SKIP","floor":3.0},{"not_picked":["Warcry","Shockwave"],"picked":"Immolate","floor":4.0},{"not_picked":["Searing Blow","Flex"],"picked":"Spot Weakness","floor":5.0},{"not_picked":["Thunderclap","Clothesline"],"picked":"Pommel Strike","floor":7.0},{"not_picked":["Exhume","Warcry"],"picked":"Rampage+1","floor":11.0}],"player_experience":180147,"relics_obtained":[{"floor":9.0,"key":"Darkstone Periapt"},{"floor":11.0,"key":"Molten Egg 2"}],"event_choices":[{"damage_healed":0.0,"max_hp_gain":0.0,"max_hp_loss":0.0,"gold_gain":75.0,"event_name":"World of Goop","player_choice":"Gather Gold","floor":8.0,"gold_loss":0.0,"damage_taken":11.0},{"cards_removed":["Strike_R"],"damage_healed":0.0,"max_hp_gain":0.0,"max_hp_loss":0.0,"gold_gain":0.0,"event_name":"Golden Wing","player_choice":"Card Removal","floor":13.0,"gold_loss":0.0,"damage_taken":7.0}],"is_beta":false,"boss_relics":[],"items_purged_floors":[10,14],"is_endless":false,"potions_floor_spawned":[1,7],"killed_by":"Hexaghost","ascension_level":10}}