{"host":"skr63qsdfgeey3it","time":1611127251,"event":{"mods":["BaseMod","Colored Map","Hubris","Minty Spire (QoL Compilation)","Replay The Spire","Spicy Shops","StSLib"],"gold_per_floor":[111,111,123,123,123,149,149,165,165,165,191,191,236,249,214,234,234,331,331,349,362,362,362,362,395,407,417,417,124,124,140,32,50,50,50,50],"floor_reached":35,"language":"ENG","playtime":1150,"items_purged":[],"score":508,"play_id":"b0c695f5-1c07-47f8-ad59-0772a302e19e","local_time":"20210120012051","is_ascension_mode":true,"campfire_choices":[{"data":"Bouncing Flask","floor":7,"key":"SMITH"},{"data":"Replay:Poison Smokescreen","floor":12,"key":"SMITH"},{"floor":17,"key":"DIG"},{"floor":34,"key":"REST"}],"circlet_count":0,"master_deck":["AscendersBane","Strike_G","Strike_G","Strike_G+1","Strike_G+1","Strike_G","Defend_G","Defend_G","Defend_G","Defend_G","Survivor","Neutralize","Underhanded Strike","Infinite Blades","Replay:Poison Smokescreen+1","Bouncing Flask+1","Sucker Punch","Leg Sweep","ReplayTheSpireMod:Necrosis","ReplayTheSpireMod:Exploit Weakness","Sucker Punch","Ghostly","Ghostly","Ghostly","Ghostly","Ghostly","hubris:NaturalOne","Toxin Wave","Leg Sweep","Noxious Fumes","Poisoned Stab"],"relics":["Ring of the Snake","NeowsBlessing","Juzu Bracelet","Akabeko","Mercury Hourglass","hubris:MedicalManual","Philosopher\u0027s Stone","hubris:Icosahedron","hubris:PeanutButter","Ninja Scroll","Snake Skull","TwistedFunnel"],"acts_visited":["Exordium","TheCity"],"potions_floor_usage":[18,20,25,27,35,35],"damage_taken":[{"damage":0,"enemies":"Cultist","floor":1,"turns":1},{"damage":0,"enemies":"Small Slimes","floor":3,"turns":1},{"damage":0,"enemies":"Gremlin Nob","floor":6,"turns":1},{"damage":3,"enemies":"2 Louse","floor":8,"turns":3},{"damage":2,"enemies":"Looter","floor":14,"turns":3},{"damage":6,"enemies":"Large Slime","floor":16,"turns":5},{"damage":13,"enemies":"Slime Boss","floor":18,"turns":8},{"damage":6,"enemies":"Chosen","floor":20,"turns":4},{"damage":0,"enemies":"Spheric Guardian","floor":21,"turns":3},{"damage":8,"enemies":"Book of Stabbing","floor":25,"turns":7},{"damage":0,"enemies":"Cultist and Chosen","floor":26,"turns":7},{"damage":5,"enemies":"Centurion and Healer","floor":27,"turns":8},{"damage":0,"enemies":"Snecko","floor":31,"turns":4},{"damage":0,"enemies":"Chosen and Byrds","floor":33,"turns":4},{"damage":30,"enemies":"Pondfish","floor":35,"turns":12}],"seed_played":"-2697435516777504756","potions_obtained":[{"floor":1,"key":"Strength Potion"},{"floor":3,"key":"LifebloodPotion"},{"floor":8,"key":"CunningPotion"},{"floor":18,"key":"Adrenaline Potion"},{"floor":21,"key":"Strength Potion"},{"floor":26,"key":"ColorlessPotion"},{"floor":31,"key":"Flashbang"}],"is_trial":false,"path_per_floor":["M","?","M","?","?","E","R","M","PTL","PTL","T","R","?","M","?","M","R_BF","B",null,"M","M","?","?","?","E","M","M","T","$","?","M","$","M","R","B"],"character_chosen":"THE_SILENT","items_purchased":["Snake Skull","TwistedFunnel","Noxious Fumes","Poisoned Stab"],"campfire_rested":1,"item_purchase_floors":[29,29,32,32],"current_hp_per_floor":[63,63,63,49,49,49,49,46,46,46,46,46,18,16,33,27,27,14,56,50,50,35,35,35,27,27,22,22,22,18,18,18,18,30,0,0],"gold":50,"neow_bonus":"THREE_ENEMY_KILL","is_daily":false,"chose_seed":false,"campfire_upgraded":2,"win_rate":0.0,"timestamp":1611127251,"path_taken":["M","?","?","?","?","E","R","M","PTL","PTL","T","R","?","M","?","M","R_BF","BOSS","M","M","?","?","?","E","M","M","T","$","?","M","$","M","R","BOSS"],"items_purchased_type":["Relic","Relic","Card","Card"],"build_version":"2020-12-22","purchased_purges":0,"victory":false,"max_hp_per_floor":[70,70,70,70,70,70,70,70,70,70,70,70,70,70,70,70,70,70,70,70,70,35,35,35,35,35,35,35,35,40,40,40,40,40,40,40],"card_choices":[{"not_picked":["Well Laid Plans","Setup"],"picked":"Underhanded Strike","floor":1},{"not_picked":["PiercingWail","Escape Plan"],"picked":"Infinite Blades","floor":3},{"not_picked":["Caltrops","Blade Dance"],"picked":"Bouncing Flask","floor":6},{"not_picked":["Dagger Throw","Backflip","Flechettes"],"picked":"SKIP","floor":8},{"not_picked":["Slice","Dagger Spray"],"picked":"Sucker Punch","floor":13},{"not_picked":["ReplayTheSpireMod:Scrap Shanks","Masterful Stab"],"picked":"Leg Sweep","floor":13},{"not_picked":["Draining Mist","Concentrate","ReplayTheSpireMod:The Works"],"picked":"SKIP","floor":14},{"not_picked":["Backflip","Outmaneuver","hubris:SlightOfHand"],"picked":"SKIP","floor":16},{"not_picked":["Unload","Doppelganger"],"picked":"ReplayTheSpireMod:Necrosis","floor":18},{"not_picked":["Footwork","Acrobatics"],"picked":"ReplayTheSpireMod:Exploit Weakness","floor":20},{"not_picked":["Prepared","Quick Slash"],"picked":"Sucker Punch","floor":21},{"not_picked":["Tactician","Outmaneuver","Prepared"],"picked":"SKIP","floor":25},{"not_picked":["Dagger Spray","Poisoned Stab","Quick Slash"],"picked":"SKIP","floor":26},{"not_picked":["ReplayTheSpireMod:The Works","Flying Knee"],"picked":"Toxin Wave","floor":27},{"not_picked":["ReplayTheSpireMod:The Works","Skewer"],"picked":"Leg Sweep","floor":31},{"not_picked":["Backstab","Sucker Punch","Hidden Blade"],"picked":"SKIP","floor":33}],"player_experience":769092,"relics_obtained":[{"floor":6,"key":"Juzu Bracelet"},{"floor":11,"key":"Akabeko"},{"floor":13,"key":"Mercury Hourglass"},{"floor":17,"key":"hubris:MedicalManual"},{"floor":25,"key":"hubris:PeanutButter"},{"floor":28,"key":"Ninja Scroll"}],"event_choices":[{"cards_removed":["Defend_G"],"damage_healed":0,"gold_gain":0,"player_choice":"Purged","damage_taken":0,"max_hp_gain":0,"max_hp_loss":0,"event_name":"Purifier","floor":2,"gold_loss":0},{"damage_healed":0,"gold_gain":0,"player_choice":"Entered Light","damage_taken":14,"max_hp_gain":0,"max_hp_loss":0,"event_name":"Shining Light","floor":4,"gold_loss":0,"cards_upgraded":["Strike_G","Strike_G"]},{"damage_healed":17,"gold_gain":0,"player_choice":"Healed","damage_taken":0,"max_hp_gain":0,"max_hp_loss":0,"event_name":"The Cleric","floor":15,"gold_loss":35},{"damage_healed":0,"gold_gain":0,"player_choice":"Became a Ghost","damage_taken":0,"max_hp_gain":0,"max_hp_loss":35,"event_name":"Ghosts","floor":22,"gold_loss":0,"cards_obtained":["Ghostly","Ghostly","Ghostly","Ghostly","Ghostly"]},{"damage_healed":0,"gold_gain":0,"player_choice":"Got Potions","damage_taken":0,"max_hp_gain":0,"max_hp_loss":0,"event_name":"Lab","floor":23,"gold_loss":0},{"damage_healed":0,"gold_gain":0,"player_choice":"Shed Blood","damage_taken":9,"max_hp_gain":5,"max_hp_loss":0,"event_name":"Forgotten Altar","floor":30,"gold_loss":0}],"is_beta":false,"boss_relics":[{"not_picked":["hubris:BlackHole","Snecko Scales"],"picked":"Philosopher\u0027s Stone"}],"items_purged_floors":[],"is_endless":false,"potions_floor_spawned":[1,3,8,18,21,26,31],"killed_by":"Pondfish","ascension_level":12}}