{"host":"sdjng9zhqonqi3uc","time":1611101291,"event":{"mods":["2.2 Compatiblity","AchievementEnabler","BaseMod","Better Third Choice","BetterRewards","Colored Powertips","Downfall","Hero for Fun","Minty Spire (QoL Compilation)","Quick Restart","Shop Mod","Spicy Shops","StSLib","Td1madao Mod","The Animator","The Cursed","The Servant 0.9.4"],"gold_per_floor":[15,35,53,64,81,81,115,115,167,192,192,192,192,202,202,279,279,294,119,119,119,131,157,170,189,236,271,285,304,304,339,351,439,451,480,538,550,582,611,649,681,711,723,746,786,811,823,860,872,884],"floor_reached":51,"language":"ENG","playtime":551,"items_purged":["Defend_Y","Defend_Y"],"score":2566,"play_id":"b2037817-4b6e-44f1-8575-c0ee980f10da","local_time":"20210120010811","is_ascension_mode":true,"campfire_choices":[{"floor":6,"key":"RECALL"},{"data":"Slap","floor":8,"key":"SMITH"},{"data":"Slap","floor":11,"key":"SMITH"},{"data":"Slap","floor":15,"key":"SMITH"},{"data":"Serious_Punch","floor":30,"key":"SMITH"},{"data":"Serious_Punch","floor":32,"key":"SMITH"},{"data":"Oh","floor":49,"key":"SMITH"}],"circlet_count":0,"master_deck":["AscendersBane","Strike_Y+1","Strike_Y","Strike_Y","Strike_Y","Strike_Y","Slap+1","Slap+1","Slap+1","Serious_Punch+1","Slap","Serious_Punch+1","Oh+1"],"relics":["Cape","Kunai","Bag of Marbles","Mercury Hourglass","Runic Pyramid","Strawberry","Oddly Smooth Stone","InkBottle","MawBank","Philosopher\u0027s Stone","Pocketwatch","The Courier","PreservedInsect","Vajra","Calipers"],"acts_visited":["Exordium","TheCity","TheBeyond"],"potions_floor_usage":[],"damage_taken":[{"damage":0,"enemies":"2 Louse","floor":1,"turns":1},{"damage":0,"enemies":"Jaw Worm","floor":2,"turns":1},{"damage":0,"enemies":"Cultist","floor":3,"turns":1},{"damage":0,"enemies":"Exordium Wildlife","floor":4,"turns":1},{"damage":0,"enemies":"Red Slaver","floor":5,"turns":1},{"damage":0,"enemies":"Gremlin Nob","floor":7,"turns":1},{"damage":0,"enemies":"Lagavulin","floor":10,"turns":1},{"damage":0,"enemies":"Blue Slaver","floor":14,"turns":1},{"damage":0,"enemies":"Hexaghost","floor":16,"turns":1},{"damage":0,"enemies":"3 Byrds","floor":18,"turns":1},{"damage":0,"enemies":"Shell Parasite","floor":22,"turns":1},{"damage":0,"enemies":"Gremlin Leader","floor":23,"turns":1},{"damage":0,"enemies":"Sentry and Sphere","floor":24,"turns":1},{"damage":0,"enemies":"Centurion and Healer","floor":25,"turns":1},{"damage":0,"enemies":"Slavers","floor":27,"turns":1},{"damage":0,"enemies":"Cultist and Chosen","floor":28,"turns":1},{"damage":0,"enemies":"Snecko","floor":29,"turns":1},{"damage":0,"enemies":"Gremlin Leader","floor":31,"turns":1},{"damage":0,"enemies":"Automaton","floor":33,"turns":1},{"damage":0,"enemies":"3 Shapes","floor":35,"turns":1},{"damage":0,"enemies":"2 Orb Walkers","floor":36,"turns":1},{"damage":0,"enemies":"3 Darklings","floor":38,"turns":1},{"damage":0,"enemies":"Jaw Worm Horde","floor":39,"turns":1},{"damage":0,"enemies":"Reptomancer","floor":40,"turns":1},{"damage":0,"enemies":"Spire Growth","floor":41,"turns":1},{"damage":0,"enemies":"4 Shapes","floor":42,"turns":1},{"damage":0,"enemies":"3 Darklings","floor":44,"turns":1},{"damage":0,"enemies":"Nemesis","floor":45,"turns":1},{"damage":0,"enemies":"Maw","floor":46,"turns":1},{"damage":0,"enemies":"Mind Bloom Boss Battle","floor":48,"turns":1},{"damage":0,"enemies":"Awakened One","floor":50,"turns":2}],"seed_played":"-5832282424974122834","potions_obtained":[{"floor":14,"key":"PowerPotion"},{"floor":25,"key":"LiquidMemories"}],"is_trial":false,"path_per_floor":["M","M","M","M","M","R","E","R","T","E","R","?","?","M","R","B",null,"M","$","?","?","M","E","M","M","T","E","M","M","R","E","R","B",null,"M","?","?","M","M","E","M","M","T","M","E","M","?","?","R","B",null],"character_chosen":"OPM","items_purchased":[],"campfire_rested":0,"item_purchase_floors":[],"current_hp_per_floor":[896,896,896,896,896,896,896,896,896,896,896,896,896,896,896,896,970,970,970,970,970,970,977,977,977,977,977,977,977,977,977,977,977,996,996,996,996,996,996,996,996,996,996,996,996,996,952,952,952,952],"gold":896,"neow_bonus":"","is_daily":false,"chose_seed":false,"campfire_upgraded":6,"win_rate":0.0,"timestamp":1611101291,"path_taken":["M","M","M","M","M","R","E","R","T","E","R","?","?","?","R","BOSS","M","$","?","?","M","E","M","M","T","E","M","M","R","E","R","BOSS","M","?","?","M","?","E","M","M","T","M","E","M","?","?","R","BOSS"],"items_purchased_type":[],"build_version":"2020-12-22","purchased_purges":2,"victory":true,"max_hp_per_floor":[995,995,995,995,995,995,995,995,995,995,995,995,995,995,995,995,995,995,995,995,995,995,1002,1002,1002,1002,1002,1002,1002,1002,1002,1002,1002,1002,1002,1002,1002,1002,1002,1002,1002,1002,1002,1002,1002,1002,952,952,952,952],"card_choices":[{"not_picked":["Hop","Consecutive_Normal_Punch","Ignore"],"picked":"SKIP","floor":1},{"not_picked":["Yawn","Normal_Punch","Wear_Disguise"],"picked":"SKIP","floor":2},{"not_picked":["Normal_Punch","Toss_Stone","Hop"],"picked":"SKIP","floor":3},{"not_picked":["Wear_Disguise","Do_Nothing","Side_Hop"],"picked":"SKIP","floor":4},{"not_picked":["Hop","Yawn","Normal_Punch"],"picked":"SKIP","floor":5},{"not_picked":["Toss_Stone","Hop"],"picked":"Slap","floor":7},{"not_picked":["Hip_Strike","Toss_Stone"],"picked":"Slap","floor":10},{"not_picked":["Hop","Ignore"],"picked":"Slap","floor":14},{"not_picked":["Oh","Terrifying_Presence"],"picked":"Serious_Punch","floor":16},{"not_picked":["Toss_Stone","Ignore"],"picked":"Slap","floor":18},{"not_picked":["Normal_Punch","Do_Nothing","Side_Hop"],"picked":"SKIP","floor":22},{"not_picked":["Hop","Consecutive_Normal_Punch","Terrifying_Presence"],"picked":"SKIP","floor":23},{"not_picked":["Slap","Hop","Ignore"],"picked":"SKIP","floor":24},{"not_picked":["Side_Hop","Ignore","Slap"],"picked":"SKIP","floor":25},{"not_picked":["Do_Nothing","Ignore"],"picked":"Serious_Punch","floor":27},{"not_picked":["Normal_Punch+1","Hop","Do_Nothing"],"picked":"SKIP","floor":28},{"not_picked":["Toss_Stone","Side_Hop","Consecutive_Normal_Punch"],"picked":"SKIP","floor":29},{"not_picked":["Ignore+1","Wear_Disguise","Hop"],"picked":"SKIP","floor":31},{"not_picked":["Consecutive_Normal_Punch","Toss_Stone+1","Yawn"],"picked":"SKIP","floor":35},{"not_picked":["Slap","Side_Hop+1","Consecutive_Normal_Punch"],"picked":"SKIP","floor":38},{"not_picked":["Ignore","Normal_Punch","Slap+1"],"picked":"SKIP","floor":39},{"not_picked":["Terrifying_Presence","Hop","Slap"],"picked":"SKIP","floor":40},{"not_picked":["Normal_Punch","Ignore","Slap+1"],"picked":"SKIP","floor":41},{"not_picked":["Yawn","Side_Hop","Wear_Disguise"],"picked":"SKIP","floor":42},{"not_picked":["Do_Nothing","Slap","Hop"],"picked":"SKIP","floor":44},{"not_picked":["Normal_Punch+1","Side_Hop","Yawn+1"],"picked":"SKIP","floor":45},{"not_picked":["Normal_Punch","Toss_Stone","Consecutive_Normal_Punch+1"],"picked":"SKIP","floor":46}],"player_experience":348376,"relics_obtained":[{"floor":7,"key":"Kunai"},{"floor":9,"key":"Bag of Marbles"},{"floor":10,"key":"Mercury Hourglass"},{"floor":23,"key":"Strawberry"},{"floor":26,"key":"Oddly Smooth Stone"},{"floor":27,"key":"InkBottle"},{"floor":31,"key":"MawBank"},{"floor":36,"key":"Pocketwatch"},{"floor":40,"key":"The Courier"},{"floor":43,"key":"PreservedInsect"},{"floor":45,"key":"Vajra"},{"floor":48,"key":"Calipers"}],"event_choices":[{"cards_removed":["Defend_Y"],"damage_healed":0,"gold_gain":0,"player_choice":"Card Removal","damage_taken":7,"max_hp_gain":0,"max_hp_loss":0,"event_name":"Golden Wing","floor":12,"gold_loss":0},{"damage_healed":0,"gold_gain":0,"player_choice":"Upgraded","damage_taken":0,"max_hp_gain":0,"max_hp_loss":0,"event_name":"Upgrade Shrine","floor":13,"gold_loss":0,"cards_upgraded":["Strike_Y"]},{"damage_healed":0,"gold_gain":0,"player_choice":"Ignored","damage_taken":0,"max_hp_gain":0,"max_hp_loss":0,"event_name":"Ghosts","floor":20,"gold_loss":0},{"cards_removed":["Defend_Y"],"damage_healed":0,"gold_gain":0,"player_choice":"Purged","damage_taken":0,"max_hp_gain":0,"max_hp_loss":0,"event_name":"Purifier","floor":21,"gold_loss":0},{"damage_healed":0,"gold_gain":0,"player_choice":"Fight","damage_taken":0,"max_hp_gain":0,"max_hp_loss":0,"event_name":"Mysterious Sphere","floor":36,"gold_loss":0},{"damage_healed":0,"gold_gain":0,"cards_transformed":["Defend_Y"],"player_choice":"Transformed","damage_taken":0,"max_hp_gain":0,"max_hp_loss":0,"event_name":"Transmorgrifier","floor":37,"gold_loss":0,"cards_obtained":["Oh"]},{"damage_healed":0,"gold_gain":0,"player_choice":"Max HP","damage_taken":0,"max_hp_gain":0,"max_hp_loss":50,"event_name":"Winding Halls","floor":47,"gold_loss":0},{"damage_healed":0,"gold_gain":0,"player_choice":"Fight","damage_taken":0,"max_hp_gain":0,"max_hp_loss":0,"event_name":"MindBloom","floor":48,"gold_loss":0}],"is_beta":false,"boss_relics":[{"not_picked":["Tiny House","Ectoplasm"],"picked":"Runic Pyramid"},{"not_picked":["Astrolabe","bronze:MakeshiftBattery"],"picked":"Philosopher\u0027s Stone"}],"items_purged_floors":[19,19],"is_endless":false,"potions_floor_spawned":[2,5,7,14,18,25,28,29,35,39,41,42,46,48],"ascension_level":17}}