{"host":"lfu2t0vuvc32et65","time":1611144933,"event":{"mods":["BaseMod","Beaked The Cultist","HololiveMod","Infinite Spire","Lobotomy","LobotomyExtend","Minty Spire (QoL Compilation)","StSLib","Td1madao Mod","The Cursed"],"gold_per_floor":[118,118,129,143,160,190,190,155,225,242,242,254,266,80,106,106,122,122,157,177,177,177,188,188,290,290,309,329,340,255,255,284,284,299,325,15,41,41,55,87,87,189,189,204,204,221,237,90,90,124,124,124,124,124,152,152,169,169,92],"floor_reached":51,"language":"JPN","playtime":7478,"items_purged":[],"score":968,"play_id":"6a6fc25d-d962-47d3-921c-fb343c437da2","local_time":"20210120211533","is_ascension_mode":false,"campfire_choices":[],"circlet_count":0,"master_deck":["SpecialBullet","SpecialBullet","SpecialBullet","SpecialBullet","SpecialBullet","SpecialBullet","SpecialBullet","SpecialBullet","InformationCode","SecurityCode","CentralCode","Mercenary","Pleasure+1","OSAHOGD","ScreamingWedge","MHz","Lamp+23","PunishingBird","Wellcheers","ShedSkin","GoldRush","FieryBird","WallGazer","Soda","Murderer","CENSORED_ego","ShedSkin","SpiderBud","Soda","WristCuter","Rudolta","BlackSwan_ego","ParadiseLost","TrainingCode","Freischutz","WelfareCode","LaLuna","Ecstasy+1","Lamp+21","BloodyDesire+1"],"relics":["CogitoBucket","RabbitCall","Pocketwatch","Eternal Feather","MagicBullet_r","LetterFromLob","LuminousBracelet","Toy Ornithopter","Orichalcum","Shuriken","SkinProphecy","ShedSkin_r","Sozu","Amita_r","BehaviorAdjustment","Anchor","Ornamental Fan","Hololive_LightStick","Unceasing Top","Letter Opener","CultistMask","Lantern","RedMistMask","Coffee Dripper","Pen Nib","Mercury Hourglass","Gambling Chip","infinitespire:Joker Card","FossilizedHelix","DollysMirror"],"acts_visited":["Exordium","TheCity","TheBeyond"],"potions_floor_usage":[20,50,51],"damage_taken":[{"damage":0,"enemies":"Small Slimes","floor":1,"turns":3},{"damage":0,"enemies":"Cultist","floor":3,"turns":3},{"damage":11,"enemies":"Jaw Worm","floor":4,"turns":4},{"damage":42,"enemies":"Large Slime","floor":5,"turns":11},{"damage":26,"enemies":"Lagavulin","floor":6,"turns":6},{"damage":13,"enemies":"Cultist","floor":1,"turns":12},{"damage":0,"enemies":"2 Louse","floor":3,"turns":1},{"damage":10,"enemies":"Small Slimes","floor":4,"turns":5},{"damage":11,"enemies":"3 Sentries","floor":6,"turns":6},{"damage":1,"enemies":"Looter","floor":8,"turns":2},{"damage":30,"enemies":"Gremlin Nob","floor":10,"turns":6},{"damage":54,"enemies":"2 Fungi Beasts","floor":11,"turns":18},{"damage":10,"enemies":"Exordium Wildlife","floor":14,"turns":6},{"damage":51,"enemies":"Hexaghost","floor":16,"turns":8},{"damage":59,"enemies":"2 Thieves","floor":18,"turns":5},{"damage":2,"enemies":"Spheric Guardian","floor":19,"turns":2},{"damage":101,"enemies":"3 Cultists","floor":20,"turns":14},{"damage":17,"enemies":"Nightmare","floor":23,"turns":5},{"damage":0,"enemies":"Centurion and Healer","floor":25,"turns":2},{"damage":0,"enemies":"Gremlin Leader","floor":28,"turns":4},{"damage":0,"enemies":"Sentry and Sphere","floor":30,"turns":1},{"damage":0,"enemies":"Slavers","floor":31,"turns":3},{"damage":22,"enemies":"Automaton","floor":33,"turns":4},{"damage":0,"enemies":"Orb Walker","floor":35,"turns":1},{"damage":0,"enemies":"3 Darklings","floor":37,"turns":2},{"damage":0,"enemies":"Spire Growth","floor":38,"turns":2},{"damage":0,"enemies":"Nightmare","floor":41,"turns":6},{"damage":18,"enemies":"beaked:SuperParasite","floor":46,"turns":4},{"damage":0,"enemies":"Maw","floor":48,"turns":2},{"damage":265,"enemies":"FixerMidnight","floor":50,"turns":13},{"damage":21,"enemies":"Malkuth","floor":51,"turns":6},{"damage":24,"enemies":"Yesod","floor":51,"turns":8},{"damage":182,"enemies":"Tiphereth","floor":51,"turns":14},{"damage":113,"enemies":"Hokma","floor":51,"turns":11},{"damage":388,"enemies":"Angela","floor":51,"turns":12}],"seed_played":"-1491215895909743949","potions_obtained":[{"floor":3,"key":"CultistPotion"},{"floor":4,"key":"ColorlessPotion"},{"floor":5,"key":"Explosive Potion"},{"floor":6,"key":"Fire Potion"},{"floor":4,"key":"PowerPotion"},{"floor":10,"key":"LiquidMemories"}],"is_trial":false,"path_per_floor":["M","?","M","M","M","E","R","$","T","E","M","?","M","M","$","E","R","M","T","E","M","R","E","M","R","B",null,"M","M","M","?","?","NM","R","M","T","$","E","?","M","E","R","B",null,"M","?","M","M","$","R","NM","R","T","?","T","E","AVR","M","R","B",null],"character_chosen":"Angela","items_purchased":["ShedSkin","CENSORED_ego","ShedSkin","Unceasing Top","Pen Nib"],"campfire_rested":0,"item_purchase_floors":[8,5,5,27,39],"current_hp_per_floor":[77,77,77,74,40,22,22,22,22,96,96,100,104,104,104,104,108,108,107,112,112,112,118,118,120,120,97,108,136,136,102,125,139,147,147,147,150,150,154,149,149,146,152,155,155,163,166,166,166,163,163,163,163,163,166,166,169,169,57],"gold":42,"neow_bonus":"TEN_PERCENT_HP_BONUS","is_daily":false,"chose_seed":false,"campfire_upgraded":0,"win_rate":0.0,"timestamp":1611144933,"path_taken":["M","?","M","M","M","E","R","$","T","E","M","?","M","M","$","E","R","?","T","E","?","R","E","M","R","BOSS","M","M","M","?","?","NM","R","M","T","$","E","?","M","E","R","BOSS","M","?","?","M","$","R","NM","R","T","?","?","E","AVR","M","R","BOSS"],"items_purchased_type":["Card","Card","Card","Relic","Relic"],"build_version":"2020-12-22","purchased_purges":0,"victory":true,"max_hp_per_floor":[77,77,77,77,77,77,77,77,77,96,96,100,104,104,104,104,108,108,108,112,112,112,118,118,120,120,122,125,136,136,136,139,139,147,147,147,150,150,154,149,149,152,152,155,155,163,166,166,166,163,163,163,163,163,166,166,169,169,172],"card_choices":[{"not_picked":["SpiderBud","CrumblingArmor"],"picked":"Mercenary","floor":1},{"not_picked":["Christmas"],"picked":"SomewhereSpear","floor":1},{"not_picked":["CrumblingArmor","Bloodbath"],"picked":"OSAHOGD","floor":3},{"not_picked":["Tough"],"picked":"ScreamingWedge","floor":3},{"not_picked":["BeautyBeast","PunishingBird"],"picked":"MHz","floor":4},{"not_picked":["Regret_ego"],"picked":"Lamp","floor":4},{"not_picked":["Murderer","OldLady"],"picked":"PunishingBird","floor":5},{"not_picked":["CUTE","Diffraction"],"picked":"SKIP","floor":5},{"not_picked":["MeatLantern","HappyTeddy"],"picked":"Wellcheers","floor":6},{"not_picked":["FrostShard","CUTE"],"picked":"SKIP","floor":6},{"not_picked":["CUTE"],"picked":"GoldRush","floor":1},{"not_picked":["VoidDream","SpiderBud"],"picked":"FieryBird","floor":1},{"not_picked":["FairyFestival","HappyTeddy"],"picked":"WallGazer","floor":3},{"not_picked":["BlueScar"],"picked":"Soda","floor":3},{"not_picked":["Bloodbath","UniverseFragment"],"picked":"Murderer","floor":4},{"not_picked":["GrinderMk4","SwordSharpenedByTears"],"picked":"SKIP","floor":4},{"not_picked":["DaCapo","MagicBullet"],"picked":"SKIP","floor":6},{"not_picked":["BeautyBeast","CherryBlossoms"],"picked":"SpiderBud","floor":8},{"not_picked":["InTheNameOfLoveAndHate"],"picked":"Soda","floor":8},{"not_picked":["Lantern","Penitence"],"picked":"SKIP","floor":10},{"not_picked":["Scorched","FairyFestival"],"picked":"Bloodbath","floor":11},{"not_picked":["CUTE"],"picked":"WristCuter","floor":11},{"not_picked":["ShyLook","VoidDream"],"picked":"Rudolta","floor":14},{"not_picked":["Soda"],"picked":"BlackSwan_ego","floor":14},{"not_picked":["Mimicry"],"picked":"ParadiseLost","floor":16},{"not_picked":["Penitence","TodaysExpression"],"picked":"SKIP","floor":18},{"not_picked":["CherryBlossom","Amita"],"picked":"SKIP","floor":19},{"not_picked":["Soda","FrostShard"],"picked":"SKIP","floor":20},{"not_picked":["Diffraction","Harmony"],"picked":"SKIP","floor":23},{"not_picked":["FairyFestival","VoidDream"],"picked":"Freischutz","floor":25},{"not_picked":["RapturousDream","Diffraction"],"picked":"SKIP","floor":25},{"not_picked":["Beak","Galaxy+1"],"picked":"SKIP","floor":28},{"not_picked":["Harvest","LifeForTheDareDevil"],"picked":"SKIP","floor":30},{"not_picked":["RedEyes+1","RapturousDream"],"picked":"SKIP","floor":31},{"not_picked":["ParadiseLost"],"picked":"GoldRush","floor":33},{"not_picked":["Noise","Logging"],"picked":"SKIP","floor":35},{"not_picked":["WristCuter+1","Tough"],"picked":"SKIP","floor":37},{"not_picked":["ShedSkin+1","Heaven+1"],"picked":"SKIP","floor":38},{"not_picked":["LittlePrince","NakedNest"],"picked":"LaLuna","floor":41},{"not_picked":["MagicBullet+1"],"picked":"Ecstasy+1","floor":41},{"not_picked":["RedEyes+1","Mimicry"],"picked":"SKIP","floor":46},{"not_picked":["CUTE+1"],"picked":"BloodyDesire+1","floor":48}],"player_experience":263981,"relics_obtained":[{"floor":1,"key":"LetterFromLob"},{"floor":6,"key":"Pocketwatch"},{"floor":9,"key":"Eternal Feather"},{"floor":1,"key":"LetterFromLob"},{"floor":6,"key":"Toy Ornithopter"},{"floor":9,"key":"Orichalcum"},{"floor":10,"key":"Shuriken"},{"floor":23,"key":"Ornamental Fan"},{"floor":26,"key":"Hololive_LightStick"},{"floor":28,"key":"Letter Opener"},{"floor":31,"key":"Lantern"},{"floor":31,"key":"RedMistMask"},{"floor":41,"key":"Mercury Hourglass"},{"floor":43,"key":"Gambling Chip"},{"floor":45,"key":"infinitespire:Joker Card"},{"floor":46,"key":"FossilizedHelix"}],"event_choices":[{"damage_healed":0,"gold_gain":0,"cards_transformed":["SomewhereSpear"],"player_choice":"Change","damage_taken":0,"max_hp_gain":0,"max_hp_loss":0,"event_name":"Living Wall","floor":2,"gold_loss":0,"cards_obtained":["Pleasure"]},{"damage_healed":0,"gold_gain":0,"player_choice":"Upgraded","damage_taken":0,"max_hp_gain":0,"max_hp_loss":0,"event_name":"Upgrade Shrine","floor":2,"gold_loss":0,"cards_upgraded":["Pleasure"]},{"damage_healed":0,"gold_gain":0,"player_choice":"Obtained Relic","damage_taken":0,"relics_obtained":["Anchor"],"max_hp_gain":0,"max_hp_loss":0,"event_name":"Addict","floor":21,"gold_loss":85},{"damage_healed":0,"gold_gain":0,"player_choice":"Trade","damage_taken":0,"relics_obtained":["CultistMask"],"max_hp_gain":0,"max_hp_loss":0,"event_name":"FaceTrader","floor":29,"gold_loss":0},{"cards_removed":["GoldRush"],"damage_healed":0,"gold_gain":0,"player_choice":"Purged","damage_taken":0,"max_hp_gain":0,"max_hp_loss":0,"event_name":"Purifier","floor":36,"gold_loss":0},{"damage_healed":0,"gold_gain":0,"player_choice":"Ignored","damage_taken":0,"max_hp_gain":0,"max_hp_loss":0,"event_name":"Tomb of Lord Red Mask","floor":44,"gold_loss":0}],"is_beta":false,"boss_relics":[{"not_picked":["Fusion Hammer","Hololive_Finger"],"picked":"Sozu"},{"not_picked":["Runic Dome","Black Star"],"picked":"Coffee Dripper"}],"items_purged_floors":[],"is_endless":false,"potions_floor_spawned":[3,4,5,6,4,8,10,14,23,28,31,37,46,48],"ascension_level":0}}