{"host":"6iv6hzocosv1haef","time":1611101930,"event":{"mods":["AchievementEnabler","AlwaysNeverKeys","BaseMod","Colored Map","Colored Powertips","Downfall","Friendly Minions","GifTheSpireLib","Highlight Path","Minty Spire (QoL Compilation)","Permanent Neow","Quick Restart","Relic Filter","Relic Sorter","StSLib"],"gold_per_floor":[0,13,26,26,26,46,73,73,105,121,134,134,234,265,280,382,382,282,292,292,292,306,306,333,365,407,419,431,455,486,528,550,562,562,562],"floor_reached":33,"language":"ENG","playtime":2409,"items_purged":[],"score":324,"play_id":"ad01b0b7-8d82-445f-b08f-cbe926a67c1f","local_time":"20210120001850","is_ascension_mode":false,"campfire_choices":[{"data":"Slimebound:CorrosiveSpit","floor":1.0,"key":"SMITH"},{"data":"Slimebound:Nibble","floor":8.0,"key":"SMITH"},{"data":"Slimebound:GoopSpray","floor":12,"key":"SMITH"},{"data":"Slimebound:OozeBath","floor":18,"key":"SMITH"},{"data":"Slimebound:Defend_Slimebound","floor":23,"key":"SMITH"},{"data":"Slimebound:GrowthPunch","floor":28,"key":"SMITH"}],"circlet_count":0,"master_deck":["Slimebound:Strike_Slimebound","Slimebound:Strike_Slimebound","Slimebound:Strike_Slimebound","Slimebound:Defend_Slimebound+1","Slimebound:Defend_Slimebound+1","Slimebound:Defend_Slimebound+1","Slimebound:Split+1","Slimebound:CorrosiveSpit+1","Slimebound:Nibble+1","Slimebound:GoopSpray+1","Slimebound:OozeBath+1","Slimebound:LeechLife","Slimebound:Replication+1","Slimebound:GrowthPunch+1","Slimebound:HauntingLick+1","Slimebound:GoopSpray"],"relics":["Slimebound:AbsorbEndCombatUpgraded","Boot","Blue Candle","Meat on the Bone","downfall:HeartBlessingGreen","MawBank","Singing Bowl","Happy Flower"],"acts_visited":["Exordium","TheCity"],"potions_floor_usage":[33,33,33],"damage_taken":[{"damage":0.0,"enemies":"2 Louse","floor":2.0,"turns":3.0},{"damage":0.0,"enemies":"Small Slimes","floor":3.0,"turns":3.0},{"damage":0.0,"enemies":"Jaw Worm","floor":6.0,"turns":2.0},{"damage":33.0,"enemies":"3 Sentries","floor":9.0,"turns":7.0},{"damage":0.0,"enemies":"3 Louse","floor":10.0,"turns":3.0},{"damage":0,"enemies":"2 Fungi Beasts","floor":11,"turns":3},{"damage":0,"enemies":"Lagavulin","floor":14,"turns":7},{"damage":0,"enemies":"Exordium Thugs","floor":15,"turns":3},{"damage":12,"enemies":"DF_ARCHETYPE_STREAMLINE","floor":16,"turns":12},{"damage":7,"enemies":"3 Byrds","floor":19,"turns":4},{"damage":13,"enemies":"Shell Parasite","floor":22,"turns":4},{"damage":9,"enemies":"3 Cultists","floor":25,"turns":5},{"damage":29,"enemies":"Slavers","floor":26,"turns":9},{"damage":15,"enemies":"Chosen and Byrds","floor":29,"turns":6},{"damage":0,"enemies":"Snecko","floor":30,"turns":7},{"damage":3,"enemies":"Book of Stabbing","floor":31,"turns":7},{"damage":7,"enemies":"Snake Plant","floor":32,"turns":6},{"damage":86,"enemies":"SI_MIRROR_ARCHETYPE","floor":33,"turns":16}],"seed_played":"-5280367150458414390","potions_obtained":[{"floor":6.0,"key":"SpeedPotion"},{"floor":10.0,"key":"ColorlessPotion"},{"floor":14,"key":"LiquidBronze"},{"floor":22,"key":"Energy Potion"}],"is_trial":false,"path_per_floor":["R","M","M","?","?","M","T","R","E","M","M","R","?","E","M","B",null,"R","M","?","?","M","R","T","M","E","?","R","M","M","E","M","B"],"character_chosen":"SLIMEBOUND","items_purchased":[],"campfire_rested":0,"item_purchase_floors":[],"current_hp_per_floor":[65,65,65,65,65,65,65,65,40,42,48,48,48,56,64,57,65,65,65,65,65,65,65,65,65,65,65,65,67,69,71,73,0,0,0],"gold":562,"neow_bonus":"REMOVE_TWO","is_daily":false,"chose_seed":false,"campfire_upgraded":6,"win_rate":0.0,"timestamp":1611101930,"path_taken":["R","M","M","?","?","M","T","R","E","M","M","R","?","E","M","BOSS","R","M","?","?","M","R","T","M","E","?","R","M","M","E","M","BOSS"],"items_purchased_type":[],"build_version":"2020-12-22","purchased_purges":0,"victory":false,"max_hp_per_floor":[65,65,65,65,65,65,65,65,65,65,65,65,65,65,65,65,65,65,65,65,65,65,65,65,65,65,65,65,67,69,71,73,73,73,73],"card_choices":[{"not_picked":["Slimebound:LeechEnergy","Slimebound:Replication"],"picked":"Slimebound:Nibble","floor":2.0},{"not_picked":["Slimebound:ItLooksTasty","Slimebound:LeechEnergy","Slimebound:RollThrough"],"picked":"SKIP","floor":3.0},{"not_picked":["Slimebound:SplitBruiser","Slimebound:RallyTheTroops","Slimebound:SplitLeeching"],"picked":"SKIP","floor":6.0},{"not_picked":["Slimebound:SplitAcid","Slimebound:SplitLeeching","Slimebound:FinishingTackle"],"picked":"SKIP","floor":9.0},{"not_picked":["Slimebound:LeechEnergy","Slimebound:LeechingTouch"],"picked":"Slimebound:GoopSpray","floor":10.0},{"not_picked":["Slimebound:SplitLeeching","Slimebound:DivideAndConquer","Slimebound:LeechingTouch"],"picked":"SKIP","floor":11},{"not_picked":["Slimebound:ViciousTackle","Slimebound:Schlurp"],"picked":"Slimebound:OozeBath","floor":14},{"not_picked":["Slimebound:PressTheAttack","Slimebound:ViciousTackle","Slimebound:LeadByExample"],"picked":"SKIP","floor":15},{"not_picked":["Slimebound:MinionMaster","Slimebound:Teamwork"],"picked":"Slimebound:LeechLife","floor":16},{"not_picked":["Slimebound:RollThrough","Slimebound:GrowthPunch"],"picked":"Slimebound:Replication+1","floor":19},{"not_picked":["Slimebound:SplitAcid+1","Slimebound:RollThrough","Slimebound:FinishingTackle+1"],"picked":"SKIP","floor":22},{"not_picked":["Slimebound:SplitLeeching+1","Slimebound:PressTheAttack"],"picked":"Slimebound:GrowthPunch","floor":25},{"not_picked":["Slimebound:MassRepurpose","Slimebound:LeechEnergy"],"picked":"Slimebound:HauntingLick+1","floor":26},{"not_picked":["Slimebound:SplitAcid","Slimebound:Chomp","Slimebound:GoopSpray"],"picked":"Singing Bowl","floor":29},{"not_picked":["Slimebound:SplitLeeching","Slimebound:GrowthPunch","Slimebound:ViciousTackle+1"],"picked":"Singing Bowl","floor":30},{"not_picked":["Slimebound:ViciousTackle","Slimebound:FlameTackle","Slimebound:GrowthPunch"],"picked":"Singing Bowl","floor":31},{"not_picked":["Slimebound:RollThrough","Slimebound:SamplingLick","Slimebound:Nibble+1"],"picked":"Singing Bowl","floor":32}],"player_experience":171722,"relics_obtained":[{"floor":7.0,"key":"Boot"},{"floor":9.0,"key":"Blue Candle"},{"floor":14,"key":"Meat on the Bone"},{"floor":24,"key":"MawBank"},{"floor":26,"key":"Singing Bowl"},{"floor":31,"key":"Happy Flower"}],"event_choices":[{"cards_removed":["downfall:Malfunctioning"],"damage_healed":0.0,"max_hp_gain":0.0,"max_hp_loss":0.0,"gold_gain":0.0,"event_name":"The Cleric","player_choice":"Card Removal","floor":5.0,"gold_loss":0.0,"damage_taken":0.0},{"damage_healed":0,"gold_gain":0,"player_choice":"Ignored","damage_taken":0,"max_hp_gain":0,"max_hp_loss":0,"event_name":"Ghosts","floor":21,"gold_loss":0},{"damage_healed":0,"gold_gain":0,"player_choice":"Read","damage_taken":0,"max_hp_gain":0,"max_hp_loss":0,"event_name":"The Library","floor":27,"gold_loss":0,"cards_obtained":["Slimebound:GoopSpray"]}],"is_beta":false,"boss_relics":[{"not_picked":["Calling Bell","Runic Pyramid"],"picked":"Slimebound:AbsorbEndCombatUpgraded"}],"items_purged_floors":[],"is_endless":false,"potions_floor_spawned":[6,10,14,15,22,31],"killed_by":"SI_MIRROR_ARCHETYPE","ascension_level":0}}