{"host":"fworv1gvvajf3x0f","time":1611148232,"event":{"mods":["AchievementEnabler","Aspiration","BaseMod","Better Match","Better Note","Better Sensory Stone","Better Third Choice","Better Vampires","Better-Laid Plans","BetterRewards","Colored Map","Colored Powertips","Displayed Cursed Tome","Energized Spire","Good Game Mod","Highlight Path","Infinite Spire","Minty Spire (QoL Compilation)","Poor People Problems","Relic Stats","Replay The Spire","Spicy Shops","StSLib"],"gold_per_floor":[112,112,126,100,6,333,333,367,367,367,378,378,397,423,423,527,527,546,546,546,561,571,599,617,617,617,651,668,668,668,702,702,800,800,813,813,813,813,813,852,852,884,884,884,896,911,954,981,981,981,981,981,137,175,175],"floor_reached":56,"language":"ZHS","playtime":7794,"items_purged":["Defend_B","Strike_B","Auto Shields"],"score":1322,"play_id":"1c7f360f-14be-4284-863b-c4ecd0000b72","local_time":"20210120211032","is_ascension_mode":true,"campfire_choices":[{"floor":7.0,"key":"REST"},{"data":"Sunder","floor":15.0,"key":"SMITH"},{"data":"Turbo","floor":25.0,"key":"SMITH"},{"data":"Double Energy","floor":30.0,"key":"SMITH"},{"data":"aspiration:Polymerization","floor":32.0,"key":"SMITH"},{"data":"Double Energy","floor":41.0,"key":"SMITH"},{"floor":44.0,"key":"RECALL"},{"floor":49.0,"key":"DIG"},{"data":"infinitespire:UltimateForm","floor":52,"key":"SMITH"}],"circlet_count":0,"master_deck":["Strike_B","Strike_B","Defend_B","Defend_B","Zap+1","Dualcast","Electrodynamics","Replay:Dark Deal","Stack","Sunder+1","Defragment","Panic Button","infinitespire:TheBestDefense","White Noise","Storm","Ball Lightning","Pot Of Greed","Pot Of Greed","Turbo+1","Meteor Strike","BootSequence+1","infinitespire:UltimateForm+1","Hologram","ReplayTheSpireMod:Calculation Training","Pot Of Greed","Creative AI","Double Energy+1","Loop+1","aspiration:Polymerization+1","Seek","Double Energy+1","infinitespire:Punishment","Madness","Madness","White Noise","Stack+1","Pot Of Greed","Force Field+1","aspiration:Polymerization","Steam","Capacitor+1","Transmutation","aspiration:Polymerization","White Noise+1","Go for the Eyes","Hologram+1","Recycle","Coolheaded+1"],"relics":["Cracked Core","REME:ComplimentaryCards","Replay:Lucky Slots","Quantum Egg","betterThird:SlimedRelic","Counterbalance","Old Coin","Blood Vial","Pet Ghost","Grinning Jar","Honey Jar","FossilizedHelix","ReplayFunnel","Ginger","Dead Branch","Kunai","energizedSpire:UnstableMolecules","Boot","Bronze Scales","CeramicFish","Chameleon Ring","Mummified Hand","Happy Flower","Orrery","Pear"],"acts_visited":["TheCity","TheBeyond","TheEnding"],"potions_floor_usage":[54],"damage_taken":[{"damage":7.0,"enemies":"Small Slimes","floor":1.0,"turns":2.0},{"damage":1.0,"enemies":"2 Louse","floor":3.0,"turns":2.0},{"damage":13.0,"enemies":"3 Sentries","floor":6.0,"turns":4.0},{"damage":0.0,"enemies":"Gremlin Nob","floor":8.0,"turns":3.0},{"damage":1.0,"enemies":"Cultist","floor":11.0,"turns":3.0},{"damage":0.0,"enemies":"2 Fungi Beasts","floor":13.0,"turns":2.0},{"damage":1.0,"enemies":"Lagavulin","floor":14.0,"turns":5.0},{"damage":0.0,"enemies":"Fading Forest","floor":16.0,"turns":3.0},{"damage":0.0,"enemies":"Spheric Guardian","floor":18.0,"turns":3.0},{"damage":0.0,"enemies":"2 Thieves","floor":21.0,"turns":3.0},{"damage":20.0,"enemies":"Shelled Parasite and Fungi","floor":22.0,"turns":6.0},{"damage":0.0,"enemies":"Gremlin Leader","floor":23.0,"turns":4.0},{"damage":0.0,"enemies":"3 Cultists","floor":24.0,"turns":3.0},{"damage":0.0,"enemies":"Book of Stabbing","floor":27.0,"turns":4.0},{"damage":0.0,"enemies":"Snake Plant","floor":28.0,"turns":3.0},{"damage":0.0,"enemies":"Slavers","floor":31.0,"turns":2.0},{"damage":3.0,"enemies":"Collector","floor":33.0,"turns":7.0},{"damage":0.0,"enemies":"Orb Walker","floor":35.0,"turns":4.0},{"damage":0.0,"enemies":"R_Hoarder","floor":40.0,"turns":4.0},{"damage":0.0,"enemies":"Reptomancer","floor":42.0,"turns":4.0},{"damage":2.0,"enemies":"3 Shapes","floor":45.0,"turns":2.0},{"damage":0.0,"enemies":"Jaw Worm Horde","floor":46.0,"turns":3.0},{"damage":0.0,"enemies":"R_Hoarder","floor":47.0,"turns":5.0},{"damage":0.0,"enemies":"3 Darklings","floor":48.0,"turns":1.0},{"damage":0,"enemies":"Awakened One","floor":50,"turns":6},{"damage":0,"enemies":"Shield and Spear","floor":54,"turns":2},{"damage":0,"enemies":"The Heart","floor":55,"turns":1}],"seed_played":"3700071046447002420","potions_obtained":[{"floor":3.0,"key":"Reflective Coating"},{"floor":11.0,"key":"DuplicationPotion"},{"floor":14.0,"key":"Regen Potion"},{"floor":21.0,"key":"EssenceOfSteel"},{"floor":24.0,"key":"LiquidMemories"},{"floor":27.0,"key":"FocusPotion"},{"floor":28.0,"key":"ColorlessPotion"},{"floor":33.0,"key":"Energy Potion"},{"floor":35.0,"key":"Swift Potion"},{"floor":40.0,"key":"Energy Potion"},{"floor":54,"key":"Block Potion"}],"is_trial":false,"path_per_floor":["M","AVR","M","?","$","E","R","E","T","?","M","?","M","E","R","B",null,"M","?","AVR","M","M","E","M","R","T","E","M","?","R","E","R","B",null,"M","?","?","?","?","E","R","E","T","R","M","M","E","M","R_BF","B",null,"R","$","E","B",null],"character_chosen":"DEFECT","items_purchased":["Replay:Dark Deal","Stack","Sunder","Replay:Lucky Slots","Defragment","Counterbalance","Mummified Hand","Happy Flower","Transmutation","Orrery","Recycle"],"campfire_rested":1,"item_purchase_floors":[0,0,0,0,0,5,53,53,53,53,53],"current_hp_per_floor":[60,60,59,48,48,35,57,57,57,57,58,58,60,61,61,63,75,75,75,75,75,70,72,74,74,74,75,75,75,75,75,75,72,75,75,57,48,48,48,50,50,52,52,52,52,54,56,58,58,60,75,75,75,85,85],"gold":175,"neow_bonus":"","is_daily":false,"chose_seed":false,"campfire_upgraded":6,"win_rate":0.0,"timestamp":1611148232,"path_taken":["M","AVR","M","?","$","E","R","E","T","?","M","?","?","E","R","BOSS","M","?","AVR","M","?","E","M","R","T","E","M","?","R","E","R","BOSS","M","?","?","?","?","E","R","E","T","R","?","M","E","M","R_BF","BOSS","R","$","E","BOSS"],"items_purchased_type":["Card","Card","Card","Relic","Card","Relic","Relic","Relic","Card","Relic","Card"],"build_version":"2020-12-22","purchased_purges":3,"victory":true,"max_hp_per_floor":[75,75,75,75,75,75,75,75,75,75,75,75,75,75,75,75,75,75,75,75,75,75,75,75,75,75,75,75,75,75,75,75,75,75,75,75,75,75,75,75,75,75,75,75,75,75,75,75,75,75,75,75,75,85,85],"relic_stats":{"Blood Vial":27,"Happy Flower":[1],"counters":[156,665],"Mummified Hand":[7],"Dead Branch":[118],"Bronze Scales":[60],"CeramicFish":81,"Ginger":[6],"Kunai":[9],"Boot":[7],"obtain_stats":[{"Golden Egg":31,"energizedSpire:UnstableMolecules":34,"Vampiric Spirits":29,"Whetstone":6,"Ginger":26,"Boot":40,"aspiration:RitualStick":19,"Ring of Searing":11,"Old Coin":6,"Blood Vial":8,"aspiration:PoetsPen":51,"aspiration:BabyByrd":7,"MealTicket":13,"infinitespire:Golems Mask":7,"Fusion Hammer":17,"HandDrill":0,"Kunai":31,"Pear":54,"Counterbalance":5,"Velvet Choker":34,"infinitespire:Magic Flask":10,"Akabeko":29,"aspiration:FrozenJewel":47,"Snecko Scales":29,"ReplayTheSpireMod:Ring of Collecting":12,"Bird Faced Urn":0,"Snecko Eye":34,"Pandora\u0027s Box":17,"CultistMask":14,"Unceasing Top":0,"energizedSpire:PogoStick":34,"King of Hearts":0,"Smiling Mask":7,"Burning Blood":0,"Pet Ghost":9,"Ring of Peace":20,"aspiration:AnachronicSnailShell":46,"Replay:Lucky Slots":24,"WingedGreaves":40,"energizedSpire:HugeHouse":17,"aspiration:FutureDiary":26,"Ring of Panic":11,"Ring of the Snake":0,"NeowsBlessing":0,"Self Forming Clay":9,"betterThird:NestCultRelic":21,"PreservedInsect":23,"infinitespire:Lucky Rock":20,"Ornamental Fan":54,"betterThird:SlimedRelic":4,"Orrery":53,"Art of War":7,"Garlic":12,"Bottled Lightning":26,"Champion Belt":42,"ReplayTheSpireMod:Ring of Challenge":26,"ReplayTheSpireMod:Lightbulb":36,"Toy Ornithopter":28,"infinitespire:Midas Blood":9,"Divine Protection":28,"Calipers":26,"CeramicFish":47,"Vajra":9,"Lizard Tail":9,"Honey Jar":17,"aspiration:ArtOfWarUpgrade":10,"Ring of Hypnosis":12,"Happy Flower":53,"ReplayTheSpireMod:CursedCoin":10,"Dead Branch":27,"aspiration:SeaSaltIceCream":26,"Letter Opener":30,"Shuriken":9,"Bronze Scales":42,"Molten Egg 2":7,"Simple Rune":43,"Onion Ring":46,"infinitespire:EmpoweringShard":19,"Grinning Jar":0,"Pocketwatch":0,"ReplayFunnel":53,"ReplayTheSpireMod:Ring of Exchange":22,"Snecko Heart":17,"Incense Burner":36,"Empty Cage":17,"PrismaticShard":27,"ReplayTheSpireMod:EnergyBall":27,"Replay:Bandana":10,"energizedSpire:CursedPentagram":17,"Chameleon Ring":23,"Mummified Hand":53,"infinitespire:Chaos":0,"Cracked Core":0,"Gremlin Food":36,"aspiration:FetidBarrel":46,"infinitespire:CursedDice":42,"Guide Book":36,"Quantum Egg":2,"infinitespire:EmptyRelic":0,"Odd Mushroom":8,"Orichalcum":0,"Medical Kit":11,"White Beast Statue":0,"Mercury Hourglass":23,"Strange Spoon":31,"REME:ComplimentaryCards":0,"aspiration:WatcherSkillbook":34,"infinitespire:Satchel":12,"Bag of Marbles":41,"Membership Card":0,"PureWater":0,"FossilizedHelix":20},{"Golden Egg":119,"energizedSpire:UnstableMolecules":146,"Vampiric Spirits":35,"Whetstone":57,"Ginger":142,"Boot":148,"aspiration:RitualStick":62,"Ring of Searing":82,"Old Coin":132,"Blood Vial":133,"aspiration:PoetsPen":46,"aspiration:BabyByrd":67,"MealTicket":26,"infinitespire:Golems Mask":81,"Fusion Hammer":112,"HandDrill":64,"Kunai":145,"Pear":155,"Counterbalance":131,"Velvet Choker":94,"infinitespire:Magic Flask":23,"Akabeko":13,"aspiration:FrozenJewel":44,"Snecko Scales":35,"ReplayTheSpireMod:Ring of Collecting":6,"Bird Faced Urn":53,"Snecko Eye":120,"Pandora\u0027s Box":73,"CultistMask":6,"Unceasing Top":18,"energizedSpire:PogoStick":14,"King of Hearts":104,"Smiling Mask":23,"Burning Blood":0,"Pet Ghost":133,"Ring of Peace":9,"aspiration:AnachronicSnailShell":126,"Replay:Lucky Slots":77,"WingedGreaves":97,"energizedSpire:HugeHouse":61,"aspiration:FutureDiary":12,"Ring of Panic":82,"Ring of the Snake":0,"NeowsBlessing":0,"Self Forming Clay":53,"betterThird:NestCultRelic":76,"PreservedInsect":88,"infinitespire:Lucky Rock":9,"Ornamental Fan":103,"betterThird:SlimedRelic":131,"Orrery":154,"Art of War":53,"Garlic":83,"Bottled Lightning":90,"Champion Belt":98,"ReplayTheSpireMod:Ring of Challenge":12,"ReplayTheSpireMod:Lightbulb":95,"Toy Ornithopter":117,"infinitespire:Midas Blood":23,"Divine Protection":13,"Calipers":33,"CeramicFish":152,"Vajra":107,"Lizard Tail":5,"Honey Jar":137,"aspiration:ArtOfWarUpgrade":53,"Ring of Hypnosis":6,"Happy Flower":154,"ReplayTheSpireMod:CursedCoin":23,"Dead Branch":143,"aspiration:SeaSaltIceCream":12,"Letter Opener":92,"Shuriken":81,"Bronze Scales":149,"Molten Egg 2":4,"Simple Rune":124,"Onion Ring":126,"infinitespire:EmpoweringShard":113,"Grinning Jar":18,"Pocketwatch":47,"ReplayFunnel":102,"ReplayTheSpireMod:Ring of Exchange":30,"Snecko Heart":85,"Incense Burner":39,"Empty Cage":7,"PrismaticShard":12,"ReplayTheSpireMod:EnergyBall":90,"Replay:Bandana":23,"energizedSpire:CursedPentagram":28,"Chameleon Ring":31,"Mummified Hand":154,"infinitespire:Chaos":53,"Cracked Core":0,"Gremlin Food":39,"aspiration:FetidBarrel":100,"infinitespire:CursedDice":124,"Guide Book":39,"Quantum Egg":130,"infinitespire:EmptyRelic":53,"Odd Mushroom":68,"Orichalcum":104,"Medical Kit":58,"White Beast Statue":53,"Mercury Hourglass":11,"Strange Spoon":13,"REME:ComplimentaryCards":0,"aspiration:WatcherSkillbook":38,"infinitespire:Satchel":110,"Bag of Marbles":42,"Membership Card":18,"PureWater":53,"FossilizedHelix":138},{"Golden Egg":525,"energizedSpire:UnstableMolecules":633,"Vampiric Spirits":170,"Whetstone":242,"Ginger":617,"Boot":641,"aspiration:RitualStick":272,"Ring of Searing":346,"Old Coin":582,"Blood Vial":585,"aspiration:PoetsPen":208,"aspiration:BabyByrd":291,"MealTicket":124,"infinitespire:Golems Mask":344,"Fusion Hammer":482,"HandDrill":280,"Kunai":626,"Pear":664,"Counterbalance":579,"Velvet Choker":389,"infinitespire:Magic Flask":112,"Akabeko":55,"aspiration:FrozenJewel":199,"Snecko Scales":170,"ReplayTheSpireMod:Ring of Collecting":18,"Bird Faced Urn":233,"Snecko Eye":533,"Pandora\u0027s Box":318,"CultistMask":18,"Unceasing Top":95,"energizedSpire:PogoStick":66,"King of Hearts":435,"Smiling Mask":112,"Burning Blood":0,"Pet Ghost":585,"Ring of Peace":38,"aspiration:AnachronicSnailShell":561,"Replay:Lucky Slots":332,"WingedGreaves":399,"energizedSpire:HugeHouse":265,"aspiration:FutureDiary":49,"Ring of Panic":346,"Ring of the Snake":0,"NeowsBlessing":0,"Self Forming Clay":233,"betterThird:NestCultRelic":327,"PreservedInsect":371,"infinitespire:Lucky Rock":38,"Ornamental Fan":428,"betterThird:SlimedRelic":579,"Orrery":662,"Art of War":233,"Garlic":349,"Bottled Lightning":376,"Champion Belt":403,"ReplayTheSpireMod:Ring of Challenge":49,"ReplayTheSpireMod:Lightbulb":391,"Toy Ornithopter":514,"infinitespire:Midas Blood":112,"Divine Protection":55,"Calipers":160,"CeramicFish":655,"Vajra":447,"Lizard Tail":16,"Honey Jar":598,"aspiration:ArtOfWarUpgrade":233,"Ring of Hypnosis":18,"Happy Flower":662,"ReplayTheSpireMod:CursedCoin":112,"Dead Branch":621,"aspiration:SeaSaltIceCream":49,"Letter Opener":381,"Shuriken":344,"Bronze Scales":645,"Molten Egg 2":11,"Simple Rune":551,"Onion Ring":561,"infinitespire:EmpoweringShard":489,"Grinning Jar":95,"Pocketwatch":209,"ReplayFunnel":422,"ReplayTheSpireMod:Ring of Exchange":147,"Snecko Heart":361,"Incense Burner":184,"Empty Cage":29,"PrismaticShard":49,"ReplayTheSpireMod:EnergyBall":376,"Replay:Bandana":112,"energizedSpire:CursedPentagram":138,"Chameleon Ring":153,"Mummified Hand":662,"infinitespire:Chaos":233,"Cracked Core":0,"Gremlin Food":184,"aspiration:FetidBarrel":413,"infinitespire:CursedDice":551,"Guide Book":184,"Quantum Egg":577,"infinitespire:EmptyRelic":233,"Odd Mushroom":295,"Orichalcum":435,"Medical Kit":247,"White Beast Statue":233,"Mercury Hourglass":46,"Strange Spoon":55,"REME:ComplimentaryCards":0,"aspiration:WatcherSkillbook":181,"infinitespire:Satchel":465,"Bag of Marbles":193,"Membership Card":95,"PureWater":233,"FossilizedHelix":601}]},"card_choices":[{"not_picked":["Chaos","Auto Shields"],"picked":"Panic Button","floor":1.0},{"not_picked":["ReplaySort","Consume"],"picked":"White Noise","floor":3.0},{"not_picked":["Gash","Beam Cell"],"picked":"Storm","floor":6.0},{"not_picked":["Melter","ReplayGash","Streamline"],"picked":"SKIP","floor":8.0},{"not_picked":["Redo","Hello World","Chaos"],"picked":"SKIP","floor":11.0},{"not_picked":["Cold Snap","Coolheaded"],"picked":"Ball Lightning","floor":13.0},{"not_picked":["Undo","Coolheaded"],"picked":"Turbo","floor":14.0},{"not_picked":["Thunder Strike","Buffer"],"picked":"Meteor Strike","floor":16.0},{"not_picked":["Crystallizer","Streamline","Barrage"],"picked":"BootSequence+1","floor":18.0},{"not_picked":["Steam Power","Go for the Eyes+1","Leap+1"],"picked":"Hologram","floor":21.0},{"not_picked":["Cold Snap+1","Leap+1","Barrage"],"picked":"ReplayTheSpireMod:Calculation Training","floor":22.0},{"not_picked":["Rainbow","Hologram","Stack"],"picked":"Creative AI","floor":23.0},{"not_picked":["Darkness","Skim","Sweeping Beam"],"picked":"Double Energy","floor":24.0},{"not_picked":["Ball Lightning+1","Darkness","Multi-Cast"],"picked":"Loop+1","floor":27.0},{"not_picked":["Doom and Gloom+1","Gash","Stack"],"picked":"Auto Shields","floor":28.0},{"not_picked":["Turbo","ReplaySort","Redo"],"picked":"aspiration:Polymerization","floor":31.0},{"not_picked":["All For One","ReplayRNGCard","Core Surge"],"picked":"Seek","floor":33.0},{"not_picked":["Genetic Algorithm","Sweeping Beam+1","Coolheaded"],"picked":"Double Energy","floor":35.0},{"not_picked":["infinitespire:SevenWalls","ReplayTheSpireMod:??????????????????????"],"picked":"infinitespire:Punishment","floor":36.0},{"not_picked":["Self Repair+1","Fusion","FTL"],"picked":"White Noise","floor":40.0},{"not_picked":["Hello World","Leap","Reinforced Body"],"picked":"Stack+1","floor":42.0},{"not_picked":["Crystallizer","Sunder+1","Steam Power+1"],"picked":"Force Field+1","floor":45.0},{"not_picked":["Gash","Glacier+1","Coolheaded"],"picked":"aspiration:Polymerization","floor":46.0},{"not_picked":["Go for the Eyes+1","Conserve Battery+1","Reprogram"],"picked":"Steam","floor":47.0},{"not_picked":["Reboot","Panic Button+1","Static Discharge"],"picked":"Capacitor+1","floor":48.0},{"not_picked":["Stack+1","Doom and Gloom","Heatsinks+1"],"picked":"aspiration:Polymerization","floor":53},{"not_picked":["Cold Snap","Leap+1","Turbo+1"],"picked":"White Noise+1","floor":53},{"not_picked":["Ball Lightning","Turbo","Hologram+1"],"picked":"Go for the Eyes","floor":53},{"not_picked":["Redo+1","Skim+1","Leap"],"picked":"Hologram+1","floor":53},{"not_picked":["Compile Driver+1","ReplayTheSpireMod:Repulse+1","Genetic Algorithm"],"picked":"Coolheaded+1","floor":54}],"player_experience":285969,"relics_obtained":[{"floor":6.0,"key":"Old Coin"},{"floor":8.0,"key":"Blood Vial"},{"floor":9.0,"key":"Pet Ghost"},{"floor":14.0,"key":"Grinning Jar"},{"floor":23.0,"key":"ReplayFunnel"},{"floor":26.0,"key":"Ginger"},{"floor":27.0,"key":"Dead Branch"},{"floor":31.0,"key":"Kunai"},{"floor":40.0,"key":"Boot"},{"floor":42.0,"key":"Bronze Scales"},{"floor":47.0,"key":"CeramicFish"},{"floor":49.0,"key":"Chameleon Ring"},{"floor":54,"key":"Pear"}],"event_choices":[{"damage_healed":0.0,"max_hp_gain":0.0,"max_hp_loss":0.0,"gold_gain":0.0,"event_name":"betterThird:BetterGoop","player_choice":"Slimed","floor":4.0,"gold_loss":26.0,"damage_taken":11.0},{"damage_healed":0.0,"max_hp_gain":0.0,"max_hp_loss":0.0,"gold_gain":0.0,"event_name":"Upgrade Shrine","player_choice":"Upgraded","floor":12.0,"gold_loss":0.0,"damage_taken":0.0,"cards_upgraded":["Zap"]},{"damage_healed":0.0,"max_hp_gain":0.0,"max_hp_loss":0.0,"gold_gain":0.0,"event_name":"Vampires","player_choice":"Ignored","floor":29.0,"gold_loss":0.0,"damage_taken":0.0},{"damage_healed":0.0,"max_hp_gain":0.0,"max_hp_loss":0.0,"gold_gain":0.0,"event_name":"Winding Halls","player_choice":"Embrace Madness","floor":37.0,"gold_loss":0.0,"damage_taken":9.0,"cards_obtained":["Madness","Madness"]},{"damage_healed":0.0,"max_hp_gain":0.0,"max_hp_loss":0.0,"gold_gain":0.0,"event_name":"Tomb of Lord Red Mask","player_choice":"Ignored","floor":38.0,"gold_loss":0.0,"damage_taken":0.0},{"cards_removed":["Strike_B"],"damage_healed":0.0,"max_hp_gain":0.0,"max_hp_loss":0.0,"gold_gain":0.0,"event_name":"Wheel of Change","player_choice":"Card Removal","floor":39.0,"gold_loss":0.0,"damage_taken":0.0}],"is_beta":false,"boss_relics":[{"not_picked":["aspiration:BursterCore","energizedSpire:OgreHead"],"picked":"Honey Jar"},{"not_picked":["aspiration:SilentSkillbook","Tiny House"],"picked":"energizedSpire:UnstableMolecules"}],"items_purged_floors":[2,20,53],"is_endless":false,"potions_floor_spawned":[3,11,14,21,24,27,28,33,35,40,42,45,48,54],"ascension_level":2}}