{"host":"hjw1ay65n7jm40lc","time":1611112761,"event":{"mods":["AchievementEnabler","BaseMod","Block Reminder","Colored Map","Colored Powertips","Curses Come First","Downfall","Googly Eyes","Hermit","Highlight Path","Minty Spire (QoL Compilation)","Quick Restart","Relic Stats","StSLib"],"gold_per_floor":[99,114,129,4,4,19,19,19,49,49,64,64,49,79,94,194,194,194,209,224,239,254,154,204,204,219,219,249,260,160,169,184,293,293,293,308,323,338,218,233,258,258,258,108,138,153,153,153,168,168],"floor_reached":51,"language":"ENG","playtime":3872,"items_purged":["Purity"],"score":1159,"play_id":"dad1c3de-ce63-451d-94a2-092a0fef3e19","local_time":"20210119221921","daily_mods":["Allstar","Vintage","Terminal"],"is_ascension_mode":false,"campfire_choices":[{"data":"Apotheosis","floor":1.0,"key":"SMITH"},{"floor":8.0,"key":"REST"},{"floor":18.0,"key":"RECALL"},{"data":"Mind Blast","floor":23.0,"key":"SMITH"},{"data":"bronze:InfiniteBeams","floor":25.0,"key":"SMITH"},{"data":"bronze:Goto","floor":30.0,"key":"SMITH"},{"data":"bronze:HardenedForm","floor":35.0,"key":"SMITH"}],"circlet_count":0,"master_deck":["bronze:Strike","bronze:Strike","bronze:Strike","bronze:Strike","bronze:Defend","bronze:Defend","bronze:Replicate+1","bronze:Goto+1","Apotheosis+1","Swift Strike","Mind Blast+1","bronze:InfiniteBeams+1","bronze:ChosenStrike+1","bronze:Spike","bronze:FunctionCard","bronze:DelayedGuard+1","bronze:HardenedForm+1"],"relics":["bronze:BronzeCore","Orichalcum","Regal Pillow","Bag of Preparation","MealTicket","Potion Belt","Darkstone Periapt","Akabeko","StrikeDummy","CeramicFish","bronze:MakeshiftBattery","Nunchaku","Anchor","PreservedInsect","Oddly Smooth Stone","downfall:HeartBlessingRed","Juzu Bracelet","champ:DeflectingBracers","Molten Egg 2","Red Mask","downfall:HeartBlessingGreen","Guardian:PocketSentry","Coffee Dripper","Shuriken","Lantern","Gambling Chip","bronze:Timepiece","bronze:ProtectiveGoggles","Kunai","HandDrill","Mummified Hand","Blood Vial","StoneCalendar"],"acts_visited":["Exordium","TheCity","TheBeyond"],"potions_floor_usage":[50,50,50],"damage_taken":[{"damage":0.0,"enemies":"2 Louse","floor":2.0,"turns":2.0},{"damage":0.0,"enemies":"Small Slimes","floor":3.0,"turns":3.0},{"damage":0.0,"enemies":"downfall:FleeingMerchant","floor":4.0,"turns":4.0},{"damage":0.0,"enemies":"Cultist","floor":6.0,"turns":3.0},{"damage":0.0,"enemies":"3 Sentries","floor":9.0,"turns":5.0},{"damage":2.0,"enemies":"3 Sentries","floor":10.0,"turns":5.0},{"damage":8.0,"enemies":"3 Louse","floor":11.0,"turns":3.0},{"damage":0.0,"enemies":"downfall:FleeingMerchant","floor":13.0,"turns":4.0},{"damage":7.0,"enemies":"Lagavulin","floor":14.0,"turns":5.0},{"damage":2.0,"enemies":"Red Slaver","floor":15.0,"turns":2.0},{"damage":18.0,"enemies":"DF_ARCHETYPE_STREAMLINE","floor":16.0,"turns":5.0},{"damage":0.0,"enemies":"Spheric Guardian","floor":19.0,"turns":2.0},{"damage":0.0,"enemies":"Cultist and Chosen","floor":20.0,"turns":3.0},{"damage":0.0,"enemies":"Snecko","floor":21.0,"turns":3.0},{"damage":0.0,"enemies":"3 Cultists","floor":22.0,"turns":3.0},{"damage":0.0,"enemies":"Shelled Parasite and Fungi","floor":26.0,"turns":2.0},{"damage":0.0,"enemies":"Slavers","floor":28.0,"turns":3.0},{"damage":0.0,"enemies":"Masked Bandits","floor":29.0,"turns":3.0},{"damage":0.0,"enemies":"Centurion and Healer","floor":32.0,"turns":3.0},{"damage":1.0,"enemies":"WA_ARCHETYPE_CALM","floor":33.0,"turns":4.0},{"damage":0.0,"enemies":"Orb Walker","floor":36.0,"turns":2.0},{"damage":0.0,"enemies":"3 Darklings","floor":37.0,"turns":3.0},{"damage":0.0,"enemies":"4 Shapes","floor":38.0,"turns":2.0},{"damage":0.0,"enemies":"downfall:FleeingMerchant","floor":39.0,"turns":3.0},{"damage":0.0,"enemies":"Jaw Worm Horde","floor":40.0,"turns":3.0},{"damage":0.0,"enemies":"Giant Head","floor":45.0,"turns":3.0},{"damage":0.0,"enemies":"Sphere and 2 Shapes","floor":46.0,"turns":2.0},{"damage":0.0,"enemies":"4 Shapes","floor":49.0,"turns":2.0},{"damage":4,"enemies":"SI_POISON_ARCHETYPE","floor":50,"turns":4}],"seed_played":"-1760728548950895142","potions_obtained":[{"floor":2.0,"key":"FearPotion"},{"floor":6.0,"key":"sneckomod:MuddlingPotion"},{"floor":9.0,"key":"CultistPotion"},{"floor":11.0,"key":"Guardian:BlockOnCardUsePotion"},{"floor":15.0,"key":"Guardian:BlockOnCardUsePotion"},{"floor":20.0,"key":"SkillPotion"},{"floor":21.0,"key":"SkillPotion"},{"floor":26.0,"key":"bronze:BuildAFunctionPotion"},{"floor":28.0,"key":"SneckoOil"},{"floor":32.0,"key":"Explosive Potion"},{"floor":33.0,"key":"EssenceOfSteel"},{"floor":38.0,"key":"Dexterity Potion"},{"floor":43.0,"key":"bronze:FreeFunctionsPotion"},{"floor":43.0,"key":"AttackPotion"}],"is_trial":false,"path_per_floor":["R","M","M","$","?","M","T","R","E","?","M","?","$","E","M","B",null,"R","M","M","M","M","R","T","R","M","?","E","?","R","?","M","B",null,"R","M","M","M","$","M","T","?","?","$","E","M","?","?","M","B",null],"character_chosen":"THE_AUTOMATON","items_purchased":["bronze:ChosenStrike","bronze:Timepiece","bronze:ProtectiveGoggles","HandDrill"],"campfire_rested":1,"item_purchase_floors":[4,39,39,44],"current_hp_per_floor":[68,67,66,65,23,23,23,56,56,54,46,46,56,49,47,29,52,51,50,49,48,47,46,45,44,43,52,51,50,49,48,47,46,45,44,43,42,41,40,39,38,37,36,35,34,33,32,31,30,26],"gold":168,"neow_bonus":"","is_daily":true,"chose_seed":false,"campfire_upgraded":5,"win_rate":0.0,"timestamp":1611112761,"path_taken":["R","M","M","$","?","M","T","R","E","?","M","?","$","E","M","BOSS","R","M","M","M","M","R","T","R","M","?","E","?","R","?","M","BOSS","R","M","M","M","?","M","T","?","?","?","E","M","?","?","M","BOSS"],"items_purchased_type":["Card","Relic","Relic","Relic"],"build_version":"2020-12-22","purchased_purges":1,"victory":true,"max_hp_per_floor":[68,67,66,65,64,63,62,61,60,59,58,57,56,55,54,53,52,51,50,49,48,47,46,45,44,43,52,51,50,49,48,47,46,45,44,43,42,41,40,39,38,37,36,35,34,33,32,31,30,29],"relic_stats":{"Darkstone Periapt":0,"Regal Pillow":15,"counters":[29,90],"CeramicFish":18,"StoneCalendar":[0],"PreservedInsect":165,"Bag of Preparation":[52],"Juzu Bracelet":2,"Orichalcum":[138],"Blood Vial":0,"Nunchaku":[18],"Shuriken":[24],"Mummified Hand":[5],"Gambling Chip":[21],"MealTicket":11,"HandDrill":[6],"Kunai":[15],"obtain_stats":[{"Darkstone Periapt":9,"Regal Pillow":3,"Lantern":37,"bronze:BronzeCore":0,"CeramicFish":15,"downfall:HeartBlessingGreen":30,"StoneCalendar":49,"Bag of Preparation":5,"Juzu Bracelet":24,"Blood Vial":46,"Nunchaku":19,"Mummified Hand":45,"Gambling Chip":38,"bronze:Timepiece":39,"MealTicket":6,"Red Mask":29,"HandDrill":44,"Kunai":40,"Potion Belt":7,"downfall:HeartBlessingRed":23,"Oddly Smooth Stone":22,"PreservedInsect":21,"champ:DeflectingBracers":26,"Guardian:PocketSentry":32,"Orichalcum":2,"Akabeko":11,"Anchor":20,"bronze:ProtectiveGoggles":39,"Shuriken":36,"Molten Egg 2":28,"Coffee Dripper":34,"StrikeDummy":14,"bronze:MakeshiftBattery":17},{"Darkstone Periapt":5,"Regal Pillow":2,"Lantern":22,"bronze:BronzeCore":0,"CeramicFish":10,"downfall:HeartBlessingGreen":18,"StoneCalendar":28,"Bag of Preparation":3,"Juzu Bracelet":15,"Blood Vial":27,"Nunchaku":12,"Mummified Hand":26,"Gambling Chip":23,"bronze:Timepiece":24,"MealTicket":4,"Red Mask":18,"HandDrill":25,"Kunai":25,"Potion Belt":4,"downfall:HeartBlessingRed":15,"Oddly Smooth Stone":15,"PreservedInsect":14,"champ:DeflectingBracers":16,"Guardian:PocketSentry":19,"Orichalcum":1,"Akabeko":7,"Anchor":13,"bronze:ProtectiveGoggles":24,"Shuriken":21,"Molten Egg 2":17,"Coffee Dripper":20,"StrikeDummy":9,"bronze:MakeshiftBattery":11},{"Darkstone Periapt":17,"Regal Pillow":5,"Lantern":72,"bronze:BronzeCore":0,"CeramicFish":36,"downfall:HeartBlessingGreen":60,"StoneCalendar":86,"Bag of Preparation":9,"Juzu Bracelet":52,"Blood Vial":84,"Nunchaku":43,"Mummified Hand":82,"Gambling Chip":74,"bronze:Timepiece":77,"MealTicket":12,"Red Mask":60,"HandDrill":80,"Kunai":80,"Potion Belt":12,"downfall:HeartBlessingRed":52,"Oddly Smooth Stone":52,"PreservedInsect":49,"champ:DeflectingBracers":54,"Guardian:PocketSentry":63,"Orichalcum":2,"Akabeko":25,"Anchor":46,"bronze:ProtectiveGoggles":77,"Shuriken":69,"Molten Egg 2":57,"Coffee Dripper":67,"StrikeDummy":34,"bronze:MakeshiftBattery":41}]},"card_choices":[{"not_picked":["bronze:DarkDash","bronze:Separator"],"picked":"bronze:InfiniteBeams","floor":4.0},{"not_picked":["bronze:BugBarrage","bronze:Turbo","bronze:CutThrough"],"picked":"SKIP","floor":9.0},{"not_picked":[],"picked":"bronze:Spike","floor":10.0},{"not_picked":["bronze:Deprecate","bronze:OilSpill"],"picked":"bronze:Hardcode","floor":13.0},{"not_picked":["bronze:Philosophize","bronze:CloningBeam","bronze:Branch"],"picked":"SKIP","floor":14.0},{"not_picked":["bronze:ChildClass","bronze:BitShift","bronze:WildBeam+1"],"picked":"SKIP","floor":28.0},{"not_picked":["bronze:CleanCode","bronze:TinkerersToolbox"],"picked":"bronze:HardenedForm","floor":33.0},{"not_picked":["bronze:BuggyMess+1","bronze:BitShift","bronze:Deprecate"],"picked":"SKIP","floor":39.0},{"not_picked":["bronze:WhirlingStrike+1","bronze:Overheat+1","bronze:GetLatest+1"],"picked":"SKIP","floor":45.0}],"player_experience":950596,"relics_obtained":[{"floor":2.0,"key":"Orichalcum"},{"floor":3.0,"key":"Regal Pillow"},{"floor":6.0,"key":"MealTicket"},{"floor":7.0,"key":"Potion Belt"},{"floor":9.0,"key":"Darkstone Periapt"},{"floor":11.0,"key":"Akabeko"},{"floor":14.0,"key":"StrikeDummy"},{"floor":15.0,"key":"CeramicFish"},{"floor":19.0,"key":"Nunchaku"},{"floor":20.0,"key":"Anchor"},{"floor":21.0,"key":"PreservedInsect"},{"floor":22.0,"key":"Oddly Smooth Stone"},{"floor":24.0,"key":"Juzu Bracelet"},{"floor":26.0,"key":"champ:DeflectingBracers"},{"floor":28.0,"key":"Molten Egg 2"},{"floor":29.0,"key":"Red Mask"},{"floor":32.0,"key":"Guardian:PocketSentry"},{"floor":36.0,"key":"Shuriken"},{"floor":37.0,"key":"Lantern"},{"floor":38.0,"key":"Gambling Chip"},{"floor":40.0,"key":"Kunai"},{"floor":45.0,"key":"Mummified Hand"},{"floor":46.0,"key":"Blood Vial"},{"floor":49.0,"key":"StoneCalendar"}],"event_choices":[{"damage_healed":0.0,"max_hp_gain":0.0,"max_hp_loss":0.0,"gold_gain":0.0,"event_name":"Scrap Ooze","player_choice":"Success","floor":5.0,"gold_loss":0.0,"damage_taken":42.0,"relics_obtained":["Bag of Preparation"]},{"damage_healed":0.0,"max_hp_gain":0.0,"max_hp_loss":0.0,"gold_gain":0.0,"event_name":"Masked Bandits","player_choice":"Fought Bandits","floor":29.0,"gold_loss":0.0,"damage_taken":0.0},{"damage_healed":0.0,"max_hp_gain":0.0,"max_hp_loss":0.0,"gold_gain":0.0,"event_name":"Wheel of Change","player_choice":"Full Heal","floor":42.0,"gold_loss":0.0,"damage_taken":0.0},{"damage_healed":0.0,"max_hp_gain":0.0,"max_hp_loss":0.0,"gold_gain":0.0,"event_name":"Lab","player_choice":"Got Potions","floor":43.0,"gold_loss":0.0,"damage_taken":0.0},{"cards_removed":["bronze:Defend"],"damage_healed":0.0,"max_hp_gain":0.0,"max_hp_loss":0.0,"gold_gain":0.0,"event_name":"Falling","player_choice":"Removed Skill","floor":48.0,"gold_loss":0.0,"damage_taken":0.0}],"is_beta":false,"boss_relics":[{"not_picked":["Sozu","Velvet Choker"],"picked":"bronze:MakeshiftBattery"},{"not_picked":["Astrolabe","Snecko Eye"],"picked":"Coffee Dripper"}],"items_purged_floors":[4],"is_endless":false,"potions_floor_spawned":[2,6,9,11,15,20,21,26,28,32,33,38,40,49],"ascension_level":0}}