{"host":"j4g6ia6asvpyu2b0","time":1611148456,"event":{"mods":["BaseMod","Colored Map","Minty Spire (QoL Compilation)","Permanent Neow","Quick Restart","Relic Stats","StSLib","Unceasing Turn Reminder"],"gold_per_floor":[20,20,20,34,58,97,97,130,130,148,179,179,214,214,214,214,214],"floor_reached":16,"language":"ENG","playtime":351,"items_purged":[],"score":205,"play_id":"4b20d06c-bb10-46f7-82ea-762cdfbbb0e0","local_time":"20210120061416","is_ascension_mode":true,"campfire_choices":[{"data":"Biased Cognition","floor":7,"key":"SMITH"},{"floor":12,"key":"REST"},{"data":"White Noise","floor":15,"key":"SMITH"}],"circlet_count":0,"master_deck":["AscendersBane","Strike_B","Strike_B+1","Strike_B","Strike_B","Defend_B","Defend_B","Defend_B","Defend_B","Zap","Dualcast","Biased Cognition+1","Ball Lightning","Genetic Algorithm+1","White Noise+1","Aggregate+1","Seek+1","Cold Snap","Steam+1","Self Repair"],"relics":["Cracked Core","Golden Idol","Toxic Egg 2","Peace Pipe","Torii","Shuriken","Tiny Chest"],"acts_visited":["Exordium"],"potions_floor_usage":[8,11,16],"damage_taken":[{"damage":10,"enemies":"Small Slimes","floor":1,"turns":3},{"damage":4,"enemies":"Jaw Worm","floor":4,"turns":3},{"damage":1,"enemies":"2 Louse","floor":5,"turns":3},{"damage":27,"enemies":"Lagavulin","floor":6,"turns":5},{"damage":20,"enemies":"3 Sentries","floor":8,"turns":4},{"damage":1,"enemies":"2 Fungi Beasts","floor":10,"turns":3},{"damage":1,"enemies":"Gremlin Nob","floor":11,"turns":4},{"damage":1,"enemies":"Lagavulin","floor":13,"turns":6},{"damage":18,"enemies":"The Guardian","floor":16,"turns":2}],"seed_played":"8987286088043159922","potions_obtained":[{"floor":4,"key":"Explosive Potion"},{"floor":6,"key":"PotionOfCapacity"},{"floor":8,"key":"AttackPotion"},{"floor":11,"key":"Energy Potion"}],"is_trial":false,"path_per_floor":["M","?","$","M","M","E","R","E","T","M","E","R","E","?","R","B"],"character_chosen":"DEFECT","items_purchased":[],"campfire_rested":1,"item_purchase_floors":[],"current_hp_per_floor":[58,58,58,54,53,26,26,6,6,5,4,24,23,9,9,0,0],"gold":214,"neow_bonus":"THREE_RARE_CARDS","is_daily":false,"chose_seed":false,"campfire_upgraded":2,"win_rate":0.0,"timestamp":1611148456,"path_taken":["M","?","$","M","M","E","R","E","T","M","E","R","E","?","R","BOSS"],"items_purchased_type":[],"build_version":"2020-12-22","purchased_purges":0,"victory":false,"max_hp_per_floor":[75,69,69,69,69,69,69,69,69,69,69,69,69,69,69,69,69],"relic_stats":{"Peace Pipe":0,"Torii":1,"counters":[9,33],"Golden Idol":40,"Shuriken":[0],"Tiny Chest":0,"obtain_stats":[{"Peace Pipe":8,"Torii":9,"Golden Idol":2,"Shuriken":11,"Tiny Chest":13,"Toxic Egg 2":6,"Cracked Core":0},{"Peace Pipe":5,"Torii":5,"Golden Idol":1,"Shuriken":7,"Tiny Chest":8,"Toxic Egg 2":4,"Cracked Core":0},{"Peace Pipe":18,"Torii":18,"Golden Idol":3,"Shuriken":25,"Tiny Chest":31,"Toxic Egg 2":14,"Cracked Core":0}]},"card_choices":[{"not_picked":["Reboot","Echo Form"],"picked":"Biased Cognition","floor":0},{"not_picked":["Reprogram","White Noise"],"picked":"Ball Lightning","floor":1},{"not_picked":["Scrape","Streamline"],"picked":"Genetic Algorithm","floor":4},{"not_picked":["Cold Snap","Barrage"],"picked":"White Noise","floor":5},{"not_picked":["Double Energy+1","Cold Snap"],"picked":"Aggregate+1","floor":6},{"not_picked":["Streamline","Go for the Eyes"],"picked":"Seek+1","floor":8},{"not_picked":["Doom and Gloom","Go for the Eyes"],"picked":"Cold Snap","floor":10},{"not_picked":["Redo+1","Sunder"],"picked":"Steam+1","floor":11},{"not_picked":["Sweeping Beam","Leap+1"],"picked":"Self Repair","floor":13}],"player_experience":881362,"relics_obtained":[{"floor":6,"key":"Toxic Egg 2"},{"floor":8,"key":"Peace Pipe"},{"floor":9,"key":"Torii"},{"floor":11,"key":"Shuriken"},{"floor":13,"key":"Tiny Chest"}],"event_choices":[{"damage_healed":0,"gold_gain":0,"player_choice":"Lose Max HP","damage_taken":0,"relics_obtained":["Golden Idol"],"max_hp_gain":0,"max_hp_loss":6,"event_name":"Golden Idol","floor":2,"gold_loss":0},{"damage_healed":0,"gold_gain":0,"player_choice":"Entered Light","damage_taken":14,"max_hp_gain":0,"max_hp_loss":0,"event_name":"Shining Light","floor":14,"gold_loss":0,"cards_upgraded":["Genetic Algorithm","Strike_B"]}],"is_beta":false,"boss_relics":[],"items_purged_floors":[],"is_endless":false,"potions_floor_spawned":[4,6,8,11],"killed_by":"The Guardian","ascension_level":12}}