{"host":"j9baodu4kuls384b","time":1611101623,"event":{"mods":["BaseMod","Colored Map","Colored Powertips","Minty Spire (QoL Compilation)","Replay The Spire","StSLib"],"gold_per_floor":[110,121,171,26,49,49,49,70,70,70,109,136,18,55,55,55,55,160,260,291,216,235,255,278,309,332,381,381,421,94,94,94,133,133,248,248,277,209,279,279,298,298,336,364,412,169,192,192,192,214,214,216],"floor_reached":53,"language":"ENG","playtime":4225,"items_purged":["Pain","Voices"],"score":894,"play_id":"99c41ab4-ca69-455c-b3de-6d215a8702d6","local_time":"20210119191343","is_ascension_mode":true,"campfire_choices":[{"data":"Zap","floor":6.0,"key":"SMITH"},{"data":"Cold Snap","floor":10.0,"key":"SMITH"},{"data":"Hologram","floor":32.0,"key":"SMITH"},{"data":"Static Discharge","floor":34.0,"key":"SMITH"},{"data":"White Noise","floor":42.0,"key":"SMITH"},{"floor":51.0,"key":"REST"}],"circlet_count":0,"master_deck":["Zap+1","Dualcast+1","Core Surge+1","Panic Button+1","White Noise+1","Cold Snap+1","Mirror Shield+1","Defragment+1","Coolheaded+1","Conserve Battery","Static Discharge+1","Heatsinks","Buffer+1","Hologram+1","Rip and Tear","ReplayGash","All For One+1","Panic Button","Hallucinations","Glacier+1","Crystallizer+1","Self Repair+1","Injury","Echo Form+1","BasicCrystalCard+1","FIFO Queue+1","Shame","ReplayTheSpireMod:GoodbyeWorld+1","ReplayTheSpireMod:Faulty Equipment","Madness","Madness","Barrage","Barrage","Delirium"],"relics":["Cracked Core","Ring of Hypnosis","Ring of Greed","MawBank","Replay:Bandana","Guide Book","Golden Egg","Prayer Wheel","Counterbalance","Gremlin Food","Replay:Grab Bag","ReplayTheSpireMod:Onyx Gauntlets","Replay:Wanted Poster","Pandora\u0027s Box","Happy Flower","Art of War","Frozen Egg 2","Gambling Chip","Lee\u0027s Waffle","Inserter","Toy Ornithopter","ReplayTheSpireMod:Lightbulb","Strawberry","Letter Opener"],"acts_visited":["TheCity","TheBeyond"],"potions_floor_usage":[52,52],"damage_taken":[{"damage":0.0,"enemies":"Small Slimes","floor":1.0,"turns":2.0},{"damage":0.0,"enemies":"2 Louse","floor":2.0,"turns":1.0},{"damage":0.0,"enemies":"Cultist","floor":5.0,"turns":3.0},{"damage":3.0,"enemies":"Exordium Wildlife","floor":8.0,"turns":5.0},{"damage":11.0,"enemies":"Lagavulin","floor":11.0,"turns":7.0},{"damage":13.0,"enemies":"Large Slime","floor":12.0,"turns":6.0},{"damage":0.0,"enemies":"Replay:BlueRogue","floor":14.0,"turns":4.0},{"damage":7.0,"enemies":"The Guardian","floor":18.0,"turns":9.0},{"damage":26.0,"enemies":"3 Byrds","floor":20.0,"turns":3.0},{"damage":0.0,"enemies":"Chosen","floor":22.0,"turns":4.0},{"damage":0.0,"enemies":"3 Cultists","floor":23.0,"turns":3.0},{"damage":0.0,"enemies":"Snake Plant","floor":24.0,"turns":3.0},{"damage":7.0,"enemies":"Gremlin Leader","floor":25.0,"turns":6.0},{"damage":8.0,"enemies":"Centurion and Healer","floor":26.0,"turns":8.0},{"damage":11.0,"enemies":"Slavers","floor":27.0,"turns":5.0},{"damage":12.0,"enemies":"Replay:Snechameleon","floor":29.0,"turns":4.0},{"damage":17.0,"enemies":"Shelled Parasite and Fungi","floor":33.0,"turns":5.0},{"damage":6.0,"enemies":"Collector","floor":35.0,"turns":9.0},{"damage":10.0,"enemies":"3 Shapes","floor":37.0,"turns":5.0},{"damage":30.0,"enemies":"3 Darklings","floor":41.0,"turns":6.0},{"damage":14.0,"enemies":"R_Hoarder","floor":43.0,"turns":10.0},{"damage":44.0,"enemies":"4 Shapes","floor":44.0,"turns":6.0},{"damage":12.0,"enemies":"Sphere and 2 Shapes","floor":47.0,"turns":4.0},{"damage":1.0,"enemies":"Maw","floor":50.0,"turns":7.0},{"damage":17,"enemies":"Donu and Deca","floor":52,"turns":7}],"seed_played":"-132305795254606102","potions_obtained":[{"floor":2.0,"key":"LiquidBronze"},{"floor":11.0,"key":"Energy Potion"},{"floor":18.0,"key":"Fire Potion"},{"floor":23.0,"key":"EssenceOfDarkness"},{"floor":26.0,"key":"Ancient Potion"},{"floor":35.0,"key":"Dexterity Potion"},{"floor":39.0,"key":"CultistPotion"},{"floor":39.0,"key":"SpeedPotion"},{"floor":41.0,"key":"BlessingOfTheForge"}],"is_trial":false,"path_per_floor":["M","M","?","$","M","R","?","M","T","R","E","M","$","E","PTL","PTL","R_BF","B",null,"M","$","M","M","M","E","M","E","T","E","$","?","R","M","R","B",null,"M","$","?","?","M","R","E","M","T","$","M","?","?","M","R","B",null],"character_chosen":"DEFECT","items_purchased":["Guide Book","Defragment","Coolheaded","Crystallizer+1","Lee\u0027s Waffle","FIFO Queue+1","Letter Opener"],"campfire_rested":1,"item_purchase_floors":[4,13,13,30,30,38,46],"current_hp_per_floor":[75,75,75,75,75,75,75,72,72,72,61,48,48,48,48,48,48,41,75,49,49,49,49,49,42,34,23,23,11,82,82,82,65,65,69,82,82,82,82,82,62,62,58,24,31,31,29,29,18,37,63,66],"gold":216,"neow_bonus":"THREE_RARE_CARDS","is_daily":false,"chose_seed":false,"campfire_upgraded":5,"win_rate":0.0,"timestamp":1611101623,"path_taken":["M","M","?","$","M","R","?","M","T","R","E","M","$","E","PTL","PTL","R_BF","BOSS","M","$","M","M","M","E","M","E","T","E","$","?","R","?","R","BOSS","M","$","?","?","?","R","E","M","T","?","M","?","?","M","R","BOSS"],"items_purchased_type":["Relic","Card","Card","Card","Relic","Card","Relic"],"build_version":"2020-12-22","purchased_purges":2,"victory":true,"max_hp_per_floor":[75,75,75,75,75,75,75,75,75,75,75,75,75,75,75,75,75,75,75,75,75,75,75,75,75,75,75,75,75,82,82,82,82,82,82,82,82,82,82,82,82,82,82,82,89,89,89,89,89,89,89,89],"card_choices":[{"not_picked":["ReplayRNGCard","Creative AI"],"picked":"Core Surge","floor":0.0},{"not_picked":["Sweeping Beam","FTL"],"picked":"Panic Button","floor":1.0},{"not_picked":["Streamline","Panic Button","Stack"],"picked":"SKIP","floor":2.0},{"not_picked":["ReplayTheSpireMod:Reroute Power","Stack"],"picked":"White Noise","floor":5.0},{"not_picked":["Glacier","Aggregate"],"picked":"Cold Snap","floor":8.0},{"not_picked":["FTL","Hologram","Melter"],"picked":"SKIP","floor":11.0},{"not_picked":["Turbo","White Noise","Meteor Strike"],"picked":"SKIP","floor":12.0},{"not_picked":["Leap","Stack","Compile Driver"],"picked":"SKIP","floor":12.0},{"not_picked":["Beam Cell","Rebound"],"picked":"Conserve Battery","floor":14.0},{"not_picked":["Scrape+1","Turbo","Streamline"],"picked":"SKIP","floor":20.0},{"not_picked":["Melter","Panic Button","Go for the Eyes"],"picked":"SKIP","floor":20.0},{"not_picked":["Go for the Eyes","Cold Snap","Hologram"],"picked":"SKIP","floor":22.0},{"not_picked":["Gash","Steam+1","Turbo"],"picked":"SKIP","floor":22.0},{"not_picked":["Compile Driver","Darkness","Reinforced Body+1"],"picked":"SKIP","floor":23.0},{"not_picked":["Consume","Streamline","Rebound+1"],"picked":"SKIP","floor":23.0},{"not_picked":["ReplayTheSpireMod:Reroute Power","Chill","Force Field"],"picked":"SKIP","floor":24.0},{"not_picked":["Conserve Battery+1","Meteor Strike","FTL"],"picked":"SKIP","floor":24.0},{"not_picked":["Hello World","Compile Driver+1","ReplaySolidLightProjector"],"picked":"SKIP","floor":25.0},{"not_picked":["Ball Lightning","Beam Cell+1","Glacier+1"],"picked":"SKIP","floor":26.0},{"not_picked":["Chill+1","Aggregate","Streamline"],"picked":"SKIP","floor":26.0},{"not_picked":["Leap+1","Panic Button+1","Rainbow"],"picked":"SKIP","floor":27.0},{"not_picked":["Barrage","Rebound+1","Glacier+1"],"picked":"SKIP","floor":29.0},{"not_picked":["Barrage","Rebound+1"],"picked":"Glacier+1","floor":29.0},{"not_picked":["Hologram","Sweeping Beam"],"picked":"Self Repair+1","floor":33.0},{"not_picked":["Compile Driver","Go for the Eyes","Tempest"],"picked":"SKIP","floor":33.0},{"not_picked":["ReplayTheSpireMod:Omega Cannon","ReplayTheSpireMod:Fabricate Wheel"],"picked":"Echo Form+1","floor":35.0},{"not_picked":["Darkness","Rebound","Streamline+1"],"picked":"SKIP","floor":37.0},{"not_picked":["Stack","Sweeping Beam","BasicCrystalCard+1"],"picked":"SKIP","floor":37.0},{"not_picked":["Stack","Sweeping Beam"],"picked":"BasicCrystalCard+1","floor":37.0},{"not_picked":["Darkness","Rebound","Streamline+1"],"picked":"SKIP","floor":37.0},{"not_picked":["Coolheaded","Hologram+1"],"picked":"ReplayTheSpireMod:GoodbyeWorld+1","floor":39.0},{"not_picked":["Stack","Go for the Eyes","Coolheaded+1"],"picked":"SKIP","floor":41.0},{"not_picked":["Streamline+1","Conserve Battery+1","Glacier"],"picked":"SKIP","floor":41.0},{"not_picked":["BasicCrystalCard","Conserve Battery","Sweeping Beam+1"],"picked":"SKIP","floor":43.0},{"not_picked":["Panic Button+1","ReplaySort+1","Steam"],"picked":"SKIP","floor":44.0},{"not_picked":["Sunder+1","Coolheaded","Streamline"],"picked":"SKIP","floor":44.0},{"not_picked":["Static Discharge+1","FTL+1","Rip and Tear+1"],"picked":"SKIP","floor":47.0},{"not_picked":["Steam+1","Rebound","Beam Cell+1"],"picked":"SKIP","floor":47.0},{"not_picked":["Rebound+1","Darkness"],"picked":"Barrage","floor":50.0},{"not_picked":["ReplayTheSpireMod:GoodbyeWorld+1","Buffer+1"],"picked":"Barrage","floor":50.0}],"player_experience":198688,"relics_obtained":[{"floor":3.0,"key":"Ring of Hypnosis"},{"floor":3.0,"key":"Ring of Greed"},{"floor":3.0,"key":"MawBank"},{"floor":3.0,"key":"Replay:Bandana"},{"floor":9.0,"key":"Golden Egg"},{"floor":11.0,"key":"Counterbalance"},{"floor":14.0,"key":"Gremlin Food"},{"floor":25.0,"key":"Happy Flower"},{"floor":27.0,"key":"Art of War"},{"floor":28.0,"key":"Frozen Egg 2"},{"floor":29.0,"key":"Gambling Chip"},{"floor":39.0,"key":"Toy Ornithopter"},{"floor":43.0,"key":"ReplayTheSpireMod:Lightbulb"},{"floor":45.0,"key":"Strawberry"}],"event_choices":[{"cards_removed":["Amnesia"],"damage_healed":0.0,"max_hp_gain":0.0,"max_hp_loss":0.0,"gold_gain":0.0,"event_name":"Wheel of Change","player_choice":"Card Removal","floor":31.0,"gold_loss":0.0,"damage_taken":0.0},{"damage_healed":0.0,"max_hp_gain":0.0,"max_hp_loss":0.0,"gold_gain":0.0,"event_name":"NoteForYourself","player_choice":"Ignored","floor":40.0,"gold_loss":0.0,"damage_taken":0.0},{"cards_removed":["Cold Snap"],"damage_healed":0.0,"max_hp_gain":0.0,"max_hp_loss":0.0,"gold_gain":0.0,"event_name":"Falling","player_choice":"Removed Attack","floor":48.0,"gold_loss":0.0,"damage_taken":0.0},{"damage_healed":0.0,"max_hp_gain":0.0,"max_hp_loss":0.0,"gold_gain":0.0,"event_name":"Winding Halls","player_choice":"Embrace Madness","floor":49.0,"gold_loss":0.0,"damage_taken":11.0,"cards_obtained":["Madness","Madness"]}],"is_beta":false,"boss_relics":[{"not_picked":["Kintsugi","Tiny House"],"picked":"Replay:Grab Bag"},{"not_picked":["Philosopher\u0027s Stone","Runic Dome"],"picked":"ReplayTheSpireMod:Onyx Gauntlets"},{"not_picked":["Velvet Choker","Fusion Hammer"],"picked":"Replay:Wanted Poster"},{"not_picked":["Black Star","Snecko Eye"],"picked":"Pandora\u0027s Box"},{"not_picked":["SlaversCollar","Replay:Ancient Bell"],"picked":"Inserter"}],"items_purged_floors":[21,30],"is_endless":false,"potions_floor_spawned":[2,11,18,23,24,26,27,35,37,41,47],"ascension_level":1}}