{"host":"vfh4a5lsno7fg1vy","time":1611136460,"event":{"mods":["BaseMod","Minty Spire (QoL Compilation)","StSLib","Synergy Search"],"gold_per_floor":[111,111,4,20,37,67,67,67,90,90,50,68,89,146,146,248,248,265,180,180,191,65,65,65,83,110,110,110,110],"floor_reached":28,"language":"KOR","playtime":1208,"items_purged":[],"score":260,"play_id":"13e6c3b2-5596-43bf-abc7-7277ad3998bb","local_time":"20210120185420","is_ascension_mode":true,"campfire_choices":[{"data":"Armaments","floor":8.0,"key":"SMITH"},{"floor":15.0,"key":"REST"},{"floor":23.0,"key":"REST"}],"circlet_count":0,"master_deck":["Defend_R","Defend_R","Defend_R+1","Defend_R+1","Bash","Armaments","Inflame","Uppercut","Searing Blow","Headbutt","Armaments+1","Regret","Infernal Blade","Clothesline","Bludgeon","Whirlwind","Brutality+1","Armaments+1","Bite","Bite","Bite","Bite","Bite","Entrench"],"relics":["Burning Blood","War Paint","Potion Belt","Smiling Mask","Orichalcum","Singing Bowl","Odd Mushroom","Torii","Busted Crown","Frozen Egg 2","Dream Catcher","Red Skull","Enchiridion"],"acts_visited":["Exordium","TheCity"],"potions_floor_usage":[],"damage_taken":[{"damage":10.0,"enemies":"Small Slimes","floor":1.0,"turns":3.0},{"damage":11.0,"enemies":"Cultist","floor":4.0,"turns":5.0},{"damage":5.0,"enemies":"Jaw Worm","floor":5.0,"turns":4.0},{"damage":41.0,"enemies":"3 Sentries","floor":6.0,"turns":7.0},{"damage":9.0,"enemies":"3 Louse","floor":12.0,"turns":4.0},{"damage":31.0,"enemies":"The Mushroom Lair","floor":13.0,"turns":5.0},{"damage":28.0,"enemies":"Lagavulin Event","floor":14.0,"turns":6.0},{"damage":19.0,"enemies":"The Guardian","floor":16.0,"turns":8.0},{"damage":31.0,"enemies":"3 Byrds","floor":18.0,"turns":8.0},{"damage":13.0,"enemies":"Shell Parasite","floor":21.0,"turns":4.0},{"damage":36,"enemies":"Snake Plant","floor":25,"turns":5},{"damage":42,"enemies":"Cultist and Chosen","floor":28,"turns":4}],"seed_played":"3694912406883198112","potions_obtained":[{"floor":2.0,"key":"Fruit Juice"},{"floor":2.0,"key":"Energy Potion"},{"floor":2.0,"key":"BlessingOfTheForge"},{"floor":6.0,"key":"FearPotion"},{"floor":11.0,"key":"SneckoOil"},{"floor":11.0,"key":"BloodPotion"},{"floor":11.0,"key":"LiquidMemories"},{"floor":12.0,"key":"EssenceOfSteel"},{"floor":13.0,"key":"Regen Potion"},{"floor":14.0,"key":"PowerPotion"},{"floor":21.0,"key":"EntropicBrew"}],"is_trial":false,"path_per_floor":["M","?","$","M","M","E","?","R","T","?","?","M","?","?","R","B",null,"M","?","?","M","$","R","?","M","T","?","M"],"character_chosen":"IRONCLAD","items_purchased":["Inflame","Uppercut","Brutality+1","Explosive Potion"],"campfire_rested":2,"item_purchase_floors":[3,3,22,22],"current_hp_per_floor":[76,81,81,76,77,42,42,42,42,39,39,38,30,13,39,26,87,62,62,62,57,57,83,62,44,44,28,0,0],"gold":110,"neow_bonus":"RANDOM_COMMON_RELIC","is_daily":false,"chose_seed":false,"campfire_upgraded":1,"win_rate":0.0,"timestamp":1611136460,"path_taken":["M","?","$","?","?","E","?","R","T","?","?","?","?","?","R","BOSS","M","?","?","M","?","R","?","M","T","?","M"],"items_purchased_type":["Card","Card","Card","Potion"],"build_version":"2020-12-22","purchased_purges":0,"victory":false,"max_hp_per_floor":[80,85,85,85,85,85,85,85,85,85,85,87,87,87,87,87,87,87,87,87,89,89,89,62,62,62,62,62,62],"card_choices":[{"not_picked":["Cleave","True Grit"],"picked":"Armaments","floor":1.0},{"not_picked":["Shrug It Off","Twin Strike"],"picked":"Searing Blow","floor":4.0},{"not_picked":["Fire Breathing","Reckless Charge"],"picked":"Headbutt","floor":5.0},{"not_picked":["Thunderclap","Feel No Pain"],"picked":"Armaments","floor":6.0},{"not_picked":["Havoc","Evolve","Intimidate"],"picked":"Singing Bowl","floor":12.0},{"not_picked":["Double Tap","Seeing Red"],"picked":"Infernal Blade","floor":13.0},{"not_picked":["Cleave","Battle Trance"],"picked":"Clothesline","floor":14.0},{"not_picked":["Brutality","Double Tap"],"picked":"Bludgeon","floor":16.0},{"not_picked":[],"picked":"Whirlwind","floor":18.0},{"not_picked":["Armaments"],"picked":"Singing Bowl","floor":21.0},{"not_picked":[],"picked":"Armaments+1","floor":23.0},{"not_picked":[],"picked":"Entrench","floor":25}],"player_experience":209120,"relics_obtained":[{"floor":6.0,"key":"Potion Belt"},{"floor":9.0,"key":"Orichalcum"},{"floor":13.0,"key":"Odd Mushroom"},{"floor":14.0,"key":"Torii"},{"floor":26,"key":"Red Skull"},{"floor":27,"key":"Enchiridion"}],"event_choices":[{"damage_healed":0.0,"max_hp_gain":0.0,"max_hp_loss":0.0,"gold_gain":0.0,"event_name":"Lab","player_choice":"Got Potions","floor":2.0,"gold_loss":0.0,"damage_taken":0.0},{"damage_healed":0.0,"max_hp_gain":0.0,"max_hp_loss":0.0,"gold_gain":0.0,"event_name":"Big Fish","player_choice":"Box","floor":7.0,"gold_loss":0.0,"damage_taken":0.0,"relics_obtained":["Smiling Mask"],"cards_obtained":["Regret"]},{"damage_healed":0.0,"max_hp_gain":0.0,"max_hp_loss":0.0,"gold_gain":0.0,"event_name":"Scrap Ooze","player_choice":"Success","floor":10.0,"gold_loss":0.0,"damage_taken":3.0,"relics_obtained":["Singing Bowl"]},{"damage_healed":0.0,"max_hp_gain":0.0,"max_hp_loss":0.0,"gold_gain":0.0,"event_name":"The Woman in Blue","player_choice":"Bought 3 Potions","floor":11.0,"gold_loss":0.0,"damage_taken":0.0},{"damage_healed":0.0,"max_hp_gain":0.0,"max_hp_loss":0.0,"gold_gain":0.0,"event_name":"Mushrooms","player_choice":"Fought Mushrooms","floor":13.0,"gold_loss":0.0,"damage_taken":0.0},{"damage_healed":0.0,"max_hp_gain":0.0,"max_hp_loss":0.0,"gold_gain":30.0,"event_name":"Dead Adventurer","player_choice":"Searched \u00272\u0027 times","floor":14.0,"gold_loss":0.0,"damage_taken":0.0},{"damage_healed":0.0,"max_hp_gain":0.0,"max_hp_loss":0.0,"gold_gain":0.0,"event_name":"Addict","player_choice":"Obtained Relic","floor":19.0,"gold_loss":85.0,"damage_taken":0.0,"relics_obtained":["Frozen Egg 2"]},{"damage_healed":0.0,"max_hp_gain":0.0,"max_hp_loss":0.0,"gold_gain":0.0,"event_name":"The Mausoleum","player_choice":"Opened","floor":20.0,"gold_loss":0.0,"damage_taken":0.0,"relics_obtained":["Dream Catcher"]},{"damage_healed":0.0,"max_hp_gain":0.0,"max_hp_loss":27.0,"gold_gain":0.0,"event_name":"Vampires","player_choice":"Became a vampire","floor":24.0,"gold_loss":0.0,"damage_taken":0.0,"cards_obtained":["Bite","Bite","Bite","Bite","Bite"]},{"damage_healed":0,"gold_gain":0,"player_choice":"Obtained Book","damage_taken":16,"max_hp_gain":0,"max_hp_loss":0,"event_name":"Cursed Tome","floor":27,"gold_loss":0}],"is_beta":false,"boss_relics":[{"not_picked":["Calling Bell","Tiny House"],"picked":"Busted Crown"}],"items_purged_floors":[],"is_endless":false,"potions_floor_spawned":[6,12,13,14,21],"killed_by":"Cultist and Chosen","ascension_level":2}}