{"host":"fxrgx7wt2cpkbhka","time":1611115915,"event":{"mods":["AchievementEnabler","BaseMod","Colored Powertips","Minty Spire (QoL Compilation)","Permanent Neow","Slay-I","StSLib","Waifu the Spire"],"gold_per_floor":[118,137,153,228,248,248,278,278,328,328,328,328,70,89,89,185,185,204,204,223,223,223,223,223],"floor_reached":23,"language":"ENG","playtime":658,"items_purged":[],"score":274,"play_id":"7e761745-9f21-4b09-a31f-34e53ffa17ee","local_time":"20210119201155","is_ascension_mode":true,"campfire_choices":[{"data":"Infinite Blades","floor":6,"key":"SMITH"},{"floor":8,"key":"REST"},{"data":"Blade Dance","floor":10,"key":"SMITH"},{"data":"Deadly Poison","floor":15,"key":"SMITH"}],"circlet_count":0,"master_deck":["Strike_G","Strike_G","Strike_G","Strike_G","Strike_G","Defend_G","Defend_G","Defend_G","Defend_G","Defend_G+1","Survivor+1","Neutralize+1","All Out Attack","Blade Dance+1","Infinite Blades+1","Deadly Poison+1","Envenom","Bane","Cloak And Dagger"],"relics":["Ring of the Serpent","Bottled Lightning","Potion Belt","Meat on the Bone","Nilry\u0027s Codex"],"acts_visited":["Exordium","TheCity"],"potions_floor_usage":[7,16,18],"damage_taken":[{"damage":12,"enemies":"2 Louse","floor":1,"turns":3},{"damage":0,"enemies":"Jaw Worm","floor":2,"turns":4},{"damage":4,"enemies":"Small Slimes","floor":3,"turns":2},{"damage":2,"enemies":"2 Fungi Beasts","floor":5,"turns":3},{"damage":14,"enemies":"Gremlin Nob","floor":7,"turns":4},{"damage":3,"enemies":"Red Slaver","floor":14,"turns":3},{"damage":21,"enemies":"The Guardian","floor":16,"turns":11},{"damage":11,"enemies":"3 Byrds","floor":18,"turns":4},{"damage":3,"enemies":"Chosen","floor":20,"turns":4},{"damage":44,"enemies":"Gremlin Leader","floor":23,"turns":5}],"seed_played":"4054271266350308055","potions_obtained":[{"floor":1,"key":"Energy Potion"},{"floor":3,"key":"DistilledChaos"},{"floor":7,"key":"CunningPotion"},{"floor":16,"key":"ColorlessPotion"}],"is_trial":false,"path_per_floor":["M","M","M","?","M","R","E","R","T","R","?","?","$","M","R","B",null,"M","?","M","?","$","E"],"character_chosen":"THE_SILENT","items_purchased":["Meat on the Bone"],"campfire_rested":1,"item_purchase_floors":[13],"current_hp_per_floor":[51,51,47,36,34,34,20,41,41,41,64,50,50,47,47,38,62,51,51,48,32,32,0,0],"gold":223,"neow_bonus":"UPGRADE_CARD","is_daily":false,"chose_seed":false,"campfire_upgraded":3,"win_rate":0.0,"timestamp":1611115915,"path_taken":["M","M","M","?","M","R","E","R","T","R","?","?","$","M","R","BOSS","M","?","?","?","$","E"],"items_purchased_type":["Relic"],"build_version":"2020-12-22","purchased_purges":0,"victory":false,"max_hp_per_floor":[70,70,70,70,70,70,70,70,70,70,70,70,70,70,70,70,70,70,70,70,70,70,70,70],"card_choices":[{"not_picked":["Slice","Blade Dance"],"picked":"All Out Attack","floor":1},{"not_picked":["All Out Attack","Concentrate"],"picked":"Blade Dance","floor":2},{"not_picked":["Riddle With Holes","Skewer","Dagger Throw"],"picked":"SKIP","floor":3},{"not_picked":["Quick Slash","Choke"],"picked":"Infinite Blades","floor":5},{"not_picked":["Slice","Riddle With Holes","Flying Knee"],"picked":"SKIP","floor":7},{"not_picked":["Night Terror","Outmaneuver"],"picked":"Deadly Poison","floor":14},{"not_picked":["Venomology","Die Die Die"],"picked":"Envenom","floor":16},{"not_picked":["Quick Slash","Concentrate"],"picked":"Bane","floor":18},{"not_picked":["Flechettes+1","Quick Slash"],"picked":"Cloak And Dagger","floor":20}],"player_experience":716002,"relics_obtained":[{"floor":7,"key":"Bottled Lightning"},{"floor":9,"key":"Potion Belt"},{"floor":21,"key":"Nilry\u0027s Codex"}],"event_choices":[{"damage_healed":0,"gold_gain":75,"player_choice":"Gather Gold","damage_taken":11,"max_hp_gain":0,"max_hp_loss":0,"event_name":"World of Goop","floor":4,"gold_loss":0},{"damage_healed":23,"gold_gain":0,"player_choice":"Banana","damage_taken":0,"max_hp_gain":0,"max_hp_loss":0,"event_name":"Big Fish","floor":11,"gold_loss":0},{"damage_healed":0,"gold_gain":0,"player_choice":"Entered Light","damage_taken":14,"max_hp_gain":0,"max_hp_loss":0,"event_name":"Shining Light","floor":12,"gold_loss":0,"cards_upgraded":["Survivor","Defend_G"]},{"damage_healed":0,"gold_gain":0,"player_choice":"Ignored","damage_taken":0,"max_hp_gain":0,"max_hp_loss":0,"event_name":"Purifier","floor":19,"gold_loss":0},{"damage_healed":0,"gold_gain":0,"player_choice":"Obtained Book","damage_taken":16,"max_hp_gain":0,"max_hp_loss":0,"event_name":"Cursed Tome","floor":21,"gold_loss":0}],"is_beta":false,"boss_relics":[{"not_picked":["Sozu","Calling Bell"],"picked":"Ring of the Serpent"}],"items_purged_floors":[],"is_endless":false,"potions_floor_spawned":[1,3,7,16],"killed_by":"Gremlin Leader","ascension_level":9}}