{"host":"he07elbwfbprxmdo","time":1611171418,"event":{"mods":["BaseMod","Better Skull","Better Third Choice","Better Vampires","Block Reminder","Clockwork Mod","Colored Map","Downfall","Energized Spire","Fox Events","Halation","Hermit","Highlight Path","Marisa????????","Minty Spire (QoL Compilation)","Relic Stats","StSLib","The Animator","The Servant 0.9.4","Unceasing Turn Reminder"],"gold_per_floor":[111,111,121,296,313,313,328,358,430,430,454,45,79,108,108,231,231,265,265,324,324,424,454,454,485,485,512,512,299,325,18,18,128,128,158,182,192,192],"floor_reached":37,"language":"ENG","playtime":4981,"items_purged":["Doubt","Clockwork:Strike"],"score":408,"play_id":"ac1c0391-920b-4614-badf-b8da5fa93d04","local_time":"20210120213658","is_ascension_mode":false,"campfire_choices":[{"floor":6.0,"key":"REST"},{"floor":10.0,"key":"REST"},{"floor":15.0,"key":"REST"},{"floor":24.0,"key":"REST"},{"floor":28,"key":"REST"},{"floor":32,"key":"REST"}],"circlet_count":0,"master_deck":["Clockwork:Strike+1","Clockwork:Strike+1","Clockwork:Strike+1","Clockwork:Shield","Clockwork:Shield+1","Clockwork:Shield","Clockwork:Shield","Clockwork:Tinker+1","Clockwork:WarmUp","Clockwork:SearchingStrike+1","Clockwork:LogisticRegression","Clockwork:SnapKeep","Clockwork:SnapKeep","Clockwork:RevUp+1","Clockwork:RevUp+1","Clockwork:ReactiveNanites+1","Clockwork:RevUp+1","Clockwork:FalseStart+1"],"relics":["Clockwork:MomentumEngine","Mummified Hand","Dream Catcher","halation:IllGainedPizza","Frozen Egg 2","Toxic Egg 2","Lizard Tail","Pantograph","Clockwork:SomewhatSmoothStone","Clockwork:CopperScales","halation:AfternoonTea","Whetstone","halation:LoveArrow"],"acts_visited":["Exordium","TheCity","TheBeyond"],"potions_floor_usage":[25,30,33,37,37],"damage_taken":[{"damage":0.0,"enemies":"2 Louse","floor":1.0,"turns":15.0},{"damage":8.0,"enemies":"Small Slimes","floor":3.0,"turns":13.0},{"damage":13.0,"enemies":"Jaw Worm","floor":5.0,"turns":11.0},{"damage":11.0,"enemies":"Red Slaver","floor":7.0,"turns":8.0},{"damage":33.0,"enemies":"Lagavulin","floor":8.0,"turns":12.0},{"damage":3.0,"enemies":"2 Fungi Beasts","floor":11.0,"turns":5.0},{"damage":33.0,"enemies":"Gremlin Nob","floor":13.0,"turns":6.0},{"damage":0.0,"enemies":"3 Louse","floor":14.0,"turns":12.0},{"damage":10.0,"enemies":"Hexaghost","floor":16.0,"turns":11.0},{"damage":9.0,"enemies":"Shell Parasite","floor":18.0,"turns":10.0},{"damage":7.0,"enemies":"3 Byrds","floor":20.0,"turns":5.0},{"damage":38.0,"enemies":"Sentry and Sphere","floor":23.0,"turns":9.0},{"damage":30,"enemies":"Chosen and Byrds","floor":25,"turns":9},{"damage":8,"enemies":"Shelled Parasite and Fungi","floor":27,"turns":9},{"damage":40,"enemies":"3 Cultists","floor":30,"turns":7},{"damage":24,"enemies":"Champ","floor":33,"turns":12},{"damage":36,"enemies":"3 Darklings","floor":35,"turns":8},{"damage":19,"enemies":"3 Shapes","floor":36,"turns":5},{"damage":73,"enemies":"Writhing Mass","floor":37,"turns":5}],"seed_played":"3225993910116538048","potions_obtained":[{"floor":5.0,"key":"Guardian:BlockOnCardUsePotion"},{"floor":8.0,"key":"SpeedPotion"},{"floor":13.0,"key":"PowerPotion"},{"floor":14.0,"key":"Weak Potion"},{"floor":16.0,"key":"Block Potion"},{"floor":23.0,"key":"champ:CounterPotion"},{"floor":27,"key":"Swift Potion"},{"floor":30,"key":"DistilledChaos"},{"floor":33,"key":"GamblersBrew"},{"floor":36,"key":"Swift Potion"}],"is_trial":false,"path_per_floor":["M","?","M","?","M","R","M","E","T","R","M","$","E","M","R","B",null,"M","?","M","?","?","M","R","M","T","M","R","$","M","$","R","B",null,"M","M","M"],"character_chosen":"CLOCKWORK","items_purchased":["Clockwork:RevUp+1","Toxic Egg 2","Clockwork:CraftCopperScales+1","Clockwork:RevUp+1","halation:AfternoonTea","Whetstone"],"campfire_rested":6,"item_purchase_floors":[12,12,29,29,31,31],"current_hp_per_floor":[85,63,55,55,42,67,56,23,23,48,45,45,12,12,37,27,85,76,76,69,69,69,31,56,26,26,18,43,43,3,3,28,44,85,49,30,0,0],"gold":192,"neow_bonus":"UPGRADE_CARD","is_daily":false,"chose_seed":false,"campfire_upgraded":0,"win_rate":0.0,"timestamp":1611171418,"path_taken":["M","?","M","?","M","R","M","E","T","R","M","$","E","?","R","BOSS","M","?","M","?","?","M","R","M","T","?","R","$","M","$","R","BOSS","M","M","M"],"items_purchased_type":["Card","Relic","Card","Card","Relic","Relic"],"build_version":"2020-12-22","purchased_purges":2,"victory":false,"max_hp_per_floor":[85,85,85,85,85,85,85,85,85,85,85,85,85,85,85,85,85,85,85,85,85,85,85,85,85,85,85,85,85,85,85,85,85,85,85,85,85,85],"relic_stats":{"Dream Catcher":6,"Lizard Tail":42,"counters":[19,172],"Mummified Hand":[65],"Pantograph":25,"Whetstone":["Clockwork:Strike","Clockwork:Strike"],"obtain_stats":[{"Clockwork:CopperScales":30,"Clockwork:SomewhatSmoothStone":27,"halation:IllGainedPizza":8,"Whetstone":31,"Frozen Egg 2":9,"Clockwork:MomentumEngine":0,"halation:LoveArrow":34,"Dream Catcher":2,"Lizard Tail":13,"Mummified Hand":2,"Pantograph":19,"halation:AfternoonTea":31,"Toxic Egg 2":12},{"Clockwork:CopperScales":15,"Clockwork:SomewhatSmoothStone":14,"halation:IllGainedPizza":5,"Whetstone":15,"Frozen Egg 2":5,"Clockwork:MomentumEngine":0,"halation:LoveArrow":16,"Dream Catcher":1,"Lizard Tail":7,"Mummified Hand":1,"Pantograph":10,"halation:AfternoonTea":15,"Toxic Egg 2":6},{"Clockwork:CopperScales":141,"Clockwork:SomewhatSmoothStone":129,"halation:IllGainedPizza":59,"Whetstone":142,"Frozen Egg 2":59,"Clockwork:MomentumEngine":0,"halation:LoveArrow":154,"Dream Catcher":15,"Lizard Tail":70,"Mummified Hand":15,"Pantograph":103,"halation:AfternoonTea":142,"Toxic Egg 2":64}]},"card_choices":[{"not_picked":["Clockwork:Enhance","Clockwork:PerfectedShield","Clockwork:Downsize"],"picked":"SKIP","floor":1.0},{"not_picked":["Clockwork:ChargingShield","Clockwork:Pluck"],"picked":"Clockwork:SmithsMallet","floor":3.0},{"not_picked":["Clockwork:TiltAWhirl","Clockwork:Downsize","Clockwork:LiteraryArmor"],"picked":"SKIP","floor":5.0},{"not_picked":["Clockwork:ChargingBlade","Clockwork:ReserveSystems"],"picked":"Clockwork:SearchingStrike","floor":6.0},{"not_picked":["Clockwork:Selectivity","Clockwork:TimeOut"],"picked":"Clockwork:LogisticRegression","floor":7.0},{"not_picked":["Clockwork:InertialShield","Clockwork:ChargingShield"],"picked":"Clockwork:SnapKeep","floor":8.0},{"not_picked":["Clockwork:SmithsMallet","Clockwork:AdaptiveShield"],"picked":"Clockwork:SnapKeep","floor":10.0},{"not_picked":["Clockwork:Improve","Clockwork:Halt","Clockwork:ChargingBlade"],"picked":"SKIP","floor":11.0},{"not_picked":["Clockwork:ReserveSystems+1","Clockwork:MechanicalBulk+1","Clockwork:Improve+1"],"picked":"SKIP","floor":13.0},{"not_picked":["Clockwork:CogBarrier+1","Clockwork:Friction","Clockwork:Scour+1"],"picked":"SKIP","floor":14.0},{"not_picked":["Clockwork:ChargingBlade","Clockwork:TimeOut+1"],"picked":"Clockwork:RevUp+1","floor":15.0},{"not_picked":["Clockwork:Randomization","Clockwork:TimeWalk+1"],"picked":"Clockwork:ReactiveNanites+1","floor":16.0},{"not_picked":["Clockwork:AdaptiveShield+1","Clockwork:CogBarrier+1","Clockwork:Roundhouse"],"picked":"SKIP","floor":18.0},{"not_picked":["Clockwork:AdaptiveShield+1","Clockwork:SnapKeep","Clockwork:CogToss"],"picked":"SKIP","floor":20.0},{"not_picked":["Clockwork:Friction","Clockwork:Enhance+1","Clockwork:CogBarrier+1"],"picked":"SKIP","floor":23.0},{"not_picked":["Clockwork:Roundhouse","Clockwork:SystemHardening+1"],"picked":"Clockwork:CraftSomewhatSmoothStone+1","floor":24.0},{"not_picked":["Clockwork:TestingEnvironment+1","Clockwork:AssemblyLine+1","Clockwork:RitualDaggerMk0"],"picked":"SKIP","floor":25},{"not_picked":["Clockwork:WindupStrike","Clockwork:ReserveSystems+1","Clockwork:AdaptiveCannon"],"picked":"SKIP","floor":27},{"not_picked":["Clockwork:Efficiency","Clockwork:Improve+1","Clockwork:CogToss"],"picked":"SKIP","floor":30},{"not_picked":["Clockwork:Roundhouse","Clockwork:AdaptiveCannon","Clockwork:Scour+1"],"picked":"SKIP","floor":35},{"not_picked":["Clockwork:QuantumStrike","Clockwork:Friction+1"],"picked":"Clockwork:FalseStart+1","floor":36}],"player_experience":151219,"relics_obtained":[{"floor":8.0,"key":"halation:IllGainedPizza"},{"floor":9.0,"key":"Frozen Egg 2"},{"floor":13.0,"key":"Lizard Tail"}],"event_choices":[{"damage_healed":0.0,"max_hp_gain":0.0,"max_hp_loss":0.0,"gold_gain":1.0,"event_name":"betterThird:BetterScrap","player_choice":"Relic Relic ","floor":2.0,"gold_loss":0.0,"damage_taken":22.0,"cards_obtained":["Storm"]},{"damage_healed":0.0,"max_hp_gain":0.0,"max_hp_loss":0.0,"gold_gain":175.0,"event_name":"betterThird:BetterSerpent","player_choice":"AGREE","floor":4.0,"gold_loss":0.0,"damage_taken":121.0},{"damage_healed":0.0,"max_hp_gain":0.0,"max_hp_loss":0.0,"gold_gain":0.0,"event_name":"The Mausoleum","player_choice":"Opened","floor":19.0,"gold_loss":0.0,"damage_taken":0.0,"relics_obtained":["Pantograph"]},{"damage_healed":0.0,"max_hp_gain":0.0,"max_hp_loss":0.0,"gold_gain":100.0,"event_name":"Golden Shrine","player_choice":"Pray","floor":22.0,"gold_loss":0.0,"damage_taken":0.0}],"is_beta":false,"boss_relics":[{"not_picked":["energizedSpire:RedRose","Coffee Dripper","energizedSpire:CursedPentagram"]},{"not_picked":["energizedSpire:EnergizedDie","Busted Crown"],"picked":"halation:LoveArrow"}],"items_purged_floors":[12,29],"is_endless":false,"potions_floor_spawned":[5,8,13,14,16,23,27,30,33,36],"killed_by":"Writhing Mass","ascension_level":0}}