{"host":"w3q5ijqu8eoknil3","time":1611119843,"event":{"mods":["AchievementEnabler","BaseMod","Block Reminder","Colored Powertips","Curses Come First","Minty Spire (QoL Compilation)","Quick Restart","Relic Stats","StSLib","ojb\u0027s Better Paths Mod","ojb\u0027s Info Mod","slay the spire mod where everything is the same but ironclad has a cowboy hat"],"gold_per_floor":[117,136,136,136,154,195,204,204,274,301,301,301,301],"floor_reached":12,"language":"ENG","playtime":219,"items_purged":[],"score":148,"play_id":"6781d5aa-c164-4e66-99be-9757dcade5e2","local_time":"20210120051723","is_ascension_mode":true,"campfire_choices":[{"data":"Noxious Fumes","floor":8,"key":"SMITH"}],"circlet_count":0,"master_deck":["AscendersBane","Strike_G","Strike_G","Strike_G","Strike_G","Strike_G","Defend_G","Defend_G","Defend_G","Defend_G","Defend_G","Survivor","Neutralize","Blur","Deadly Poison","Noxious Fumes+1","Noxious Fumes","Parasite","Blur"],"relics":["Ring of the Snake","NeowsBlessing","Smiling Mask","CeramicFish","Blue Candle"],"acts_visited":["Exordium"],"potions_floor_usage":[12],"damage_taken":[{"damage":0,"enemies":"Small Slimes","floor":1,"turns":1},{"damage":0,"enemies":"Cultist","floor":2,"turns":1},{"damage":0,"enemies":"Jaw Worm","floor":5,"turns":1},{"damage":54,"enemies":"Lagavulin","floor":6,"turns":10},{"damage":5,"enemies":"Looter","floor":10,"turns":4},{"damage":24,"enemies":"Gremlin Nob","floor":12,"turns":3}],"seed_played":"4814285907052885187","potions_obtained":[{"floor":2,"key":"Fire Potion"},{"floor":6,"key":"LiquidBronze"},{"floor":10,"key":"BlessingOfTheForge"}],"is_trial":false,"path_per_floor":["M","M","?","$","M","E","?","R","T","M","?","E"],"character_chosen":"THE_SILENT","items_purchased":[],"campfire_rested":0,"item_purchase_floors":[],"current_hp_per_floor":[59,59,59,59,59,5,21,21,21,16,16,0,0],"gold":301,"neow_bonus":"THREE_ENEMY_KILL","is_daily":false,"chose_seed":false,"campfire_upgraded":1,"win_rate":0.0,"timestamp":1611119843,"path_taken":["M","M","?","?","?","E","?","R","T","M","?","E"],"items_purchased_type":[],"build_version":"2020-12-22","purchased_purges":0,"victory":false,"max_hp_per_floor":[66,66,66,66,66,66,66,66,66,66,66,66,66],"relic_stats":{"counters":[6,20],"CeramicFish":27,"Blue Candle":[0],"Smiling Mask":0,"obtain_stats":[{"NeowsBlessing":0,"CeramicFish":6,"Blue Candle":9,"Smiling Mask":3,"Ring of the Snake":0},{"NeowsBlessing":0,"CeramicFish":4,"Blue Candle":4,"Smiling Mask":2,"Ring of the Snake":0},{"NeowsBlessing":0,"CeramicFish":13,"Blue Candle":13,"Smiling Mask":2,"Ring of the Snake":0}],"Ring of the Snake":[12]},"card_choices":[{"not_picked":["Backflip","Bane"],"picked":"Blur","floor":1},{"not_picked":["Heel Hook","Terror"],"picked":"Deadly Poison","floor":2},{"not_picked":["Backflip","Heel Hook"],"picked":"Noxious Fumes","floor":5},{"not_picked":["Acrobatics","Endless Agony"],"picked":"Noxious Fumes","floor":6},{"not_picked":["Noxious Fumes","Outmaneuver"],"picked":"Blur","floor":10}],"player_experience":995080,"relics_obtained":[{"floor":6,"key":"CeramicFish"},{"floor":9,"key":"Blue Candle"}],"event_choices":[{"damage_healed":0,"gold_gain":0,"player_choice":"Gave Potion","damage_taken":0,"relics_obtained":["Smiling Mask"],"max_hp_gain":0,"max_hp_loss":0,"event_name":"WeMeetAgain","floor":3,"gold_loss":0},{"damage_healed":16,"gold_gain":0,"player_choice":"Healed and dodged fight","damage_taken":0,"max_hp_gain":0,"max_hp_loss":0,"event_name":"Mushrooms","floor":7,"gold_loss":0,"cards_obtained":["Parasite"]},{"damage_healed":0,"gold_gain":0,"player_choice":"Ignored","damage_taken":0,"max_hp_gain":0,"max_hp_loss":0,"event_name":"Shining Light","floor":11,"gold_loss":0}],"is_beta":false,"boss_relics":[],"items_purged_floors":[],"is_endless":false,"potions_floor_spawned":[2,6,10],"killed_by":"Gremlin Nob","ascension_level":18}}