{"host":"t2jxv9tm8kj57cky","time":1611183907,"event":{"mods":["BaseMod","Minty Spire (QoL Compilation)","StSLib","The Poker Player"],"gold_per_floor":[214,234,251,201,201,201,228,228,228,61,39,39,57,68,68,68,68],"floor_reached":16,"language":"ENG","playtime":686,"items_purged":["Strike_R"],"score":105,"play_id":"26bd5426-7c74-4f11-a498-ac80bce834c5","local_time":"20210120170507","is_ascension_mode":true,"campfire_choices":[{"data":"Body Slam","floor":6,"key":"SMITH"},{"data":"Feed","floor":8,"key":"SMITH"},{"floor":15,"key":"REST"}],"circlet_count":0,"master_deck":["Strike_R","Strike_R","Strike_R","Defend_R","Defend_R","Defend_R","Defend_R","Bash","Dual Wield","Body Slam+1","Regret","Feed+1","Shrug It Off","Metallicize","Parasite","Sentinel","Armaments"],"relics":["Burning Blood","Ornamental Fan","Kunai","Blood Vial"],"acts_visited":["Exordium"],"potions_floor_usage":[7,16],"damage_taken":[{"damage":7,"enemies":"Cultist","floor":1,"turns":5},{"damage":9,"enemies":"2 Louse","floor":2,"turns":4},{"damage":5,"enemies":"Small Slimes","floor":3,"turns":4},{"damage":58,"enemies":"Lagavulin","floor":7,"turns":10},{"damage":3,"enemies":"2 Fungi Beasts","floor":13,"turns":3},{"damage":13,"enemies":"Large Slime","floor":14,"turns":9},{"damage":94,"enemies":"Slime Boss","floor":16,"turns":15}],"seed_played":"-4821483834115515918","potions_obtained":[{"floor":2,"key":"SkillPotion"},{"floor":14,"key":"Ancient Potion"}],"is_trial":false,"path_per_floor":["M","M","M","?","?","R","E","R","T","$","?","?","M","M","R","B"],"character_chosen":"IRONCLAD","items_purchased":["Shrug It Off","Metallicize"],"campfire_rested":1,"item_purchase_floors":[10,10],"current_hp_per_floor":[79,76,77,77,77,77,25,25,25,25,25,45,54,57,84,0,0],"gold":68,"neow_bonus":"HUNDRED_GOLD","is_daily":false,"chose_seed":false,"campfire_upgraded":2,"win_rate":0.0,"timestamp":1611183907,"path_taken":["M","?","M","?","?","R","E","R","T","$","?","?","M","M","R","BOSS"],"items_purchased_type":["Card","Card"],"build_version":"2020-12-22","purchased_purges":1,"victory":false,"max_hp_per_floor":[80,80,80,80,80,80,80,80,80,80,80,80,84,92,92,92,92],"card_choices":[{"not_picked":["Heavy Blade","True Grit"],"picked":"Dual Wield","floor":1},{"not_picked":["Heavy Blade","Reckless Charge","Flex"],"picked":"SKIP","floor":2},{"not_picked":["Ghostly Armor","Cleave"],"picked":"Body Slam","floor":3},{"not_picked":["Evolve","Fire Breathing"],"picked":"Feed","floor":7},{"not_picked":["Ghostly Armor","Flex"],"picked":"Sentinel","floor":13},{"not_picked":["Bloodletting","Havoc"],"picked":"Armaments","floor":14}],"player_experience":82816,"relics_obtained":[{"floor":7,"key":"Kunai"},{"floor":9,"key":"Blood Vial"}],"event_choices":[{"cards_removed":["Strike_R"],"damage_healed":0,"gold_gain":0,"player_choice":"Card Removal","damage_taken":0,"max_hp_gain":0,"max_hp_loss":0,"event_name":"The Cleric","floor":4,"gold_loss":50},{"damage_healed":0,"gold_gain":0,"player_choice":"Box","damage_taken":0,"relics_obtained":["Ornamental Fan"],"max_hp_gain":0,"max_hp_loss":0,"event_name":"Big Fish","floor":5,"gold_loss":0,"cards_obtained":["Regret"]},{"damage_healed":0,"gold_gain":0,"player_choice":"Left Gold","damage_taken":0,"max_hp_gain":0,"max_hp_loss":0,"event_name":"World of Goop","floor":11,"gold_loss":22},{"damage_healed":20,"gold_gain":0,"player_choice":"Healed and dodged fight","damage_taken":0,"max_hp_gain":0,"max_hp_loss":0,"event_name":"Mushrooms","floor":12,"gold_loss":0,"cards_obtained":["Parasite"]}],"is_beta":false,"boss_relics":[],"items_purged_floors":[10],"is_endless":false,"potions_floor_spawned":[2,14],"killed_by":"Slime Boss","ascension_level":1}}