{"host":"50qwps766cbz6ukm","time":1611149739,"event":{"mods":["BaseMod","Colored Map","Colored Powertips","DeckTracker","Highlight Path","Infinite Spire","Minty Spire (QoL Compilation)","Quick Restart","Remove Card Discount Mod","StSLib","SuperFastMode","Synergy Search"],"gold_per_floor":[116,31,31,31,31,31,65,85,85,85,105,19,19,34,34,143,143,165,238,288,298,360,410,410,422,422],"floor_reached":25,"language":"ENG","playtime":593,"items_purged":["Strike_P","Strike_P","Strike_P","Strike_P","Defend_P","Defend_P","Defend_P","Defend_P","Doubt","Shame","Parasite"],"score":317,"play_id":"ec7ceced-d4a5-472c-b803-fb758bd426f4","local_time":"20210120153539","is_ascension_mode":true,"campfire_choices":[{"data":"Adaptation","floor":6,"key":"SMITH"},{"data":"Adaptation","floor":15,"key":"SMITH"},{"floor":24,"key":"REST"}],"circlet_count":0,"master_deck":["Eruption+1","Vigilance","Consecrate","Adaptation+1","infinitespire:UltimateForm+1","Prostrate","Protect","Adaptation+1","Brilliance","DeusExMachina"],"relics":["PureWater","NeowsBlessing","StrikeDummy","infinitespire:Midas Blood","SsserpentHead","infinitespire:Cupcake","CeramicFish","Centennial Puzzle"],"acts_visited":["Exordium","TheCity"],"potions_floor_usage":[16,16],"damage_taken":[{"damage":0,"enemies":"Small Slimes","floor":1,"turns":1},{"damage":0,"enemies":"3 Sentries","floor":7,"turns":1},{"damage":0,"enemies":"2 Louse","floor":8,"turns":1},{"damage":11,"enemies":"Jaw Worm","floor":11,"turns":6},{"damage":11,"enemies":"Exordium Thugs","floor":14,"turns":4},{"damage":22,"enemies":"The Guardian","floor":16,"turns":7},{"damage":4,"enemies":"Chosen","floor":18,"turns":3},{"damage":0,"enemies":"Spheric Guardian","floor":21,"turns":2},{"damage":6,"enemies":"Snake Plant","floor":22,"turns":3},{"damage":37,"enemies":"Gremlin Leader","floor":23,"turns":4},{"damage":53,"enemies":"Slavers","floor":25,"turns":3}],"seed_played":"-4407691413839990807","potions_obtained":[{"floor":8,"key":"LiquidBronze"},{"floor":11,"key":"SkillPotion"},{"floor":14,"key":"Energy Potion"},{"floor":16,"key":"Swift Potion"},{"floor":21,"key":"Weak Potion"}],"is_trial":false,"path_per_floor":["M","$","?","?","?","R","E","M","T","?","M","$","?","M","R","B",null,"M","T","?","M","M","E","R","E"],"character_chosen":"WATCHER","items_purchased":["Adaptation","Adaptation"],"campfire_rested":1,"item_purchase_floors":[2,12],"current_hp_per_floor":[65,65,65,51,51,51,51,51,51,69,58,58,58,47,47,25,58,54,54,69,69,63,26,46,0,0],"gold":422,"neow_bonus":"THREE_ENEMY_KILL","is_daily":false,"chose_seed":false,"campfire_upgraded":2,"win_rate":0.0,"timestamp":1611149739,"path_taken":["M","$","?","?","?","R","E","?","T","?","M","$","?","M","R","BOSS","M","?","?","M","?","E","R","E"],"items_purchased_type":["Card","Card"],"build_version":"2020-12-22","purchased_purges":11,"victory":false,"max_hp_per_floor":[72,72,72,72,72,72,72,72,72,72,72,69,69,69,69,69,69,69,69,69,69,69,69,69,69,69],"card_choices":[{"not_picked":["ClearTheMind","Vengeance"],"picked":"Consecrate","floor":1},{"not_picked":["infinitespire:Execution","infinitespire:Collect"],"picked":"infinitespire:UltimateForm","floor":3},{"not_picked":["JustLucky","ReachHeaven"],"picked":"Prostrate","floor":7},{"not_picked":["WindmillStrike","JustLucky","Crescendo"],"picked":"SKIP","floor":8},{"not_picked":["DeceiveReality","BowlingBash"],"picked":"Protect","floor":11},{"not_picked":["JustLucky","Swivel","Pray"],"picked":"SKIP","floor":14},{"not_picked":["Vault","MasterReality"],"picked":"Brilliance","floor":16},{"not_picked":["BowlingBash+1","JustLucky","SashWhip"],"picked":"SKIP","floor":18},{"not_picked":["CrushJoints","WheelKick+1","ClearTheMind"],"picked":"SKIP","floor":21},{"not_picked":["FlyingSleeves","Protect+1","InnerPeace+1"],"picked":"SKIP","floor":22},{"not_picked":["FlyingSleeves","Protect+1","InnerPeace+1"],"picked":"SKIP","floor":22},{"not_picked":["FlyingSleeves","Protect+1","InnerPeace+1"],"picked":"SKIP","floor":22},{"not_picked":["ClearTheMind+1","Indignation"],"picked":"DeusExMachina","floor":23}],"player_experience":567903,"relics_obtained":[{"floor":7,"key":"StrikeDummy"},{"floor":9,"key":"infinitespire:Midas Blood"},{"floor":19,"key":"CeramicFish"},{"floor":23,"key":"Centennial Puzzle"}],"event_choices":[{"damage_healed":0,"gold_gain":0,"player_choice":"Entered Light","damage_taken":14,"max_hp_gain":0,"max_hp_loss":0,"event_name":"Shining Light","floor":4,"gold_loss":0,"cards_upgraded":["Eruption","infinitespire:UltimateForm"]},{"damage_healed":0,"gold_gain":0,"player_choice":"Ignored","damage_taken":0,"max_hp_gain":0,"max_hp_loss":0,"event_name":"WeMeetAgain","floor":5,"gold_loss":0},{"damage_healed":18,"gold_gain":0,"player_choice":"Healed and dodged fight","damage_taken":0,"max_hp_gain":0,"max_hp_loss":0,"event_name":"Mushrooms","floor":10,"gold_loss":0,"cards_obtained":["Parasite"]},{"damage_healed":0,"gold_gain":0,"player_choice":"Trade","damage_taken":0,"relics_obtained":["SsserpentHead"],"max_hp_gain":0,"max_hp_loss":0,"event_name":"FaceTrader","floor":13,"gold_loss":0},{"damage_healed":23,"gold_gain":0,"player_choice":"Heal","damage_taken":0,"max_hp_gain":0,"max_hp_loss":0,"event_name":"The Library","floor":20,"gold_loss":0}],"is_beta":false,"boss_relics":[{"not_picked":["Runic Pyramid","Coffee Dripper"],"picked":"infinitespire:Cupcake"}],"items_purged_floors":[2,2,2,2,2,2,2,2,12,12,12],"is_endless":false,"potions_floor_spawned":[8,11,14,16,21],"killed_by":"Slavers","ascension_level":6}}