{"host":"fxrgx7wt2cpkbhka","time":1611126460,"event":{"mods":["AchievementEnabler","BaseMod","Colored Powertips","Minty Spire (QoL Compilation)","Permanent Neow","Slay-I","StSLib","Waifu the Spire"],"gold_per_floor":[113,130,130,104,104,104,138,167,235,83,96,96,111,125,125,225,225,244,258,275,291,52,52,72,72,72,72,107,126,126,136,136,136,136],"floor_reached":33,"language":"ENG","playtime":958,"items_purged":[],"score":426,"play_id":"e077fcff-3626-4114-866f-f8a25fbbe51a","local_time":"20210119230740","is_ascension_mode":true,"campfire_choices":[{"data":"Bane","floor":6,"key":"SMITH"},{"data":"Footwork","floor":15,"key":"SMITH"},{"data":"Blur","floor":23,"key":"SMITH"},{"floor":30,"key":"REST"},{"floor":32,"key":"REST"}],"circlet_count":0,"master_deck":["Strike_G","Strike_G","Defend_G","Defend_G","Defend_G","Defend_G","Survivor","Neutralize+1","Poisoned Stab+1","Bane+1","Deadly Poison","Footwork+1","Crippling Poison","Unload","Unload+1","Slice+1","Predator+1","Terror+1","Backflip","Blur+1","Bane+1","Corpse Explosion","Bane+1"],"relics":["Ring of the Snake","NeowsBlessing","Meat on the Bone","Odd Mushroom","Mercury Hourglass","Astrolabe","ClockworkSouvenir","Nloth\u0027s Gift","Kunai"],"acts_visited":["Exordium","TheCity"],"potions_floor_usage":[13,14],"damage_taken":[{"damage":0,"enemies":"2 Louse","floor":1,"turns":1},{"damage":0,"enemies":"Jaw Worm","floor":2,"turns":1},{"damage":0,"enemies":"Gremlin Nob","floor":7,"turns":1},{"damage":33,"enemies":"The Mushroom Lair","floor":8,"turns":5},{"damage":0,"enemies":"Cultist","floor":11,"turns":2},{"damage":5,"enemies":"Gremlin Gang","floor":13,"turns":3},{"damage":8,"enemies":"Exordium Wildlife","floor":14,"turns":3},{"damage":22,"enemies":"The Guardian","floor":16,"turns":10},{"damage":13,"enemies":"Shell Parasite","floor":18,"turns":4},{"damage":4,"enemies":"Chosen","floor":19,"turns":3},{"damage":30,"enemies":"Shelled Parasite and Fungi","floor":20,"turns":3},{"damage":8,"enemies":"3 Cultists","floor":21,"turns":4},{"damage":0,"enemies":"Snecko","floor":24,"turns":4},{"damage":25,"enemies":"Slavers","floor":28,"turns":4},{"damage":10,"enemies":"Snake Plant","floor":29,"turns":3},{"damage":28,"enemies":"Shelled Parasite and Fungi","floor":31,"turns":3},{"damage":69,"enemies":"Champ","floor":33,"turns":9}],"seed_played":"-9106790085381355323","potions_obtained":[{"floor":7,"key":"Poison Potion"},{"floor":8,"key":"Swift Potion"},{"floor":16,"key":"SteroidPotion"},{"floor":18,"key":"LiquidBronze"},{"floor":20,"key":"BlessingOfTheForge"},{"floor":29,"key":"EntropicBrew"}],"is_trial":false,"path_per_floor":["M","M","?","$","?","R","E","?","T","$","M","?","M","M","R","B",null,"M","M","M","M","$","R","M","?","T","$","E","M","R","M","R","B"],"character_chosen":"THE_SILENT","items_purchased":["Bane","Vajra","ClockworkSouvenir","Backflip","Blur"],"campfire_rested":2,"item_purchase_floors":[4,10,22,22,22],"current_hp_per_floor":[63,63,56,56,56,56,56,35,35,35,47,47,42,46,46,36,62,49,45,27,31,31,31,43,43,43,43,30,32,53,37,58,0,0],"gold":136,"neow_bonus":"THREE_ENEMY_KILL","is_daily":false,"chose_seed":false,"campfire_upgraded":3,"win_rate":0.0,"timestamp":1611126460,"path_taken":["M","M","?","$","?","R","E","?","T","$","M","?","M","M","R","BOSS","M","?","M","?","$","R","M","?","T","?","E","M","R","?","R","BOSS"],"items_purchased_type":["Card","Relic","Relic","Card","Card"],"build_version":"2020-12-22","purchased_purges":0,"victory":false,"max_hp_per_floor":[70,70,70,70,70,70,70,70,70,70,70,70,70,70,70,70,70,70,70,70,70,70,70,70,70,70,70,70,70,70,70,70,70,70],"card_choices":[{"not_picked":["Blade Dance","Terror"],"picked":"Poisoned Stab","floor":1},{"not_picked":["Flechettes","Accuracy","Deflect"],"picked":"SKIP","floor":2},{"not_picked":["Tactician","Slice","Phantasmal Killer"],"picked":"SKIP","floor":7},{"not_picked":["Quick Slash","Deflect"],"picked":"Deadly Poison","floor":8},{"not_picked":["Sucker Punch","Bane","Accuracy"],"picked":"SKIP","floor":11},{"not_picked":["Bouncing Flask","Blade Dance"],"picked":"Footwork","floor":13},{"not_picked":["Bane","Acrobatics"],"picked":"Crippling Poison","floor":14},{"not_picked":["Night Terror","Tools of the Trade"],"picked":"Unload","floor":16},{"not_picked":["Masterful Stab+1","Flying Knee","Deadly Poison"],"picked":"SKIP","floor":18},{"not_picked":["Blade Dance","Distraction","Crippling Poison+1"],"picked":"SKIP","floor":19},{"not_picked":["Outmaneuver","Quick Slash+1"],"picked":"Terror+1","floor":20},{"not_picked":["Heel Hook","Wraith Form v2","Finisher"],"picked":"SKIP","floor":21},{"not_picked":["Caltrops","Dodge and Roll"],"picked":"Bane+1","floor":24},{"not_picked":["Night Terror","Venomology"],"picked":"Corpse Explosion","floor":28},{"not_picked":["Deflect","Flying Knee","Quick Slash"],"picked":"SKIP","floor":29},{"not_picked":["Poisoned Stab","Backflip"],"picked":"Bane+1","floor":31}],"player_experience":717501,"relics_obtained":[{"floor":7,"key":"Meat on the Bone"},{"floor":8,"key":"Odd Mushroom"},{"floor":9,"key":"Mercury Hourglass"},{"floor":28,"key":"Kunai"}],"event_choices":[{"cards_removed":["Strike_G"],"damage_healed":0,"gold_gain":0,"player_choice":"Card Removal","damage_taken":7,"max_hp_gain":0,"max_hp_loss":0,"event_name":"Golden Wing","floor":3,"gold_loss":0},{"damage_healed":0,"gold_gain":0,"player_choice":"Grow","damage_taken":0,"max_hp_gain":0,"max_hp_loss":0,"event_name":"Living Wall","floor":5,"gold_loss":0,"cards_upgraded":["Poisoned Stab"]},{"damage_healed":0,"gold_gain":0,"player_choice":"Fought Mushrooms","damage_taken":0,"max_hp_gain":0,"max_hp_loss":0,"event_name":"Mushrooms","floor":8,"gold_loss":0},{"damage_healed":0,"gold_gain":0,"player_choice":"Upgraded","damage_taken":0,"max_hp_gain":0,"max_hp_loss":0,"event_name":"Upgrade Shrine","floor":12,"gold_loss":0,"cards_upgraded":["Neutralize"]},{"damage_healed":0,"gold_gain":0,"player_choice":"Traded Relic","damage_taken":0,"relics_obtained":["Nloth\u0027s Gift"],"max_hp_gain":0,"max_hp_loss":0,"event_name":"N\u0027loth","floor":25,"relics_lost":["Vajra"],"gold_loss":0}],"is_beta":false,"boss_relics":[{"not_picked":["Velvet Choker","Runic Pyramid"],"picked":"Astrolabe"}],"items_purged_floors":[],"is_endless":false,"potions_floor_spawned":[7,8,11,16,18,20,28,29,31],"killed_by":"Champ","ascension_level":9}}