{"host":"l12hrjjiowxu1z6t","time":1611176210,"event":{"mods":["AchievementEnabler","Ascension Reborn","Aspiration","BaseMod","Beaked The Cultist","Card Forge","Colored Map","Conspire","Downfall","Grow up Mod","Hubris","Infinite Spire","Mad Scientist","Minty Spire (QoL Compilation)","Permanent Neow","Relic Sorter","Remove Card Discount Mod","Shop Mod","StSLib","The Animator","The Construct"],"gold_per_floor":[10098,10116,10135,10150,10250,19869,19869,19869,19869,19869,19869,19869,19769,19769,19769,19769,19769,19769,19769,19769,19769,19769,19769,19769,19769,19769,19769,19769,19769,19769,19105,19105,19105,19105,19105,19105,19105,19105,19105,18461,18461,18461,18461,18461,18461,18461,18461,18461,18461,18461],"floor_reached":51,"language":"ENG","playtime":1622,"items_purged":[],"score":1170,"play_id":"a304d565-53c5-4edb-99d5-bc6d2643096a","local_time":"20210120135650","is_ascension_mode":true,"campfire_choices":[{"floor":1,"key":"RECALL"},{"data":"1","floor":13,"key":"LIFT"},{"data":"2","floor":18,"key":"LIFT"},{"data":"3","floor":26,"key":"LIFT"},{"data":"hubris:Rewind","floor":35,"key":"SMITH"},{"floor":43,"key":"REST"}],"circlet_count":0,"master_deck":["Gash+1","Gash+1","Gash+1","Gash+1","Gash+1","Limit Break+1","Limit Break+1","hubris:Rewind+1"],"relics":["Hammer of Thor","Seething Fire","Anvil of the Gods","Unceasing Top","Girya","Vajra","Vajra","Vajra","White Beast Statue","Singing Bowl","Mercury Hourglass","HandDrill","MerchantsRug","Ectoplasm","Ectoplasm","Ectoplasm","Bag of Preparation","hubris:Metronome","downfall:CloakOfManyFaces","CultistMask","FaceOfCleric","NlothsMask","GremlinMask","SsserpentHead","downfall:HeartBlessingRed","conspire:RunicOctahedron","Gambling Chip","Bronze Scales","aspiration:RitualStick","Medical Kit","infinitespire:EmpoweringShard","hubris:Reverence","beaked:SacredDeck","CaptainsWheel","hubris:Towel","Gremlin Horn","aspiration:Nostalgia","bronze:BronzeCore","hubris:PeanutButter","Turnip","aspiration:StickyExplosives_weak","hubris:EvacipatedBox","hubris:KleinBottle"],"acts_visited":["Exordium","TheCity","TheBeyond"],"potions_floor_usage":[16,28,37],"damage_taken":[{"damage":0,"enemies":"Small Slimes","floor":2,"turns":1},{"damage":0,"enemies":"Cultist","floor":3,"turns":1},{"damage":4,"enemies":"conspire:RoseBush","floor":4,"turns":1},{"damage":0,"enemies":"downfall:LadyInBlue","floor":5,"turns":1},{"damage":0,"enemies":"downfall:FleeingMerchant","floor":6,"turns":1},{"damage":0,"enemies":"2 Fungi Beasts","floor":8,"turns":1},{"damage":16,"enemies":"downfall:FaceTrader","floor":10,"turns":2},{"damage":6,"enemies":"Gremlin Gang","floor":11,"turns":2},{"damage":0,"enemies":"Exordium Wildlife","floor":12,"turns":1},{"damage":0,"enemies":"3 Louse","floor":15,"turns":1},{"damage":0,"enemies":"IC_STATUS_ARCHETYPE","floor":16,"turns":1},{"damage":0,"enemies":"3 Byrds","floor":19,"turns":1},{"damage":0,"enemies":"Snake Plant","floor":21,"turns":1},{"damage":0,"enemies":"Shelled Parasite and Fungi","floor":22,"turns":1},{"damage":0,"enemies":"3 Cultists","floor":23,"turns":1},{"damage":0,"enemies":"Snake Plant","floor":27,"turns":1},{"damage":0,"enemies":"Book of Stabbing","floor":28,"turns":1},{"damage":0,"enemies":"Centurion and Healer","floor":29,"turns":1},{"damage":0,"enemies":"Chosen and Byrds","floor":32,"turns":1},{"damage":0,"enemies":"WA_ARCHETYPE_CALM","floor":33,"turns":1},{"damage":0,"enemies":"3 Darklings","floor":37,"turns":1},{"damage":0,"enemies":"conspire:MimicChest","floor":38,"turns":1},{"damage":0,"enemies":"Orb Walker","floor":42,"turns":1},{"damage":0,"enemies":"Reptomancer","floor":44,"turns":1},{"damage":0,"enemies":"Transient","floor":45,"turns":1},{"damage":0,"enemies":"Sphere and 2 Shapes","floor":46,"turns":1},{"damage":0,"enemies":"Writhing Mass","floor":47,"turns":1},{"damage":0,"enemies":"3 Darklings","floor":49,"turns":1},{"damage":0,"enemies":"SI_POISON_ARCHETYPE","floor":50,"turns":2}],"seed_played":"7356967237879291947","potions_obtained":[{"floor":4,"key":"hexamod:EctoCoolerPotion"},{"floor":5,"key":"DuplicationPotion"},{"floor":16,"key":"Weak Potion"},{"floor":29,"key":"LiquidMemories"},{"floor":37,"key":"LiquidMemories"}],"is_trial":false,"path_per_floor":["R","M","M","M","?","$","T","M","?","?","M","M","R","?","M","B",null,"R","M","$","M","M","M","T","AVR","R","M","E","M","?","$","M","B",null,"R","?","M","?","?","$","T","M","R","E","M","M","M","$","M","B",null],"character_chosen":"THE_SPIRIT","items_purchased":["Singing Bowl","Mercury Hourglass","HandDrill","MerchantsRug","Medical Kit","infinitespire:EmpoweringShard","hubris:Reverence","Gremlin Horn","aspiration:Nostalgia","hubris:PeanutButter","hubris:EvacipatedBox","hubris:KleinBottle"],"campfire_rested":1,"item_purchase_floors":[6,6,6,6,31,31,31,40,40,40,48,48],"current_hp_per_floor":[90,100,110,116,126,136,146,158,168,164,171,184,194,204,217,230,266,276,289,299,312,325,338,348,358,368,381,394,407,417,427,440,453,463,473,483,496,509,519,529,539,552,562,575,588,601,614,588,601,612],"gold":18461,"neow_bonus":"BOSS_RELIC","is_daily":false,"chose_seed":false,"campfire_upgraded":1,"win_rate":0.0,"timestamp":1611176210,"path_taken":["R","M","M","M","?","?","T","M","?","?","M","?","R","?","M","BOSS","R","M","$","M","M","M","T","AVR","R","M","E","M","?","$","M","BOSS","R","?","M","?","?","$","T","M","R","E","?","M","M","?","M","BOSS"],"items_purchased_type":["Relic","Relic","Relic","Relic","Relic","Relic","Relic","Relic","Relic","Relic","Relic","Relic"],"build_version":"2020-12-22","purchased_purges":0,"victory":true,"max_hp_per_floor":[90,100,110,120,130,140,150,162,172,184,197,210,220,230,243,256,266,276,289,299,312,325,338,348,358,368,381,394,407,417,427,440,453,463,473,483,496,509,519,529,539,552,562,575,588,601,614,626,639,650],"card_choices":[{"not_picked":["hexamod:DynamicBlow","hexamod:ThermalTransfer","hexamod:Again"],"picked":"SKIP","floor":2},{"not_picked":["hexamod:HeatCrush","hexamod:ThermalTransfer","hexamod:FastForward"],"picked":"SKIP","floor":3},{"not_picked":["hexamod:BurningTouch","hexamod:RecurringNightmare","hexamod:SixthSeal"],"picked":"SKIP","floor":4},{"not_picked":["hexamod:SuperheatedStrike","hexamod:SwordOfDarkness","hexamod:Rewind"],"picked":"SKIP","floor":6},{"not_picked":["hexamod:Firestarter","hexamod:SpectralSpark","hexamod:GhostLash"],"picked":"Singing Bowl","floor":8},{"not_picked":["hexamod:DynamicBlow","hexamod:SkipABeat","hexamod:SwordOfDarkness"],"picked":"Singing Bowl","floor":10},{"not_picked":["hexamod:SoulSteal","hexamod:PhantomFireball","hexamod:HeatShield"],"picked":"Singing Bowl","floor":11},{"not_picked":["hexamod:Hexaguard","hexamod:SwordOfDarkness","hexamod:HeatCrush"],"picked":"Singing Bowl","floor":12},{"not_picked":["hexamod:SpectralSpark","hexamod:NightmareStrike","hexamod:FourthSeal"],"picked":"Singing Bowl","floor":15},{"not_picked":["hexamod:WildfireWeapon","hexamod:SearingWound","hexamod:FlameSwitch"],"picked":"Singing Bowl","floor":16},{"not_picked":["hexamod:StepThrough","hexamod:ShieldOfDarkness","hexamod:Hexaguard"],"picked":"Singing Bowl","floor":19},{"not_picked":["hexamod:SuperheatedStrike","hexamod:FastForward+1","hexamod:Hexaguard"],"picked":"Singing Bowl","floor":21},{"not_picked":["hexamod:Firestarter","hexamod:SoulSteal","hexamod:EmpoweredFlame+1"],"picked":"Singing Bowl","floor":22},{"not_picked":["hexamod:GhostShield","hexamod:NightmareGuise","hexamod:SixthSeal"],"picked":"Singing Bowl","floor":23},{"not_picked":["hexamod:Haunt","hexamod:HauntingEcho","hexamod:NightmareStrike"],"picked":"Singing Bowl","floor":27},{"not_picked":["hexamod:SpectersWail","hexamod:Firestarter","hexamod:SwordOfDarkness"],"picked":"Singing Bowl","floor":28},{"not_picked":["hexamod:NightmareGuise","hexamod:RainOfEmbers","hexamod:HeatMetal"],"picked":"Singing Bowl","floor":29},{"not_picked":["hexamod:SuperheatedStrike","hexamod:NightmareStrike","hexamod:Hexaguard"],"picked":"Singing Bowl","floor":32},{"not_picked":["hexamod:ApocalypseNow","hexamod:TurnItUp","hexamod:SixthSeal"],"picked":"Singing Bowl","floor":33},{"not_picked":["hexamod:SuperheatedStrike+1","hexamod:DynamicBlow","hexamod:PhantomFireball"],"picked":"Singing Bowl","floor":37},{"not_picked":["hexamod:ThermalTransfer+1","hexamod:ExtraCrispy+1","hexamod:CatchUp"],"picked":"Singing Bowl","floor":38},{"not_picked":["hexamod:GhostOfSpirePast","hexamod:BurningTouch","hexamod:ShieldOfDarkness"],"picked":"Singing Bowl","floor":42},{"not_picked":["hexamod:ThermalTransfer+1","hexamod:InspiringFlames+1","hexamod:Toasty"],"picked":"Singing Bowl","floor":44},{"not_picked":["hexamod:FlamesFromBeyond","hexamod:GhostflameBarrier+1","hexamod:GhostShield+1"],"picked":"Singing Bowl","floor":45},{"not_picked":["hexamod:VolcanoVisage","hexamod:SuperheatedStrike+1","hexamod:NightmareGuise"],"picked":"Singing Bowl","floor":46},{"not_picked":["hexamod:PhantomFireball","hexamod:PhantomCloak","hexamod:FlamesFromBeyond+1"],"picked":"Singing Bowl","floor":47},{"not_picked":["hubris:InfiniteBlow","infinitespire:Starlight","infinitespire:FinalStrike"],"picked":"Singing Bowl","floor":48},{"not_picked":["hexamod:ThirdSeal","hexamod:GhostflameInferno","hexamod:SpectersWail+1"],"picked":"Singing Bowl","floor":49}],"player_experience":104653,"relics_obtained":[{"floor":5,"key":"White Beast Statue"},{"floor":7,"key":"Bag of Preparation"},{"floor":10,"key":"downfall:CloakOfManyFaces"},{"floor":28,"key":"Bronze Scales"},{"floor":38,"key":"CaptainsWheel"},{"floor":41,"key":"Turnip"},{"floor":44,"key":"aspiration:StickyExplosives_weak"}],"event_choices":[{"damage_healed":0,"gold_gain":0,"player_choice":"Box","damage_taken":0,"relics_obtained":["hubris:Metronome"],"max_hp_gain":0,"max_hp_loss":0,"event_name":"Big Fish","floor":9,"gold_loss":0,"cards_obtained":["Regret"]}],"is_beta":false,"boss_relics":[{"not_picked":["aspiration:FutureDiary","aspiration:RitualDagger"],"picked":"conspire:RunicOctahedron"},{"not_picked":["hubris:Stopwatch","Coffee Dripper"],"picked":"beaked:SacredDeck"}],"items_purged_floors":[],"is_endless":false,"potions_floor_spawned":[4,5,6,8,10,11,12,15,16,19,21,22,23,27,28,29,32,33,37,38,42,44,45,46,47,49],"ascension_level":0}}