{"host":"ydg0vn0pu4pubmdt","time":1611102152,"event":{"mods":["AchievementEnabler","BaseMod","Colored Map","Gold Saver","Minty Spire (QoL Compilation)","Quick Restart","SuperFastMode"],"gold_per_floor":[349,394,394,439,364,364,364,264,289,14,14,14,104,149,149,449,449,494,539,56,101,146,146,191,191,216,216,261,111,111,210,210,510,510,555,600,510,272,317,362,407,407,432,507,507,552,597,642,642,642],"floor_reached":51,"language":"KOR","playtime":1748,"items_purged":["Mind Blast","Strike_P","Transmutation","Strike_P","Meditate"],"score":728,"play_id":"d318b622-77c5-4ef3-a71b-1090189eb045","local_time":"20210120092232","daily_mods":["Allstar","Time Dilation","Midas"],"is_ascension_mode":false,"campfire_choices":[{"floor":6.0,"key":"REST"},{"floor":15.0,"key":"REST"},{"floor":23.0,"key":"DIG"},{"floor":25.0,"key":"DIG"},{"floor":27.0,"key":"REST"},{"floor":30.0,"key":"DIG"},{"floor":32.0,"key":"DIG"},{"floor":42,"key":"REST"},{"floor":45,"key":"REST"},{"floor":49,"key":"REST"}],"circlet_count":0,"master_deck":["Eruption","Vigilance","Impatience","Secret Technique","Bandage Up","SandsOfTime+1","DeusExMachina","FlurryOfBlows","FollowUp","Scrawl","Halt","Apotheosis","Adaptation","EmptyBody+1","Halt+1","DevaForm","EmptyFist","Devotion","Ragnarok+1","Prostrate+1","Wish","FearNoEvil+1","Wallop"],"relics":["PureWater","Boot","Medical Kit","Damaru","Runic Pyramid","Shovel","Lantern","Ornamental Fan","Orichalcum","Question Card","Pandora\u0027s Box","Membership Card","Oddly Smooth Stone"],"acts_visited":["Exordium","TheCity","TheBeyond"],"potions_floor_usage":[39,50],"damage_taken":[{"damage":0.0,"enemies":"Small Slimes","floor":1.0,"turns":3.0},{"damage":0.0,"enemies":"Jaw Worm","floor":2.0,"turns":3.0},{"damage":5.0,"enemies":"2 Louse","floor":4.0,"turns":3.0},{"damage":29.0,"enemies":"3 Sentries","floor":13.0,"turns":7.0},{"damage":13.0,"enemies":"2 Fungi Beasts","floor":14.0,"turns":3.0},{"damage":30.0,"enemies":"Hexaghost","floor":16.0,"turns":6.0},{"damage":0.0,"enemies":"Spheric Guardian","floor":18.0,"turns":2.0},{"damage":5.0,"enemies":"3 Byrds","floor":19.0,"turns":3.0},{"damage":11.0,"enemies":"Shelled Parasite and Fungi","floor":21.0,"turns":2.0},{"damage":15.0,"enemies":"Snake Plant","floor":22.0,"turns":3.0},{"damage":18.0,"enemies":"Sentry and Sphere","floor":24.0,"turns":3.0},{"damage":10.0,"enemies":"Centurion and Healer","floor":28.0,"turns":2.0},{"damage":0.0,"enemies":"Champ","floor":33.0,"turns":8.0},{"damage":18.0,"enemies":"3 Shapes","floor":35.0,"turns":3.0},{"damage":5.0,"enemies":"Orb Walker","floor":36.0,"turns":2.0},{"damage":30,"enemies":"Transient","floor":39,"turns":5},{"damage":7,"enemies":"Maw","floor":40,"turns":4},{"damage":12,"enemies":"Writhing Mass","floor":41,"turns":3},{"damage":0,"enemies":"Sphere and 2 Shapes","floor":44,"turns":3},{"damage":25,"enemies":"Spire Growth","floor":46,"turns":4},{"damage":4,"enemies":"Transient","floor":47,"turns":5},{"damage":9,"enemies":"4 Shapes","floor":48,"turns":1},{"damage":21,"enemies":"Donu and Deca","floor":50,"turns":4}],"seed_played":"3706737729498028133","potions_obtained":[{"floor":1.0,"key":"Strength Potion"},{"floor":2.0,"key":"FearPotion"},{"floor":16.0,"key":"DuplicationPotion"},{"floor":19.0,"key":"Dexterity Potion"}],"is_trial":false,"path_per_floor":["M","M","?","M","$","R","?","$","T","$","?","?","E","M","R","B",null,"M","M","$","M","M","R","M","R","T","R","M","$","R","?","R","B",null,"M","M","?","$","M","M","M","R","T","M","R","M","M","M","R","B",null],"character_chosen":"WATCHER","items_purchased":["Medical Kit","Apotheosis","Shovel","Membership Card"],"campfire_rested":6,"item_purchase_floors":[10,20,20,38],"current_hp_per_floor":[72,72,77,72,72,77,62,62,62,62,55,55,30,21,44,18,77,77,76,76,65,56,56,42,42,42,65,55,55,55,55,55,61,77,59,54,54,54,32,31,25,48,48,54,77,58,60,57,77,62],"gold":642,"neow_bonus":"","is_daily":true,"chose_seed":false,"campfire_upgraded":0,"win_rate":0.0,"timestamp":1611102152,"path_taken":["M","M","?","M","$","R","?","$","T","?","?","?","E","M","R","BOSS","M","M","$","M","M","R","M","R","T","R","M","$","R","?","R","BOSS","M","M","?","$","M","M","M","R","T","?","R","M","M","M","R","BOSS"],"items_purchased_type":["Relic","Card","Relic","Relic"],"build_version":"2020-12-22","purchased_purges":5,"victory":true,"max_hp_per_floor":[72,72,77,77,77,77,77,77,77,77,77,77,77,77,77,77,77,77,77,77,77,77,77,77,77,77,77,77,77,77,77,77,77,77,77,77,77,77,77,77,77,77,77,77,77,77,77,77,77,77],"card_choices":[{"not_picked":["Prostrate","Evaluate"],"picked":"SandsOfTime","floor":1.0},{"not_picked":["PathToVictory","Weave"],"picked":"DeusExMachina","floor":2.0},{"not_picked":["ClearTheMind","Wireheading","Evaluate"],"picked":"SKIP","floor":4.0},{"not_picked":["EmptyBody","Perseverance"],"picked":"FlurryOfBlows","floor":13.0},{"not_picked":["ClearTheMind","Prostrate"],"picked":"FollowUp","floor":14.0},{"not_picked":["Wish","Ragnarok"],"picked":"Scrawl","floor":16.0},{"not_picked":["Crescendo","CutThroughFate+1","FollowUp"],"picked":"SKIP","floor":18.0},{"not_picked":["Prostrate","CutThroughFate"],"picked":"Halt","floor":19.0},{"not_picked":["FollowUp","ClearTheMind"],"picked":"Adaptation","floor":21.0},{"not_picked":["CutThroughFate","Halt"],"picked":"EmptyBody+1","floor":22.0},{"not_picked":["ThirdEye","Halt","Establishment"],"picked":"SKIP","floor":24.0},{"not_picked":["EmptyFist","Study"],"picked":"Halt+1","floor":28.0},{"not_picked":["Omniscience","Alpha","Ragnarok"],"picked":"DevaForm","floor":33.0},{"not_picked":["FlurryOfBlows","SashWhip","Indignation+1","SandsOfTime+1"],"picked":"SKIP","floor":35.0},{"not_picked":["JustLucky+1","Evaluate","TalkToTheHand","DeceiveReality"],"picked":"SKIP","floor":36.0},{"not_picked":["Weave+1","ThirdEye+1","Worship+1","EmptyFist+1"],"picked":"SKIP","floor":39},{"not_picked":["Swivel+1","PathToVictory+1","FlurryOfBlows+1"],"picked":"Prostrate+1","floor":40},{"not_picked":["EmptyBody","Prostrate","Swivel+1"],"picked":"Wish","floor":41},{"not_picked":["Swivel+1","FlyingSleeves","Consecrate"],"picked":"FearNoEvil+1","floor":44},{"not_picked":["WaveOfTheHand","FollowUp","Halt","Evaluate"],"picked":"SKIP","floor":46},{"not_picked":["EmptyFist+1","JustLucky+1","Halt"],"picked":"Wallop","floor":47},{"not_picked":["MasterReality","WaveOfTheHand","ThirdEye+1","CutThroughFate+1"],"picked":"SKIP","floor":48}],"player_experience":505865,"relics_obtained":[{"floor":9.0,"key":"Boot"},{"floor":13.0,"key":"Damaru"},{"floor":23.0,"key":"Lantern"},{"floor":25.0,"key":"Ornamental Fan"},{"floor":26.0,"key":"Orichalcum"},{"floor":32.0,"key":"Question Card"},{"floor":43,"key":"Oddly Smooth Stone"}],"event_choices":[{"damage_healed":0.0,"max_hp_gain":5.0,"max_hp_loss":0.0,"gold_gain":0.0,"event_name":"Big Fish","player_choice":"Donut","floor":3.0,"gold_loss":0.0,"damage_taken":0.0},{"damage_healed":0.0,"max_hp_gain":0.0,"max_hp_loss":0.0,"gold_gain":0.0,"event_name":"Shining Light","player_choice":"Entered Light","floor":7.0,"gold_loss":0.0,"damage_taken":15.0,"cards_upgraded":["Strike_P","SandsOfTime"]},{"cards_removed":["Defend_P"],"damage_healed":0.0,"max_hp_gain":0.0,"max_hp_loss":0.0,"gold_gain":0.0,"event_name":"Golden Wing","player_choice":"Card Removal","floor":11.0,"gold_loss":0.0,"damage_taken":7.0},{"damage_healed":0.0,"max_hp_gain":0.0,"max_hp_loss":0.0,"gold_gain":0.0,"event_name":"Liars Game","player_choice":"Ignored","floor":12.0,"gold_loss":0.0,"damage_taken":0.0},{"damage_healed":0.0,"max_hp_gain":0.0,"max_hp_loss":0.0,"gold_gain":99.0,"event_name":"Nest","player_choice":"Stole From Cult","floor":31.0,"gold_loss":0.0,"damage_taken":0.0},{"cards_removed":["LessonLearned"],"damage_healed":0.0,"max_hp_gain":0.0,"max_hp_loss":0.0,"gold_gain":0.0,"event_name":"Designer","player_choice":"Upgrade and Remove","floor":37.0,"gold_loss":90.0,"damage_taken":0.0,"cards_upgraded":["Ragnarok"]}],"is_beta":false,"boss_relics":[{"not_picked":["Velvet Choker","Black Star"],"picked":"Runic Pyramid"},{"not_picked":["VioletLotus","HolyWater"],"picked":"Pandora\u0027s Box"}],"items_purged_floors":[5,8,10,29,38],"is_endless":false,"potions_floor_spawned":[1,2,16,19,24,28,33,35,36],"ascension_level":0}}