{"host":"465m78bh87h7wxsp","time":1611126871,"event":{"mods":["ATMod(阿瑾Mod)","Act Like it!","Alarm Clock","Aspiration","BaseMod","Better Debug","CapriCore","Decade(王小明)","Gensokyo","GungeonMod","Hallownest","Hermit","HololiveMod","Infinite Spire","Jorbs\u0027s Wanderer Trilogy","KinomotoSakuraMod(木之本樱)","Koishi","KomeijiMod","Lobotomy","LobotomyExtend","Marisa（F雨　魔理沙）","Minty Spire (QoL Compilation)","MostiFishMod","Red Circlet Mod","Reimu（博丽灵梦）","Replay The Spire","RumiaBox-露米娅的神秘盒子","Ryuuou龙王","SOS（斯巴达之子）","Shop Mod","Spicy Shops","StSLib","TestMod","The Administrix","The Animator","The Bug Knight","The Cursed","The Hierophant","The Immortal","The Senshi","The Servant 0.9.4","Uncapped","Waifu the Spire","WarShipGirlsR/战舰少女R mod","Yakumo Yukari mod","Youmu（魂魄妖梦）","Yuyuko","[IsaacMod]以撒尖塔","noobMod","vexMod","【功能Mod】混沌之环修复补丁","【功能Mod】聪明的最终Boss","【遗物卡牌】REMEMod"],"gold_per_floor":[-889,-889,-875,-875,-875,-875,-865,-865,-791,-791,-791,-791,-791,-781,-781,-677,-677,-663,-648,0,14,31,63,76,111,111,111,144,157,12,12,12,108,108,125,125,138,63,121,154,154,174,196,196,202,216,216,238,265,265,283,292,292,292,310,328,328,328,328,405,405,434,458,151,253,253,355,355,355,355,215,546,524],"floor_reached":23,"language":"ZHS","playtime":3065,"items_purged":[],"score":1251,"play_id":"19d6a248-f57e-4c3a-937e-2b1f39e38486","local_time":"20210120151431","is_ascension_mode":true,"campfire_choices":[{"floor":6.0,"key":"RECALL"},{"data":"ReplayTheSpireMod:Chaos Vortex","floor":10.0,"key":"SMITH"},{"data":"AT_FamilyPortrait","floor":27.0,"key":"SMITH"},{"data":"HollowMod:AwokenDreamNail","floor":32.0,"key":"SMITH"},{"floor":41.0,"key":"REST"},{"data":"HollowMod:MantisMark","floor":6.0,"key":"SMITH"},{"data":"HollowMod:SlysStrikes","floor":6.0,"key":"SMITH"},{"data":"HollowMod:CloakDash","floor":8.0,"key":"SMITH"},{"data":"HollowMod:CloakDash","floor":10.0,"key":"SMITH"},{"floor":15.0,"key":"DIG"},{"data":"HollowMod:theNailsmith","floor":19.0,"key":"SMITH"}],"circlet_count":0,"master_deck":["HollowMod:NailStrikeStart","HollowMod:NailStrikeStart","HollowMod:NailStrikeStart","HollowMod:NailStrikeStart","HollowMod:QuickDashStart","HollowMod:QuickDashStart","HollowMod:QuickDashStart","HollowMod:QuickDashStart","HollowMod:FocusHealStart","AT_FamilyPortrait+1","HollowMod:CornifersMapStart","ReplayTheSpireMod:Chaos Vortex+1","HollowMod:theNailsmith+1","HollowMod:GoodIntentions","HollowMod:ChannelNail","HollowMod:GrimmsGift","HollowMod:AwokenDreamNail+1","HollowMod:HowlingWraiths","HollowMod:RecoilStrike","HollowMod:InfectedCysts","HollowMod:DungDefenderAura","HollowMod:FastStrike+1","HollowMod:MonarchWings","HollowMod:HuntersJournal+1","HollowMod:SlysStrikes+1","infinitespire:Collect+1","HollowMod:GreatSlash+1","HollowMod:SoulShaman+1","HollowMod:CloakDash+1","HollowMod:MantisMark+1","HollowMod:PerfectDash","HollowMod:SoulStrike","HollowMod:InfectedAttack","HollowMod:CloakDash+1","HollowMod:Weaversong","HollowMod:MantisMark+1"],"relics":["HollowMod:VesselMask","ice","AT_ATBox","REME_ComplimentaryCards","GuppysTail","testmod-FatalChain","SynthV:MejaisSoulstealer","SynthV:TestCard","Gensokyo:CelestialsFlawlessClothing","Gensokyo:Mercy","Gensokyo:NagashiBinaDoll","ReplayTheSpireMod:Lightbulb","AT_GreenNoBalance","Juzu Bracelet","infinitespire:Cupcake","GoodDreamPillow","Regal Pillow","RedMistMask","vexMod:RetaliationKit","UnicornStump","Mirror","testmod-Charity","Juzu Bracelet","Ring of Chaos","HaiYi:Twilight","MagicDraw2","Tea:ReiMu","Prayer Wheel","ThornShield","PreservedInsect","Moonlight_r","Heaven_r","ShedSkin_r","ice","HushsDoor","SalivaCoin","SynthV:TestCard","SatanicBible","GuppysHead","DemoMod:GlassGuonStoneRelic","MagicBullet_r","ice","SynthV:TestCard","LetterFromLob","AT_EbonyIvory","Gaze_r","SharpPlug","testmod-Justice","ReplayTheSpireMod:TigerMarble","SteamSale","ChiLing","Chi","Ling","Lantern","MerchantsRug","EdensBlessing","REME_OnlineShoppingPlatform","DemoMod:OrangeGuonStone","Bag of Preparation","InkBottle","DemoMod:ClearGuonStone","NitorisBag","Old Coin"],"acts_visited":["Gensokyo:Gensokyo","TheCity","Hallownest:KingdomsEdge","TheEnding"],"potions_floor_usage":[22,22],"damage_taken":[{"damage":11.0,"enemies":"Gensokyo:Gryphon","floor":1.0,"turns":4.0},{"damage":0.0,"enemies":"Gensokyo:2_Kodama","floor":3.0,"turns":1.0},{"damage":0.0,"enemies":"Gensokyo:3_Fairies","floor":7.0,"turns":3.0},{"damage":0.0,"enemies":"Gensokyo:2_Rabbits","floor":14.0,"turns":3.0},{"damage":0.0,"enemies":"Gensokyo:Yukari","floor":16.0,"turns":14.0},{"damage":0.0,"enemies":"Chosen","floor":18.0,"turns":4.0},{"damage":21.0,"enemies":"3 Byrds","floor":19.0,"turns":5.0},{"damage":0.0,"enemies":"Sentry and Sphere","floor":21.0,"turns":3.0},{"damage":6.0,"enemies":"Centurion and Healer","floor":22.0,"turns":4.0},{"damage":0.0,"enemies":"REME_1_Revenger","floor":23.0,"turns":4.0},{"damage":4.0,"enemies":"Snake Plant","floor":24.0,"turns":3.0},{"damage":27.0,"enemies":"Nightmare","floor":25.0,"turns":5.0},{"damage":0.0,"enemies":"Slavers","floor":28.0,"turns":2.0},{"damage":19.0,"enemies":"Chosen and Byrds","floor":29.0,"turns":2.0},{"damage":28.0,"enemies":"HollowMod:NKGrimm","floor":33.0,"turns":9.0},{"damage":0.0,"enemies":"Hallownest:Shield_Heavy","floor":35.0,"turns":3.0},{"damage":0.0,"enemies":"Hallownest:3_Siblings","floor":37.0,"turns":1.0},{"damage":44.0,"enemies":"Hallownest:2_Primals","floor":39.0,"turns":5.0},{"damage":29.0,"enemies":"Hallownest:eliteHiveKnight","floor":40.0,"turns":5.0},{"damage":22.0,"enemies":"Hallownest:eliteHiveKnight","floor":42.0,"turns":2.0},{"damage":7.0,"enemies":"Small Slimes","floor":1.0,"turns":2.0},{"damage":4.0,"enemies":"infinitespire:Voidling","floor":2.0,"turns":2.0},{"damage":0.0,"enemies":"2 Louse","floor":5.0,"turns":2.0},{"damage":8.0,"enemies":"Blue Slaver","floor":7.0,"turns":2.0},{"damage":0.0,"enemies":"HollowMod:MossKnight","floor":8.0,"turns":2.0},{"damage":0.0,"enemies":"Looter","floor":10.0,"turns":2.0},{"damage":0.0,"enemies":"Cultist","floor":1.0,"turns":2.0},{"damage":0.0,"enemies":"2 Louse","floor":4.0,"turns":1.0},{"damage":0.0,"enemies":"infinitespire:Voidling","floor":5.0,"turns":2.0},{"damage":0.0,"enemies":"HollowMod:MossKnight","floor":7.0,"turns":1.0},{"damage":0.0,"enemies":"HollowMod:MossKnight","floor":12.0,"turns":2.0},{"damage":0.0,"enemies":"HollowMod:FalseKnight","floor":16.0,"turns":3.0},{"damage":0,"enemies":"Shield and Spear","floor":21,"turns":1},{"damage":0,"enemies":"The Heart","floor":22,"turns":6}],"seed_played":"6005295493406110611","potions_obtained":[{"floor":1.0,"key":"BlessingOfTheForge"},{"floor":3.0,"key":"Adrenaline Potion"},{"floor":14.0,"key":"Swift Potion"},{"floor":18.0,"key":"CalmPotion"},{"floor":22.0,"key":"Fire Potion"},{"floor":29.0,"key":"SneckoOil"},{"floor":33.0,"key":"Strength Potion"},{"floor":4.0,"key":"PowerPotion"}],"is_trial":false,"path_per_floor":["M","?","M","?","?","R","M","?","T","R","?","?","?","M","R","B",null,"M","M","?","M","M","E","M","NM","T","R","E","M","$","?","R","B",null,"M","AVR","M","?","?","E","R","?","M","M","?","?","M","R","M","E","T","M","M","M","?","?","M","M","R","E","R","T","R","?","E","$","?","R","B",null,null,"R","$","E","B",null],"character_chosen":"THE_BUGKNIGHT","items_purchased":["testmod-Charity","SteamSale","ChiLing","Lantern","MerchantsRug","REME_OnlineShoppingPlatform","DemoMod:OrangeGuonStone","Bag of Preparation","InkBottle","DemoMod:ClearGuonStone","NitorisBag"],"campfire_rested":1,"item_purchase_floors":[30,13,13,13,13,20,20,20,20,20,20],"current_hp_per_floor":[64,46,46,46,28,28,34,34,34,34,34,19,19,37,37,37,75,37,16,16,37,31,37,33,10,10,10,37,18,18,18,18,16,76,77,77,78,78,35,7,46,100,98,106,92,93,93,87,88,88,90,118,118,118,119,120,120,120,120,121,121,122,123,126,113,113,114,114,129,129,150,153,156],"gold":524,"neow_bonus":"RANDOM_EVENT","is_daily":false,"chose_seed":false,"campfire_upgraded":8,"win_rate":0.0,"timestamp":1611126871,"path_taken":["M","?","M","?","?","R","?","?","T","R","?","?","?","M","R","BOSS","M","M","?","M","M","E","M","NM","T","R","E","M","$","?","R","BOSS","M","AVR","M","?","?","E","R","?","M","M","?","?","M","R","M","E","T","M","M","M","?","?","M","M","R","E","R","T","R","?","E","$","?","R","BOSS","R","$","E","BOSS"],"items_purchased_type":["Relic","Relic","Relic","Card","Relic","Relic","Relic","Relic","Relic","Relic","Relic"],"build_version":"2020-12-22","purchased_purges":0,"victory":true,"max_hp_per_floor":[75,75,75,75,75,75,75,75,75,75,75,75,75,75,75,75,75,75,75,75,75,75,75,75,75,75,75,75,75,75,75,75,76,76,77,77,78,78,79,80,80,108,110,110,111,112,112,114,115,115,117,118,118,118,119,120,120,120,120,121,121,122,123,126,128,128,129,129,129,129,150,153,156],"card_choices":[{"not_picked":["HollowMod:NewJinnsSoul","HollowMod:BrokenVessel","HollowMod:WraithStrike"],"picked":"SKIP","floor":1.0},{"not_picked":["HollowMod:NewJinnsSoul","HollowMod:ZotesMagnificence","HollowMod:TaintedHusks","HollowMod:HowlingWraiths"],"picked":"HollowMod:CornifersMapStart","floor":3.0},{"not_picked":["ReplayTheSpireMod:??????????????????????","infinitespire:SevenWalls"],"picked":"ReplayTheSpireMod:Chaos Vortex","floor":5.0},{"not_picked":["HollowMod:LifebloodCocoon","HollowMod:SharpenedNail","HollowMod:NewJinnsSoul","HollowMod:MonarchWings"],"picked":"HollowMod:theNailsmith","floor":7.0},{"not_picked":["HollowMod:ChannelNail","HollowMod:FastStrike","HollowMod:SharpenedNail","HollowMod:CycloneSlash"],"picked":"HollowMod:GoodIntentions","floor":11.0},{"not_picked":["HollowMod:CornifersMapStart","HollowMod:SiblingsSouls","HollowMod:NewLittleFool","HollowMod:NewJinnsSoul"],"picked":"HollowMod:ChannelNail","floor":11.0},{"not_picked":["HollowMod:DungDefenderAura","HollowMod:SoulSplash","HollowMod:SharpenedNail","HollowMod:DesolateDive"],"picked":"HollowMod:GrimmsGift","floor":14.0},{"not_picked":["HollowMod:SlysStrikes","HollowMod:Hiveblood","HollowMod:SoulMaster","HollowMod:HornetsHelp"],"picked":"HollowMod:AwokenDreamNail","floor":16.0},{"not_picked":["HollowMod:MawleksShell","HollowMod:CornifersMapStart","HollowMod:WraithStrike","HollowMod:SiblingsShadow"],"picked":"HollowMod:HowlingWraiths","floor":18.0},{"not_picked":["HollowMod:VengefulVoid","HollowMod:SiblingsSouls","HollowMod:FallenFury","HollowMod:BaldurShell"],"picked":"HollowMod:RecoilStrike","floor":19.0},{"not_picked":["HollowMod:CloakDash","HollowMod:MantisMark","HollowMod:BrokenVessel+1","HollowMod:ChannelNail","HollowMod:SoulSplash"],"picked":"SKIP","floor":21.0},{"not_picked":["HollowMod:GoodIntentions","HollowMod:DoubleDash","HollowMod:HowlingWraiths","HollowMod:ChannelNail"],"picked":"HollowMod:InfectedCysts","floor":22.0},{"not_picked":["HollowMod:SiblingsSouls","HollowMod:CoiledNail","HollowMod:RecoilStrike","HollowMod:SoulSplash"],"picked":"HollowMod:DungDefenderAura","floor":23.0},{"not_picked":["HollowMod:BrokenVessel","HollowMod:MawleksShell+1","HollowMod:SharpenedShadows+1","HollowMod:SoulVessel"],"picked":"HollowMod:FastStrike+1","floor":24.0},{"not_picked":["HollowMod:SharpenedShadows","HollowMod:InfectedCysts","HollowMod:VengefulSpirit","HollowMod:ChannelNail"],"picked":"HollowMod:MonarchWings","floor":25.0},{"not_picked":["HollowMod:FastStrike","HollowMod:PureVessel","HollowMod:MothsMistake","HollowMod:CornifersMapStart","HollowMod:VengefulSpirit"],"picked":"SKIP","floor":28.0},{"not_picked":["HollowMod:AbyssShriek","HollowMod:Grubsong","HollowMod:DreamGate","HollowMod:MawleksShell+1"],"picked":"HollowMod:HuntersJournal","floor":29.0},{"not_picked":["HollowMod:SoulMaster","HollowMod:Weaversong","HollowMod:VoidDash","HollowMod:ZotesMagnificence"],"picked":"HollowMod:SlysStrikes","floor":33.0},{"not_picked":["HollowMod:CrystalDash+1","HollowMod:ChannelNail+1","HollowMod:BlackTendrils+1","HollowMod:ShadowDash","HollowMod:WraithStrike"],"picked":"SKIP","floor":35.0},{"not_picked":["HollowMod:NewJinnsSoul+1","HollowMod:WraithStrike","HollowMod:SharpenedNail+1","HollowMod:AbyssShriek+1"],"picked":"HollowMod:GreatSlash+1","floor":37.0},{"not_picked":["HollowMod:InfectedCysts","HollowMod:DashSlash+1","HollowMod:MantisMark","HollowMod:GoodIntentions+1"],"picked":"HollowMod:SoulShaman+1","floor":40.0},{"not_picked":["HollowMod:AbyssShriek","HollowMod:SiblingsSouls","HollowMod:NewLittleFool","HollowMod:NewGlowingWomb"],"picked":"HollowMod:CloakDash","floor":1.0},{"not_picked":["HollowMod:CycloneSlash","HollowMod:CornifersMapStart","HollowMod:GrimmsGift","HollowMod:VoidDash","HollowMod:PureNailStrike"],"picked":"SKIP","floor":1.0},{"not_picked":["HollowMod:CycloneSlash","HollowMod:CornifersMapStart","HollowMod:GrimmsGift","HollowMod:VoidDash","HollowMod:PureNailStrike"],"picked":"SKIP","floor":1.0},{"not_picked":["HollowMod:VengefulVoid","HollowMod:NewJinnsSoul","HollowMod:CloakDash","HollowMod:ChannelNail","HollowMod:TaintedHusks","HollowMod:HeavyBlow","HollowMod:FastStrike"],"picked":"SKIP","floor":2.0},{"not_picked":["HollowMod:InfectedCysts","HollowMod:SoulStrike","HollowMod:MonarchWings","HollowMod:AbyssShriek","HollowMod:SlysStrikes","HollowMod:InfectedAttack","HollowMod:PerfectDash"],"picked":"SKIP","floor":2.0},{"not_picked":["HollowMod:MonarchWings","HollowMod:PureNailStrike","HollowMod:DescendingDark","HollowMod:DreamGate","HollowMod:PerfectDash","HollowMod:InfectedCysts"],"picked":"HollowMod:MantisMark","floor":5.0},{"not_picked":["HollowMod:LifebloodCocoon","HollowMod:NewJinnsSoul","HollowMod:DungDefenderAura","HollowMod:HeavyBlow","HollowMod:Grubsong","HollowMod:QuirrelsAssistance","HollowMod:RecoilStrike"],"picked":"SKIP","floor":5.0},{"not_picked":["HollowMod:SoulSplash","HollowMod:InfectionAssault","HollowMod:GreatSlash","HollowMod:HuntersJournal","HollowMod:BrokenVessel","HollowMod:SoulShaman"],"picked":"HollowMod:PerfectDash","floor":7.0},{"not_picked":["HollowMod:MawleksShell","HollowMod:InfectedCysts","HollowMod:PureNailStrike","HollowMod:GrimmsGift","HollowMod:FastStrike","HollowMod:FallenFury","HollowMod:VoidDash"],"picked":"SKIP","floor":7.0},{"not_picked":["HollowMod:NewLittleFool","HollowMod:DesolateDive","HollowMod:PerfectDash","HollowMod:GoodIntentions","HollowMod:PureNailStrike","HollowMod:NewGlowingWomb","HollowMod:InfectedAttack"],"picked":"SKIP","floor":8.0},{"not_picked":["HollowMod:VengefulVoid","HollowMod:SharpenedNail","HollowMod:LifebloodCocoon","HollowMod:DungDefenderAura","HollowMod:WraithStrike","HollowMod:MantisMark"],"picked":"HollowMod:SoulStrike","floor":10.0},{"not_picked":["HollowMod:DoubleDash","HollowMod:DescendingDark","HollowMod:VengefulVoid","HollowMod:TaintedHusks","HollowMod:BrokenVessel","HollowMod:CornifersMapStart","HollowMod:HeavyBlow"],"picked":"SKIP","floor":10.0},{"not_picked":["HollowMod:CycloneSlash","HollowMod:SoulStrike","HollowMod:DashSlash","HollowMod:GoodIntentions","HollowMod:CornifersMapStart","HollowMod:WraithStrike","HollowMod:TaintedHusks"],"picked":"SKIP","floor":1.0},{"not_picked":["HollowMod:SharpenedNail","HollowMod:BaldurShell","HollowMod:NewGlowingWomb","HollowMod:QuirrelsAssistance","HollowMod:GoodIntentions","HollowMod:InfectedAttack","HollowMod:DesolateDive"],"picked":"SKIP","floor":1.0},{"not_picked":["HollowMod:PerfectDash","HollowMod:VengefulVoid","HollowMod:NewJinnsSoul","HollowMod:NewGlowingWomb","HollowMod:GrimmsGift","HollowMod:CloakDash","HollowMod:GoodIntentions","HollowMod:CrystalDash"],"picked":"HollowMod:InfectedAttack","floor":4.0},{"not_picked":["HollowMod:SoulMaster","HollowMod:AbyssShriek","HollowMod:CornifersMapStart","HollowMod:HowlingWraiths","HollowMod:MothsMistake","HollowMod:theNailsmith","HollowMod:SoulVessel","HollowMod:VengefulSpirit"],"picked":"HollowMod:CloakDash","floor":4.0},{"not_picked":["HollowMod:HuntersJournal","HollowMod:ShadowDash","HollowMod:SoulSplash","HollowMod:InfectedCysts","HollowMod:NewJinnsSoul","HollowMod:CycloneSlash","HollowMod:MawleksShell","HollowMod:LifebloodCocoon","HollowMod:TaintedHusks"],"picked":"SKIP","floor":5.0},{"not_picked":["HollowMod:CycloneSlash","HollowMod:PerfectDash","HollowMod:InfectedAttack","HollowMod:SoulVessel","HollowMod:FallenFury","HollowMod:NewJinnsSoul","HollowMod:CornifersMapStart","HollowMod:HeavyBlow","HollowMod:HowlingWraiths"],"picked":"SKIP","floor":5.0},{"not_picked":["HollowMod:Hiveblood","HollowMod:CloakDash","HollowMod:MonarchWings","HollowMod:PerfectDash","HollowMod:CoiledNail","HollowMod:PureNailStrike","HollowMod:SharpenedNail","HollowMod:HowlingWraiths","HollowMod:Grubsong"],"picked":"SKIP","floor":12.0},{"not_picked":["HollowMod:MidwifesHunger","HollowMod:AwokenDreamNail","HollowMod:SlysStrikes","HollowMod:LifebloodCore","HollowMod:theNailsmith","HollowMod:PureVessel","HollowMod:NewInfectedGuardian","HollowMod:LordofShades"],"picked":"HollowMod:Weaversong","floor":16.0},{"not_picked":["HollowMod:Grubsong+1","HollowMod:CloakDash+1","HollowMod:BrokenVessel","HollowMod:SiblingsSouls+1","HollowMod:NewJinnsSoul+1","HollowMod:LifebloodCocoon","HollowMod:HuntersJournal","HollowMod:NewLittleFool+1"],"picked":"HollowMod:MantisMark+1","floor":21}],"player_experience":23094,"relics_obtained":[{"floor":1.0,"key":"SynthV:TestCard"},{"floor":1.0,"key":"LetterFromLob"},{"floor":23.0,"key":"Regal Pillow"},{"floor":24.0,"key":"RedMistMask"},{"floor":25.0,"key":"vexMod:RetaliationKit"},{"floor":26.0,"key":"UnicornStump"},{"floor":28.0,"key":"Mirror"},{"floor":39.0,"key":"ThornShield"},{"floor":40.0,"key":"PreservedInsect"},{"floor":1.0,"key":"SynthV:TestCard"},{"floor":1.0,"key":"LetterFromLob"},{"floor":8.0,"key":"SatanicBible"},{"floor":9.0,"key":"GuppysHead"},{"floor":1.0,"key":"SynthV:TestCard"},{"floor":1.0,"key":"LetterFromLob"},{"floor":9.0,"key":"SharpPlug"},{"floor":12.0,"key":"ReplayTheSpireMod:TigerMarble"},{"floor":15.0,"key":"EdensBlessing"},{"floor":21,"key":"Old Coin"}],"event_choices":[{"damage_healed":0.0,"max_hp_gain":0.0,"max_hp_loss":0.0,"gold_gain":400.0,"event_name":"恩洛斯的盘子","player_choice":"Sell","floor":0.0,"relics_lost":["HushsDoor"],"gold_loss":0.0,"damage_taken":0.0},{"damage_healed":0.0,"max_hp_gain":0.0,"max_hp_loss":0.0,"gold_gain":0.0,"event_name":"给自己的盒子","player_choice":"Swap Relic","floor":15.0,"relics_lost":["DaveBox"],"gold_loss":0.0,"damage_taken":0.0,"relics_obtained":["Juzu Bracelet"]},{"damage_healed":0.0,"max_hp_gain":0.0,"max_hp_loss":0.0,"gold_gain":0.0,"event_name":"给自己的盒子","player_choice":"Swap Relic","floor":31.0,"relics_lost":["testmod-TestBox"],"gold_loss":0.0,"damage_taken":0.0,"relics_obtained":["Juzu Bracelet"]},{"cards_removed":["Injury"],"damage_healed":0.0,"max_hp_gain":0.0,"max_hp_loss":0.0,"gold_gain":0.0,"event_name":"Living Wall","player_choice":"Forget","floor":0.0,"gold_loss":0.0,"damage_taken":0.0},{"cards_removed":["Injury"],"damage_healed":0.0,"max_hp_gain":0.0,"max_hp_loss":0.0,"gold_gain":0.0,"event_name":"Living Wall","player_choice":"Forget","floor":0.0,"gold_loss":0.0,"damage_taken":0.0},{"damage_healed":0.0,"max_hp_gain":0.0,"max_hp_loss":0.0,"gold_gain":0.0,"event_name":"WeMeetAgain","player_choice":"Gave Potion","floor":3.0,"gold_loss":0.0,"damage_taken":0.0,"relics_obtained":["AT_EbonyIvory"]},{"damage_healed":0.0,"max_hp_gain":0.0,"max_hp_loss":0.0,"gold_gain":30.0,"event_name":"Dead Adventurer","player_choice":"Searched \u00273\u0027 times","floor":11.0,"gold_loss":0.0,"damage_taken":0.0,"relics_obtained":["testmod-Justice"]}],"is_beta":false,"boss_relics":[{"not_picked":["TimeKeys","Replay:Bronze Core"],"picked":"infinitespire:Cupcake"},{"not_picked":["testmod-TimeTraveler","Empty Cage"],"picked":"Ring of Chaos"}],"items_purged_floors":[],"is_endless":false,"potions_floor_spawned":[1,3,14,18,22,29,33,35,39,2,7,10,4,12],"ascension_level":1}}