{"host":"h77azxdx0evtsxw5","time":1611116923,"event":{"mods":["AchievementEnabler","BaseMod","Better Vampires","Minty Spire (QoL Compilation)","Quick Restart","Rare Cards Sparkle","Relic Stats"],"gold_per_floor":[116,291,138,138,68,68,80,110,110,110,123,123,152,169,169,274,274,284,302,318,218,242,242,242,255,255,134,134,149,62,161,161,258,258,272,78,78,128,3,23,49,49,74,74,90,90,105,105,105,105,105,105,6,36,36,36],"floor_reached":55,"language":"ENG","playtime":2867,"items_purged":["Doubt","Pain","Strike_G","Strike_G","Strike_G","Defend_G","Defend_G"],"score":701,"play_id":"847b6ce6-306d-486e-bead-35f7a34cabe2","local_time":"20210119232843","is_ascension_mode":false,"campfire_choices":[{"data":"Accuracy","floor":6,"key":"SMITH"},{"data":"Cloak And Dagger","floor":10,"key":"SMITH"},{"data":"Blade Dance","floor":15,"key":"SMITH"},{"data":"Caltrops","floor":23,"key":"SMITH"},{"data":"Burst","floor":32,"key":"SMITH"},{"floor":42,"key":"RECALL"},{"floor":44,"key":"REST"},{"data":"Survivor","floor":46,"key":"SMITH"},{"floor":49,"key":"REST"},{"data":"Adrenaline","floor":52,"key":"SMITH"}],"circlet_count":0,"master_deck":["Defend_G","Defend_G","Survivor+1","Neutralize","Cloak And Dagger","Caltrops+1","Cloak And Dagger+1","Accuracy+1","Blade Dance","Burst+1","Accuracy+1","Infinite Blades+1","Blade Dance+1","Tools of the Trade+1","Adrenaline+1","Footwork+1","Accuracy+1","Envenom+1","Parasite"],"relics":["Ring of the Snake","NeowsBlessing","WarpedTongs","Frozen Egg 2","Tiny Chest","Thread and Needle","Centennial Puzzle","WristBlade","Smiling Mask","Pear","Empty Cage","Strawberry","Torii","Vajra","MealTicket","Mercury Hourglass"],"acts_visited":["Exordium","TheCity","TheBeyond","TheEnding"],"potions_floor_usage":[14,25,33,33,35,41,41,50,55,55,55],"damage_taken":[{"damage":0,"enemies":"Jaw Worm","floor":1,"turns":1},{"damage":1,"enemies":"Cultist","floor":7,"turns":1},{"damage":0,"enemies":"3 Sentries","floor":8,"turns":1},{"damage":4,"enemies":"Small Slimes","floor":11,"turns":3},{"damage":2,"enemies":"Lagavulin","floor":13,"turns":6},{"damage":10,"enemies":"Gremlin Gang","floor":14,"turns":3},{"damage":19,"enemies":"The Guardian","floor":16,"turns":9},{"damage":4,"enemies":"Spheric Guardian","floor":18,"turns":2},{"damage":7,"enemies":"3 Byrds","floor":19,"turns":3},{"damage":12,"enemies":"3 Cultists","floor":20,"turns":3},{"damage":0,"enemies":"Snecko","floor":25,"turns":3},{"damage":0,"enemies":"Snake Plant","floor":29,"turns":4},{"damage":25,"enemies":"Collector","floor":33,"turns":4},{"damage":0,"enemies":"3 Shapes","floor":35,"turns":4},{"damage":48,"enemies":"2 Orb Walkers","floor":38,"turns":5},{"damage":0,"enemies":"Orb Walker","floor":40,"turns":3},{"damage":21,"enemies":"Reptomancer","floor":41,"turns":4},{"damage":11,"enemies":"Writhing Mass","floor":45,"turns":3},{"damage":0,"enemies":"Jaw Worm Horde","floor":47,"turns":2},{"damage":3,"enemies":"Donu and Deca","floor":50,"turns":5},{"damage":3,"enemies":"Shield and Spear","floor":54,"turns":3},{"damage":113,"enemies":"The Heart","floor":55,"turns":5}],"seed_played":"-5238368289237519450","potions_obtained":[{"floor":8,"key":"Regen Potion"},{"floor":11,"key":"SpeedPotion"},{"floor":19,"key":"Ancient Potion"},{"floor":25,"key":"Explosive Potion"},{"floor":29,"key":"Poison Potion"},{"floor":33,"key":"PowerPotion"},{"floor":35,"key":"SneckoOil"},{"floor":40,"key":"Block Potion"},{"floor":45,"key":"Block Potion"},{"floor":54,"key":"Swift Potion"}],"is_trial":false,"path_per_floor":["M","?","$","?","$","R","M","E","T","R","M","?","E","M","R","B",null,"M","M","M","$","T","R","?","M","T","$","?","M","$","?","R","B",null,"M","$","T","?","$","M","E","R","T","R","M","R","M","?","R","B",null,"R","$","E","B"],"character_chosen":"THE_SILENT","items_purchased":["Caltrops","Cloak And Dagger","Accuracy","Footwork+1","Accuracy+1","Strawberry","DistilledChaos","Dexterity Potion"],"campfire_rested":2,"item_purchase_floors":[3,3,5,27,30,36,39,53],"current_hp_per_floor":[70,70,70,70,70,70,69,69,69,69,65,65,63,58,58,39,70,66,59,47,47,47,47,47,47,57,57,42,42,42,42,42,17,85,85,92,92,44,44,44,23,23,23,50,39,39,39,39,66,63,92,92,92,89,0,0],"gold":36,"neow_bonus":"THREE_ENEMY_KILL","is_daily":false,"chose_seed":false,"campfire_upgraded":7,"win_rate":0.0,"timestamp":1611116923,"path_taken":["M","?","$","?","$","R","M","E","T","R","?","?","E","M","R","BOSS","M","M","?","$","?","R","?","M","T","$","?","M","$","?","R","BOSS","M","$","?","?","$","M","E","R","T","R","M","R","M","?","R","BOSS","R","$","E","BOSS"],"items_purchased_type":["Card","Card","Card","Card","Card","Relic","Potion","Potion"],"build_version":"2020-12-22","purchased_purges":7,"victory":false,"max_hp_per_floor":[70,70,70,70,70,70,70,70,70,70,70,70,70,70,70,70,70,70,70,70,70,70,70,70,70,80,80,85,85,85,85,85,85,85,85,92,92,92,92,92,92,92,92,92,92,92,92,92,92,92,92,92,92,92,92,92],"relic_stats":{"Centennial Puzzle":[36],"Torii":35,"counters":[22,77],"Tiny Chest":2,"MealTicket":0,"Smiling Mask":625,"obtain_stats":[{"Pear":26,"NeowsBlessing":0,"Torii":38,"Vajra":41,"Thread and Needle":12,"Frozen Egg 2":8,"Smiling Mask":22,"Empty Cage":34,"WarpedTongs":4,"Mercury Hourglass":54,"Centennial Puzzle":13,"WristBlade":17,"Strawberry":36,"Tiny Chest":9,"MealTicket":43,"Ring of the Snake":0},{"Pear":11,"NeowsBlessing":0,"Torii":15,"Vajra":17,"Thread and Needle":4,"Frozen Egg 2":3,"Smiling Mask":10,"Empty Cage":13,"WarpedTongs":1,"Mercury Hourglass":21,"Centennial Puzzle":5,"WristBlade":7,"Strawberry":14,"Tiny Chest":3,"MealTicket":17,"Ring of the Snake":0},{"Pear":35,"NeowsBlessing":0,"Torii":52,"Vajra":59,"Thread and Needle":6,"Frozen Egg 2":3,"Smiling Mask":32,"Empty Cage":43,"WarpedTongs":1,"Mercury Hourglass":72,"Centennial Puzzle":12,"WristBlade":24,"Strawberry":47,"Tiny Chest":3,"MealTicket":59,"Ring of the Snake":0}],"Ring of the Snake":[44],"WarpedTongs":[76],"Mercury Hourglass":[15]},"card_choices":[{"not_picked":["Dagger Throw","Deflect"],"picked":"Cloak And Dagger","floor":1},{"not_picked":["Acrobatics","Calculated Gamble"],"picked":"Blade Dance","floor":7},{"not_picked":["Eviscerate","Setup"],"picked":"Burst","floor":8},{"not_picked":["Masterful Stab","Deflect"],"picked":"Accuracy+1","floor":11},{"not_picked":["Unload","Bouncing Flask"],"picked":"Infinite Blades+1","floor":13},{"not_picked":["Backflip","Cloak And Dagger"],"picked":"Blade Dance","floor":14},{"not_picked":["Unload","Malaise"],"picked":"Tools of the Trade+1","floor":16},{"not_picked":["Sucker Punch","Backflip","Eviscerate"],"picked":"SKIP","floor":18},{"not_picked":["Flying Knee","Blade Dance","Catalyst"],"picked":"SKIP","floor":19},{"not_picked":["Quick Slash","Deflect","Outmaneuver"],"picked":"SKIP","floor":20},{"not_picked":["Cloak And Dagger","Well Laid Plans+1"],"picked":"Adrenaline","floor":25},{"not_picked":["Dash","Outmaneuver","Prepared"],"picked":"SKIP","floor":29},{"not_picked":["A Thousand Cuts+1","Adrenaline"],"picked":"Envenom+1","floor":33},{"not_picked":["Bane","Concentrate+1","Expertise"],"picked":"SKIP","floor":35},{"not_picked":["Outmaneuver+1","Choke","Dagger Spray+1"],"picked":"SKIP","floor":40},{"not_picked":["Dagger Spray+1","Prepared","Dodge and Roll+1"],"picked":"SKIP","floor":41},{"not_picked":["Blade Dance","Backflip","Dagger Spray"],"picked":"SKIP","floor":45},{"not_picked":["Dagger Spray","Slice","PiercingWail"],"picked":"SKIP","floor":47},{"not_picked":["Tactician","Dodge and Roll+1","Dash"],"picked":"SKIP","floor":54}],"player_experience":267557,"relics_obtained":[{"floor":8,"key":"Frozen Egg 2"},{"floor":9,"key":"Tiny Chest"},{"floor":13,"key":"Centennial Puzzle"},{"floor":22,"key":"Smiling Mask"},{"floor":26,"key":"Pear"},{"floor":38,"key":"Torii"},{"floor":41,"key":"Vajra"},{"floor":43,"key":"MealTicket"},{"floor":54,"key":"Mercury Hourglass"}],"event_choices":[{"damage_healed":0,"gold_gain":175,"player_choice":"AGREE","damage_taken":0,"max_hp_gain":0,"max_hp_loss":0,"event_name":"Liars Game","floor":2,"gold_loss":0,"cards_obtained":["Doubt"]},{"damage_healed":0,"gold_gain":0,"player_choice":"Rummage","damage_taken":0,"relics_obtained":["WarpedTongs"],"max_hp_gain":0,"max_hp_loss":0,"event_name":"Accursed Blacksmith","floor":4,"gold_loss":0,"cards_obtained":["Pain"]},{"damage_healed":0,"gold_gain":0,"player_choice":"Gave Potion","damage_taken":0,"relics_obtained":["Thread and Needle"],"max_hp_gain":0,"max_hp_loss":0,"event_name":"WeMeetAgain","floor":12,"gold_loss":0},{"damage_healed":0,"gold_gain":0,"player_choice":"Ignored","damage_taken":0,"max_hp_gain":0,"max_hp_loss":0,"event_name":"Ghosts","floor":24,"gold_loss":0},{"damage_healed":0,"gold_gain":0,"player_choice":"Shed Blood","damage_taken":20,"max_hp_gain":5,"max_hp_loss":0,"event_name":"Forgotten Altar","floor":28,"gold_loss":0},{"damage_healed":0,"gold_gain":99,"player_choice":"Stole From Cult","damage_taken":0,"max_hp_gain":0,"max_hp_loss":0,"event_name":"Nest","floor":31,"gold_loss":0},{"damage_healed":0,"gold_gain":0,"player_choice":"Fight","damage_taken":0,"max_hp_gain":0,"max_hp_loss":0,"event_name":"Mysterious Sphere","floor":38,"gold_loss":0},{"cards_removed":["Defend_G"],"damage_healed":0,"gold_gain":0,"player_choice":"Purged","damage_taken":0,"max_hp_gain":0,"max_hp_loss":0,"event_name":"Purifier","floor":48,"gold_loss":0}],"is_beta":false,"boss_relics":[{"not_picked":["Tiny House","Cursed Key"],"picked":"WristBlade"},{"not_picked":["Astrolabe","Coffee Dripper"],"picked":"Empty Cage"}],"items_purged_floors":[3,21,27,30,36,39,53],"is_endless":false,"potions_floor_spawned":[8,11,19,25,29,33,35,40,45,54],"killed_by":"The Heart","ascension_level":0}}