{"host":"7sryglll1si3bc7f","time":1611133835,"event":{"mods":["AchievementEnabler","BaseMod","Card Forge","Colored Map","Colored Powertips","Custom Start","Downfall","Friendly Minions","Hermit","Mimic Mod","Minty Spire (QoL Compilation)","Quick Restart","StSLib","The Construct","The Hierophant"],"gold_per_floor":[114,70,70,0,18,18,18,47,47,47,147,147,166,179,179,274,274,284,304,304,304,338,367,367,394,394,394,221,320,332,332,332,332],"floor_reached":31,"language":"ENG","playtime":1307,"items_purged":[],"score":415,"play_id":"cab66eaf-d1a6-4b2e-bc7b-50d70189581e","local_time":"20210120111035","daily_mods":["Heirloom"],"is_ascension_mode":true,"campfire_choices":[{"floor":6,"key":"REST"},{"floor":10,"key":"REST"},{"floor":15,"key":"REST"},{"floor":24,"key":"REST"}],"circlet_count":0,"master_deck":["Guardian:Strike_Guardian+1","Guardian:Strike_Guardian+1","Guardian:Strike_Guardian+1","Guardian:Strike_Guardian+1","Guardian:Defend_Guardian+1","Guardian:Defend_Guardian+1","Guardian:Defend_Guardian+1","Guardian:Defend_Guardian+1","Guardian:CurlUp+1","Guardian:TwinSlam","Guardian:RollAttack","Guardian:PrimingBeam","Guardian:FloatingOrbs","Guardian:EvasiveProtocol","Guardian:FuturePlans","Guardian:Gem_Crimson","Guardian:Gem_Synthetic","Guardian:ChargeUp","Guardian:PrimingBeam+1","Guardian:PolyBeam","Guardian:Gem_Lightblue","Guardian:Gem_Fragmented"],"relics":["Guardian:ModeShifter","Hammer of Thor","Seething Fire","Anvil of the Gods","Lizard Tail","PreservedInsect","Singing Bowl","construct:WeddingRing","Pear","construct:RocketBooster","Thread and Needle","Ginger","Membership Card"],"acts_visited":["Exordium","TheCity"],"potions_floor_usage":[16,30,31,31],"damage_taken":[{"damage":5,"enemies":"Cultist","floor":1,"turns":6},{"damage":12,"enemies":"Jaw Worm","floor":5,"turns":4},{"damage":30,"enemies":"Lagavulin","floor":8,"turns":8},{"damage":18,"enemies":"Small Slimes","floor":13,"turns":4},{"damage":11,"enemies":"Blue Slaver","floor":14,"turns":4},{"damage":37,"enemies":"Hexaghost","floor":16,"turns":11},{"damage":13,"enemies":"Spheric Guardian","floor":18,"turns":4},{"damage":10,"enemies":"Shell Parasite","floor":19,"turns":5},{"damage":21,"enemies":"3 Cultists","floor":22,"turns":8},{"damage":38,"enemies":"Gremlin Leader","floor":23,"turns":6},{"damage":59,"enemies":"Slavers","floor":25,"turns":5},{"damage":14,"enemies":"3 Cultists","floor":30,"turns":5},{"damage":36,"enemies":"Gremlin Leader","floor":31,"turns":4}],"seed_played":"5914905018153195495","potions_obtained":[{"floor":8,"key":"Guardian:DefensiveModePotion"},{"floor":13,"key":"GamblersBrew"},{"floor":14,"key":"DuplicationPotion"},{"floor":25,"key":"DistilledChaos"},{"floor":30,"key":"Weak Potion"}],"is_trial":true,"path_per_floor":["M","?","?","$","M","R","$","E","T","R","?","$","M","M","R","B",null,"M","M","?","?","MIM","E","R","E","T","?","$","?","M","E"],"character_chosen":"GUARDIAN","items_purchased":["Guardian:FloatingOrbs","Membership Card","Guardian:Gem_Fragmented"],"campfire_rested":4,"item_purchase_floors":[4,28,28],"current_hp_per_floor":[67,67,67,67,55,79,79,49,49,73,73,73,55,46,70,33,70,57,49,49,77,66,28,56,47,47,47,47,47,35,0,0,0],"gold":332,"neow_bonus":"","is_daily":false,"chose_seed":false,"campfire_upgraded":0,"win_rate":0.0,"timestamp":1611133835,"path_taken":["M","?","?","$","?","R","$","E","T","R","?","?","M","M","R","BOSS","M","?","?","?","?","E","R","E","T","?","$","?","M","E"],"items_purchased_type":["Card","Relic","Card"],"build_version":"2020-12-22","purchased_purges":0,"victory":false,"max_hp_per_floor":[80,80,80,80,80,80,80,80,80,80,80,80,80,82,82,82,82,82,84,84,84,94,94,94,94,94,94,94,94,96,96,96,96],"card_choices":[{"not_picked":["Guardian:ShieldCharger","Guardian:TemporalShield"],"picked":"Guardian:RollAttack","floor":1},{"not_picked":["Guardian:Gem_White","Guardian:Gem_Purple"],"picked":"Guardian:EvasiveProtocol","floor":5},{"not_picked":["Guardian:TimeSifter","Guardian:Incinerate"],"picked":"Guardian:FuturePlans","floor":8},{"not_picked":["Guardian:ShieldCharger","Guardian:Reroute"],"picked":"Guardian:Gem_Crimson","floor":13},{"not_picked":["Guardian:SentryBeam","Guardian:VentSteam","Guardian:Suspension"],"picked":"Singing Bowl","floor":14},{"not_picked":["Guardian:SphericShield","Guardian:ExploitGems"],"picked":"Guardian:Gem_Synthetic","floor":16},{"not_picked":["Guardian:PrismaticBarrier","Guardian:Gem_Crimson"],"picked":"Guardian:ChargeUp","floor":18},{"not_picked":["Guardian:BodySlam","Guardian:Emergency","Guardian:Gem_Green"],"picked":"Singing Bowl","floor":19},{"not_picked":["Guardian:Gem_Green","Guardian:Gem_Cyan"],"picked":"Guardian:PrimingBeam+1","floor":22},{"not_picked":["Guardian:Incinerate","Guardian:PiercingHide"],"picked":"Guardian:PolyBeam","floor":23},{"not_picked":["Guardian:PiercingHide+1","Guardian:TimeSifter"],"picked":"Guardian:Gem_Lightblue","floor":25},{"not_picked":["Guardian:Reroute","Guardian:TemporalShield","Guardian:Gem_Yellow"],"picked":"Singing Bowl","floor":30}],"player_experience":600108,"relics_obtained":[{"floor":8,"key":"PreservedInsect"},{"floor":9,"key":"Singing Bowl"},{"floor":22,"key":"Pear"},{"floor":23,"key":"construct:RocketBooster"},{"floor":25,"key":"Thread and Needle"},{"floor":26,"key":"Ginger"}],"event_choices":[{"damage_healed":0,"gold_gain":0,"player_choice":"Left Gold","damage_taken":0,"max_hp_gain":0,"max_hp_loss":0,"event_name":"World of Goop","floor":2,"gold_loss":44},{"damage_healed":0,"gold_gain":0,"player_choice":"1 cards matched","damage_taken":0,"max_hp_gain":0,"max_hp_loss":0,"event_name":"Match and Keep!","floor":3,"gold_loss":0,"cards_obtained":["Guardian:PrimingBeam"]},{"damage_healed":0,"gold_gain":100,"player_choice":"Pray","damage_taken":0,"max_hp_gain":0,"max_hp_loss":0,"event_name":"Golden Shrine","floor":11,"gold_loss":0},{"damage_healed":28,"gold_gain":0,"player_choice":"Heal","damage_taken":0,"max_hp_gain":0,"max_hp_loss":0,"event_name":"The Library","floor":21,"gold_loss":0},{"damage_healed":0,"gold_gain":0,"player_choice":"Ignored","damage_taken":0,"max_hp_gain":0,"max_hp_loss":0,"event_name":"Beggar","floor":27,"gold_loss":0},{"damage_healed":0,"gold_gain":99,"player_choice":"Stole From Cult","damage_taken":0,"max_hp_gain":0,"max_hp_loss":0,"event_name":"Nest","floor":29,"gold_loss":0}],"is_beta":false,"boss_relics":[{"not_picked":["Calling Bell","Astrolabe"],"picked":"construct:WeddingRing"}],"items_purged_floors":[],"is_endless":false,"potions_floor_spawned":[8,13,14,25,30],"killed_by":"Gremlin Leader","ascension_level":9}}