{"host":"g61l9u03ah4b44ex","time":1611153254,"event":{"mods":["Aspiration","BaseMod","Better Altar","Better Match","Better Sensory Stone","Better Skull","Better Third Choice","Conspire","Downfall","Hubris","Minty Spire (QoL Compilation)","Robot Space Explorer","Spicy Shops","StSLib","The Marked","Waifu the Spire"],"gold_per_floor":[99,116,134,134,134,134,134,152,183,198,0,0,0,0,0],"floor_reached":13,"language":"ENG","playtime":688,"items_purged":[],"score":87,"play_id":"531d6510-55e8-4b31-a13c-d44b47ea02da","local_time":"20210120223414","is_ascension_mode":true,"campfire_choices":[{"data":"bronze:Goto","floor":1,"key":"SMITH"},{"data":"bronze:BronzeOrb","floor":6,"key":"SMITH"},{"floor":12,"key":"REST"}],"circlet_count":0,"master_deck":["bronze:Strike","bronze:Strike","bronze:Strike","bronze:Defend","bronze:Defend","bronze:Defend","bronze:Defend","bronze:Goto+1","bronze:Repair","Panache","hubris:DuctTapeCard","bronze:Terminator","bronze:BronzeOrb","bronze:DarkDash","bronze:ClassDefault"],"relics":["bronze:BronzeCore","Akabeko","hubris:DuctTape","Tiny Chest","bronze:SilverBullet"],"acts_visited":["Exordium"],"potions_floor_usage":[],"damage_taken":[{"damage":10,"enemies":"2 Louse","floor":2,"turns":3},{"damage":2,"enemies":"Jaw Worm","floor":3,"turns":3},{"damage":0,"enemies":"conspire:RoseBush","floor":8,"turns":3},{"damage":32,"enemies":"Gremlin Nob","floor":9,"turns":5},{"damage":0,"enemies":"2 Fungi Beasts","floor":10,"turns":3},{"damage":6,"enemies":"downfall:FleeingMerchant","floor":11,"turns":4},{"damage":32,"enemies":"Lagavulin","floor":13,"turns":7}],"seed_played":"7023035184742350409","potions_obtained":[{"floor":3,"key":"Explosive Potion"},{"floor":8,"key":"Ancient Potion"},{"floor":9,"key":"Energy Potion"}],"is_trial":false,"path_per_floor":["R","M","M","?","?","R","T","M","E","M","$","R","E"],"character_chosen":"THE_AUTOMATON","items_purchased":["bronze:ClassDefault","bronze:SilverBullet"],"campfire_rested":1,"item_purchase_floors":[11,11],"current_hp_per_floor":[70,60,58,58,51,51,51,51,19,26,27,48,23,23,23],"gold":0,"neow_bonus":"REMOVE_CARD","is_daily":false,"chose_seed":false,"campfire_upgraded":2,"win_rate":0.0,"timestamp":1611153254,"path_taken":["R","M","M","?","?","R","T","M","E","?","$","R","E"],"items_purchased_type":["Card","Relic"],"build_version":"2020-12-22","purchased_purges":0,"victory":false,"max_hp_per_floor":[70,70,70,70,70,70,70,70,70,70,70,70,70,70,70],"card_choices":[{"not_picked":["bronze:FineTuning","bronze:Shell"],"picked":"bronze:BronzeOrb","floor":2},{"not_picked":["bronze:BugBarrage","bronze:Invalidate"],"picked":"bronze:Repair","floor":3},{"not_picked":["Forethought","Finesse"],"picked":"Panache","floor":4},{"not_picked":["bronze:WildBeam","bronze:FollowUp","bronze:MaxOutput"],"picked":"SKIP","floor":8},{"not_picked":["bronze:Overheat","bronze:ForceShield"],"picked":"bronze:Terminator","floor":9},{"not_picked":["bronze:FollowUp","bronze:Frontload"],"picked":"bronze:BronzeOrb","floor":10},{"not_picked":["bronze:BuggyMess","bronze:Overheat"],"picked":"bronze:DarkDash","floor":11}],"player_experience":857442,"relics_obtained":[{"floor":7,"key":"hubris:DuctTape"},{"floor":9,"key":"Tiny Chest"}],"event_choices":[{"damage_healed":0,"gold_gain":1,"player_choice":"1","damage_taken":0,"max_hp_gain":0,"max_hp_loss":0,"event_name":"betterStone:BetterStone","floor":4,"gold_loss":0},{"damage_healed":0,"gold_gain":0,"player_choice":"Relic ","damage_taken":7,"max_hp_gain":0,"max_hp_loss":0,"event_name":"betterThird:BetterScrap","floor":5,"gold_loss":0,"cards_obtained":["conspire:ExplosiveBarrier"]}],"is_beta":false,"boss_relics":[],"items_purged_floors":[],"is_endless":false,"potions_floor_spawned":[3,8,9],"killed_by":"Lagavulin","ascension_level":1}}