{"host":"cbs04hxbqwdiijvt","time":1611128650,"event":{"mods":["AchievementEnabler","BaseMod","Colored Map","Minty Spire (QoL Compilation)","StSLib","SuperFastMode","everything is the same but u backflip on backflip"],"gold_per_floor":[109,109,109,109,29,58,58,58,58,58,75,107,127,153,153,230,230,246,261,273,273,289,289,299,326,326,46,46,75,75,105,105,182,182,193,218,177,194,209,209,234,73,73,73,91,0,27,27,27,27],"floor_reached":51,"language":"KOR","playtime":2644,"items_purged":["Strike_B"],"score":1389,"play_id":"d54b3799-2532-4cc2-827a-a7c087c9079e","local_time":"20210120164410","is_ascension_mode":true,"campfire_choices":[{"data":"FTL","floor":10.0,"key":"SMITH"},{"data":"Coolheaded","floor":15.0,"key":"SMITH"},{"data":"Seek","floor":23.0,"key":"SMITH"},{"floor":30,"key":"REST"},{"floor":32,"key":"REST"},{"floor":40,"key":"DIG"},{"floor":44,"key":"REST"},{"floor":49,"key":"DIG"}],"circlet_count":0,"master_deck":["AscendersBane","Defend_B","Defend_B","Defend_B+1","Zap","Dualcast+1","FTL+1","Glacier+1","Sweeping Beam","Undo","Coolheaded+1","Storm+1","Buffer+1","Electrodynamics+1","White Noise","Rebound","Force Field","Seek+1","Hologram","Compile Driver","Capacitor+1","Master of Strategy","BootSequence+1","Creative AI+1","Self Repair+1","Defragment+1","Compile Driver","Stack+1","Heatsinks+1"],"relics":["FrozenCore","NeowsBlessing","Letter Opener","Bird Faced Urn","War Paint","Turnip","HornCleat","Frozen Egg 2","InkBottle","Shovel","Regal Pillow","Pear","Bag of Preparation","Empty Cage","Calipers","Bronze Scales","Akabeko","Cables","Red Mask","Juzu Bracelet","Pantograph"],"acts_visited":["Exordium","TheCity","TheBeyond"],"potions_floor_usage":[33,50,50],"damage_taken":[{"damage":0.0,"enemies":"2 Louse","floor":1.0,"turns":1.0},{"damage":0.0,"enemies":"Gremlin Nob","floor":6.0,"turns":1.0},{"damage":0.0,"enemies":"Jaw Worm","floor":11.0,"turns":1.0},{"damage":2.0,"enemies":"3 Sentries","floor":12.0,"turns":9.0},{"damage":0.0,"enemies":"Cultist","floor":13.0,"turns":4.0},{"damage":9.0,"enemies":"Lagavulin","floor":14.0,"turns":9.0},{"damage":18.0,"enemies":"Slime Boss","floor":16.0,"turns":12.0},{"damage":0.0,"enemies":"3 Byrds","floor":18.0,"turns":2.0},{"damage":9.0,"enemies":"Shell Parasite","floor":19.0,"turns":4.0},{"damage":0.0,"enemies":"Snecko","floor":20.0,"turns":5.0},{"damage":21.0,"enemies":"Centurion and Healer","floor":22.0,"turns":7.0},{"damage":23.0,"enemies":"Snake Plant","floor":24.0,"turns":5.0},{"damage":18.0,"enemies":"Slavers","floor":25.0,"turns":4.0},{"damage":28,"enemies":"Gremlin Leader","floor":29,"turns":9},{"damage":37,"enemies":"Book of Stabbing","floor":31,"turns":8},{"damage":21,"enemies":"Champ","floor":33,"turns":19},{"damage":7,"enemies":"3 Shapes","floor":35,"turns":5},{"damage":0,"enemies":"Mind Bloom Boss Battle","floor":36,"turns":5},{"damage":4,"enemies":"Orb Walker","floor":38,"turns":5},{"damage":25,"enemies":"Transient","floor":39,"turns":6},{"damage":81,"enemies":"Giant Head","floor":41,"turns":10},{"damage":35,"enemies":"Writhing Mass","floor":45,"turns":6},{"damage":31,"enemies":"Time Eater","floor":50,"turns":7}],"seed_played":"-5606944214905223957","potions_obtained":[{"floor":1.0,"key":"LiquidBronze"},{"floor":6.0,"key":"Fire Potion"},{"floor":18.0,"key":"FearPotion"},{"floor":33,"key":"EssenceOfDarkness"},{"floor":36,"key":"FocusPotion"},{"floor":41,"key":"FocusPotion"}],"is_trial":false,"path_per_floor":["M","?","T","?","$","E","?","T","T","R","M","E","M","E","R","B",null,"M","M","M","?","M","R","M","E","T","$","?","E","R","E","R","B",null,"M","?","$","M","M","R","E","$","T","R","M","?","T","?","R","B",null],"character_chosen":"DEFECT","items_purchased":["Glacier","Capacitor+1","Master of Strategy","Defragment+1","Heatsinks+1"],"campfire_rested":3,"item_purchase_floors":[5,27,27,37,42],"current_hp_per_floor":[64,57,57,31,31,31,31,31,31,31,31,29,29,22,22,8,55,61,62,70,70,54,54,39,27,27,27,27,17,56,27,66,55,75,78,81,81,81,72,72,30,30,30,69,68,68,68,68,68,67],"gold":27,"neow_bonus":"THREE_ENEMY_KILL","is_daily":false,"chose_seed":false,"campfire_upgraded":3,"win_rate":0.0,"timestamp":1611128650,"path_taken":["M","?","?","?","?","E","?","?","T","R","?","E","M","E","R","BOSS","M","?","M","?","M","R","M","E","T","$","?","E","R","E","R","BOSS","M","?","$","M","M","R","E","$","T","R","M","?","?","?","R","BOSS"],"items_purchased_type":["Card","Card","Card","Card","Card"],"build_version":"2020-12-22","purchased_purges":1,"victory":true,"max_hp_per_floor":[71,71,71,71,71,71,71,71,71,71,71,71,71,71,71,71,71,71,71,71,71,71,71,71,71,71,71,71,81,81,81,81,81,81,81,81,81,81,81,81,81,81,81,81,81,81,81,77,77,77],"card_choices":[{"not_picked":["Redo","Rebound"],"picked":"FTL","floor":1.0},{"not_picked":["Chaos","Rebound"],"picked":"Sweeping Beam","floor":6.0},{"not_picked":["Heatsinks","Stack"],"picked":"Undo","floor":11.0},{"not_picked":["Glacier","Darkness"],"picked":"Coolheaded","floor":12.0},{"not_picked":["Coolheaded","Rebound"],"picked":"Storm+1","floor":13.0},{"not_picked":["Go for the Eyes","Beam Cell"],"picked":"Buffer+1","floor":14.0},{"not_picked":["Machine Learning+1","Multi-Cast"],"picked":"Electrodynamics+1","floor":16.0},{"not_picked":["Rebound","Rip and Tear"],"picked":"White Noise","floor":18.0},{"not_picked":["Melter","Cold Snap"],"picked":"Rebound","floor":19.0},{"not_picked":["Go for the Eyes","Ball Lightning"],"picked":"Force Field","floor":20.0},{"not_picked":["Leap+1","Conserve Battery"],"picked":"Hologram","floor":22.0},{"not_picked":["Cold Snap","Steam"],"picked":"Compile Driver","floor":24.0},{"not_picked":["Blizzard","Gash","Leap"],"picked":"SKIP","floor":25.0},{"not_picked":["Ball Lightning","Rebound"],"picked":"BootSequence+1","floor":29},{"not_picked":["Streamline","Rainbow","Melter"],"picked":"SKIP","floor":31},{"not_picked":["Core Surge","Thunder Strike"],"picked":"Creative AI+1","floor":33},{"not_picked":["Gash","Streamline","Steam"],"picked":"SKIP","floor":35},{"not_picked":["Gash","Streamline","Steam"],"picked":"SKIP","floor":35},{"not_picked":["Gash+1","Cold Snap"],"picked":"Self Repair+1","floor":36},{"not_picked":["Go for the Eyes","Conserve Battery+1"],"picked":"Compile Driver","floor":38},{"not_picked":["Turbo","Melter"],"picked":"Stack+1","floor":39},{"not_picked":["Genetic Algorithm","Melter","Streamline+1"],"picked":"SKIP","floor":41},{"not_picked":["Reprogram","Compile Driver","Darkness"],"picked":"SKIP","floor":45}],"player_experience":613768,"relics_obtained":[{"floor":3.0,"key":"Letter Opener"},{"floor":6.0,"key":"War Paint"},{"floor":8.0,"key":"Turnip"},{"floor":9.0,"key":"HornCleat"},{"floor":12.0,"key":"Frozen Egg 2"},{"floor":14.0,"key":"InkBottle"},{"floor":25.0,"key":"Shovel"},{"floor":26.0,"key":"Regal Pillow"},{"floor":29,"key":"Pear"},{"floor":31,"key":"Bag of Preparation"},{"floor":36,"key":"Calipers"},{"floor":40,"key":"Bronze Scales"},{"floor":41,"key":"Akabeko"},{"floor":43,"key":"Cables"},{"floor":47,"key":"Juzu Bracelet"},{"floor":49,"key":"Pantograph"}],"event_choices":[{"cards_removed":["Strike_B"],"damage_healed":0.0,"max_hp_gain":0.0,"max_hp_loss":0.0,"gold_gain":0.0,"event_name":"Golden Wing","player_choice":"Card Removal","floor":2.0,"gold_loss":0.0,"damage_taken":7.0},{"damage_healed":0.0,"max_hp_gain":0.0,"max_hp_loss":0.0,"gold_gain":0.0,"event_name":"Scrap Ooze","player_choice":"Success","floor":4.0,"gold_loss":0.0,"damage_taken":26.0,"relics_obtained":["Bird Faced Urn"]},{"damage_healed":0.0,"max_hp_gain":0.0,"max_hp_loss":0.0,"gold_gain":0.0,"event_name":"Living Wall","player_choice":"Grow","floor":7.0,"gold_loss":0.0,"damage_taken":0.0,"cards_upgraded":["Dualcast"]},{"damage_healed":0.0,"max_hp_gain":0.0,"max_hp_loss":0.0,"gold_gain":0.0,"event_name":"The Library","player_choice":"Read","floor":21.0,"gold_loss":0.0,"damage_taken":0.0,"cards_obtained":["Seek"]},{"cards_removed":["Strike_B"],"damage_healed":0.0,"max_hp_gain":0.0,"max_hp_loss":0.0,"gold_gain":0.0,"event_name":"Back to Basics","player_choice":"Elegance","floor":28.0,"gold_loss":0.0,"damage_taken":0.0},{"damage_healed":0,"gold_gain":0,"player_choice":"Fight","damage_taken":0,"max_hp_gain":0,"max_hp_loss":0,"event_name":"MindBloom","floor":36,"gold_loss":0},{"damage_healed":0,"gold_gain":0,"player_choice":"Paid","damage_taken":0,"relics_obtained":["Red Mask"],"max_hp_gain":0,"max_hp_loss":0,"event_name":"Tomb of Lord Red Mask","floor":46,"gold_loss":91},{"damage_healed":0,"gold_gain":0,"player_choice":"Max HP","damage_taken":0,"max_hp_gain":0,"max_hp_loss":4,"event_name":"Winding Halls","floor":48,"gold_loss":0}],"is_beta":false,"boss_relics":[{"not_picked":["Snecko Eye","Philosopher\u0027s Stone"],"picked":"FrozenCore"},{"not_picked":["Tiny House","Coffee Dripper"],"picked":"Empty Cage"}],"items_purged_floors":[42],"is_endless":false,"potions_floor_spawned":[1,6,18,22,33,36,39,41,45],"ascension_level":17}}