{"host":"3zmssa4s99zhxek5","time":1611142489,"event":{"mods":["AchievementEnabler","BaseMod","Minty Spire (QoL Compilation)","Permanent Neow","Relic Stats"],"gold_per_floor":[166,180,190,190,31,62,62,81,81,6,26,37,66,80,80,157,157,171,183,73,73,73],"floor_reached":21,"language":"KOR","playtime":3860,"items_purged":["Strike_R"],"score":386,"play_id":"ed4d585f-b964-48a8-9973-a120bf0a012e","local_time":"20210120203449","is_ascension_mode":true,"campfire_choices":[{"floor":7,"key":"REST"},{"floor":15,"key":"REST"}],"circlet_count":0,"master_deck":["AscendersBane","Strike_R+1","Strike_R+1","Defend_R+1","Defend_R","Bash","Sword Boomerang","Ghostly Armor","Anger","Inflame","Flame Barrier","Inflame+1","Ghostly Armor","Thunderclap","Demon Form+1","Offering+1","Intimidate+1","Juggernaut+1","Metallicize+1"],"relics":["Tiny House","Happy Flower","Frozen Egg 2","StoneCalendar","Astrolabe"],"acts_visited":["Exordium","TheCity"],"potions_floor_usage":[6,11,13,13,16,19,21],"damage_taken":[{"damage":9,"enemies":"2 Louse","floor":1,"turns":3},{"damage":0,"enemies":"Small Slimes","floor":2,"turns":4},{"damage":0,"enemies":"Cultist","floor":3,"turns":2},{"damage":20,"enemies":"3 Sentries","floor":6,"turns":7},{"damage":6,"enemies":"Large Slime","floor":8,"turns":7},{"damage":16,"enemies":"Exordium Wildlife","floor":11,"turns":6},{"damage":1,"enemies":"Looter","floor":12,"turns":3},{"damage":18,"enemies":"Gremlin Nob","floor":13,"turns":4},{"damage":0,"enemies":"2 Fungi Beasts","floor":14,"turns":4},{"damage":4,"enemies":"The Guardian","floor":16,"turns":11},{"damage":27,"enemies":"Chosen","floor":18,"turns":6},{"damage":19,"enemies":"3 Byrds","floor":19,"turns":5},{"damage":27,"enemies":"Sentry and Sphere","floor":21,"turns":3}],"seed_played":"7209610945832449764","potions_obtained":[{"floor":0,"key":"FearPotion"},{"floor":2,"key":"LiquidMemories"},{"floor":8,"key":"AttackPotion"},{"floor":11,"key":"SpeedPotion"},{"floor":13,"key":"Block Potion"},{"floor":14,"key":"DuplicationPotion"},{"floor":19,"key":"PowerPotion"}],"is_trial":false,"path_per_floor":["M","M","M","?","$","E","R","M","T","$","M","M","E","M","R","B",null,"M","M","?","M"],"character_chosen":"IRONCLAD","items_purchased":["Flame Barrier","Inflame"],"campfire_rested":2,"item_purchase_floors":[5,5],"current_hp_per_floor":[64,64,64,40,40,20,44,38,38,38,22,21,3,3,27,23,66,39,20,20,0,0],"gold":73,"neow_bonus":"BOSS_RELIC","is_daily":false,"chose_seed":false,"campfire_upgraded":0,"win_rate":0.0,"timestamp":1611142489,"path_taken":["M","M","M","?","$","E","R","M","T","$","M","M","E","M","R","BOSS","M","M","?","?"],"items_purchased_type":["Card","Card"],"build_version":"2020-12-22","purchased_purges":1,"victory":false,"max_hp_per_floor":[80,80,80,80,80,80,80,80,80,80,80,80,80,80,80,80,80,80,80,80,80,80],"relic_stats":{"Happy Flower":[16],"counters":[13,65],"Astrolabe":["Offering","Intimidate","Juggernaut"],"StoneCalendar":[32],"obtain_stats":[{"Tiny House":0,"Happy Flower":6,"Astrolabe":17,"StoneCalendar":13,"Frozen Egg 2":9,"Burning Blood":0},{"Tiny House":0,"Happy Flower":4,"Astrolabe":10,"StoneCalendar":8,"Frozen Egg 2":5,"Burning Blood":0},{"Tiny House":0,"Happy Flower":16,"Astrolabe":51,"StoneCalendar":36,"Frozen Egg 2":23,"Burning Blood":0}]},"card_choices":[{"not_picked":["Flex","Dual Wield"],"picked":"Sword Boomerang","floor":0},{"not_picked":["Sword Boomerang","Feel No Pain"],"picked":"Ghostly Armor","floor":1},{"not_picked":["Clash","True Grit"],"picked":"Anger","floor":2},{"not_picked":["Flame Barrier","Battle Trance"],"picked":"Inflame","floor":3},{"not_picked":["Wild Strike","Iron Wave"],"picked":"Ghostly Armor","floor":6},{"not_picked":["Barricade","Pommel Strike","Armaments"],"picked":"SKIP","floor":8},{"not_picked":["Body Slam","Pommel Strike"],"picked":"Thunderclap","floor":11},{"not_picked":["Searing Blow","Clash","Anger"],"picked":"SKIP","floor":12},{"not_picked":["Sentinel","Warcry","Perfected Strike"],"picked":"SKIP","floor":13},{"not_picked":["Carnage","Fire Breathing+1","Sever Soul"],"picked":"SKIP","floor":14},{"not_picked":["Exhume","Brutality+1"],"picked":"Demon Form+1","floor":16},{"not_picked":["Iron Wave","True Grit","Blood for Blood"],"picked":"SKIP","floor":18},{"not_picked":["Thunderclap+1","Combust+1"],"picked":"Metallicize+1","floor":19}],"player_experience":1542475,"relics_obtained":[{"floor":6,"key":"Happy Flower"},{"floor":9,"key":"Frozen Egg 2"},{"floor":13,"key":"StoneCalendar"}],"event_choices":[{"damage_healed":0,"gold_gain":0,"player_choice":"Entered Light","damage_taken":24,"max_hp_gain":0,"max_hp_loss":0,"event_name":"Shining Light","floor":4,"gold_loss":0,"cards_upgraded":["Strike_R","Defend_R"]},{"cards_removed":["Defend_R"],"damage_healed":0,"gold_gain":0,"player_choice":"Upgrade and Remove","damage_taken":0,"max_hp_gain":0,"max_hp_loss":0,"event_name":"Designer","floor":20,"gold_loss":110,"cards_upgraded":["Inflame"]}],"is_beta":false,"boss_relics":[{"not_picked":["Black Star","Runic Cube"],"picked":"Astrolabe"}],"items_purged_floors":[10],"is_endless":false,"potions_floor_spawned":[2,8,11,13,14,19],"killed_by":"Sentry and Sphere","ascension_level":20}}