{"host":"l7l2v2zs4hqku4vk","time":1611141968,"event":{"mods":["Act Like it!","BaseMod","Colored Powertips","Highlight Path","Minty Spire (QoL Compilation)","Replay The Spire","RumiaBox-露米娅的神秘盒子","StSLib","TestMod","The Servant 0.9.4","篝火指南"],"gold_per_floor":[110,510,188,209,233,233,265,265,291,291,17,38,73,97,97,212,212,233,233,25,25,52,98,18,63,63,97,128,147,196,219,219,324,324,355,372,411,411,450,492,492,525,525,576,588,622,424,424,424,443,472,472,472,51,94,135],"floor_reached":57,"language":"ZHS","playtime":2554,"items_purged":["Amnesia","Defend_R","Strike_R","Voices","Regret"],"score":3135,"play_id":"1af90be9-bc53-4fea-b1d5-d0e1be0f12ff","local_time":"20210120192608","is_ascension_mode":true,"campfire_choices":[{"data":"Body Slam","floor":6,"key":"SMITH"},{"data":"Burning Pact","floor":15,"key":"SMITH"},{"data":"Armaments","floor":32,"key":"SMITH"},{"floor":41,"key":"RECALL"},{"data":"Flex","floor":45,"key":"SMITH"},{"data":"Offering","floor":53,"key":"SMITH"}],"circlet_count":0,"master_deck":["AscendersBane","Strike_R+1","Defend_R","Defend_R+1","Defend_R","Bash+1","Burning Pact+1","Body Slam+1","Whirlwind+1","Warcry","Shrug It Off","Offering+1","Flex+1","Berserk","Rage","Limit Break+1","Armaments+1","Replay:Many Hands","Madness","Metamorphosis"],"relics":["Burning Blood","testmod-DeterminationOfClimber","Chemical X","Simple Rune","Potion Belt","testmod-RainbowHikingShoes","Cursed Key","Replay:Kaleidoscope","Replay:Wax Seal","Red Mask","Whetstone","Black Star","Charon\u0027s Ashes","testmod-EqualTreatment","Strawberry","The Courier","MawBank","Pet Ghost","Iron Hammer","Durian","Anchor"],"acts_visited":["Exordium","TheCity","TheBeyond","TheEnding"],"potions_floor_usage":[16,55,56,56,56],"damage_taken":[{"damage":8,"enemies":"2 Louse","floor":1,"turns":4},{"damage":9,"enemies":"Jaw Worm","floor":4,"turns":3},{"damage":0,"enemies":"Cultist","floor":5,"turns":2},{"damage":22,"enemies":"3 Sentries","floor":7,"turns":5},{"damage":6,"enemies":"Looter","floor":12,"turns":1},{"damage":9,"enemies":"Replay:BlueRogue","floor":13,"turns":2},{"damage":6,"enemies":"Large Slime","floor":14,"turns":1},{"damage":6,"enemies":"Fading Forest","floor":16,"turns":1},{"damage":6,"enemies":"3 Byrds","floor":18,"turns":1},{"damage":0,"enemies":"2 Thieves","floor":22,"turns":1},{"damage":0,"enemies":"Gremlin Leader","floor":23,"turns":1},{"damage":6,"enemies":"Book of Stabbing","floor":25,"turns":1},{"damage":6,"enemies":"Snecko","floor":27,"turns":1},{"damage":0,"enemies":"Masked Bandits","floor":28,"turns":1},{"damage":0,"enemies":"Shelled Parasite and Fungi","floor":29,"turns":1},{"damage":6,"enemies":"Replay:Snechameleon","floor":30,"turns":1},{"damage":0,"enemies":"Centurion and Healer","floor":31,"turns":1},{"damage":6,"enemies":"Pondfish","floor":33,"turns":1},{"damage":0,"enemies":"Orb Walker","floor":35,"turns":1},{"damage":6,"enemies":"3 Darklings","floor":36,"turns":1},{"damage":6,"enemies":"Mind Bloom Boss Battle","floor":37,"turns":1},{"damage":6,"enemies":"Spire Growth","floor":39,"turns":1},{"damage":6,"enemies":"Nemesis","floor":40,"turns":1},{"damage":6,"enemies":"Writhing Mass","floor":42,"turns":1},{"damage":6,"enemies":"Giant Head","floor":44,"turns":1},{"damage":6,"enemies":"Maw","floor":46,"turns":1},{"damage":0,"enemies":"Replay:Hell Engine","floor":50,"turns":1},{"damage":6,"enemies":"Awakened One","floor":51,"turns":2},{"damage":0,"enemies":"Shield and Spear","floor":55,"turns":1},{"damage":6,"enemies":"The Heart","floor":56,"turns":4}],"seed_played":"-4026892366158590714","potions_obtained":[{"floor":1,"key":"SteroidPotion"},{"floor":4,"key":"Swift Potion"},{"floor":14,"key":"Milkshake"},{"floor":23,"key":"Languid Potion"},{"floor":27,"key":"ColorlessPotion"}],"is_trial":false,"path_per_floor":["M","?","$","M","M","R","E","?","T","?","$","M","E","M","R","B",null,"M","?","$","?","M","E","$","E","T","M","?","M","E","M","R","B",null,"M","M","?","?","M","E","R","M","T","E","R","M","$","?","R","B","B",null,"R","$","E","B",null],"character_chosen":"IRONCLAD","items_purchased":["Chemical X","Whirlwind","Offering","Rage","Limit Break","EntropicBrew","testmod-SpacePotion","Iron Hammer"],"campfire_rested":0,"item_purchase_floors":[3,3,11,20,24,47,54,54],"current_hp_per_floor":[68,68,68,66,75,75,60,53,53,53,53,60,67,74,74,75,75,75,75,75,75,75,75,75,75,75,75,75,75,75,75,75,75,75,75,75,75,75,75,82,82,82,82,82,82,82,82,67,67,82,82,82,82,82,87,87],"gold":135,"neow_bonus":"TRANSFORM_TWO_CARDS","is_daily":false,"chose_seed":false,"campfire_upgraded":5,"win_rate":0.0,"timestamp":1611141968,"path_taken":["M","?","$","M","M","R","E","?","T","?","?","?","E","M","R","BOSS","M","?","$","?","M","E","$","E","T","M","?","M","E","M","R","BOSS","M","M","?","?","M","E","R","M","T","E","R","?","$","?","R","BOSS","BOSS","R","$","E","BOSS"],"items_purchased_type":["Relic","Card","Card","Card","Card","Potion","Potion","Relic"],"build_version":"2020-12-22","purchased_purges":5,"victory":true,"max_hp_per_floor":[75,75,75,75,75,75,75,75,75,75,75,75,75,75,75,75,75,75,75,75,75,75,75,75,75,75,75,75,75,75,75,75,75,75,75,75,75,75,75,82,82,82,82,82,82,82,82,82,82,82,82,82,82,82,87,87],"card_choices":[{"not_picked":["ReplayTheSpireMod:Strike From Hell","Clash"],"picked":"Body Slam","floor":1},{"not_picked":["Perfected Strike","Body Slam","Warcry"],"picked":"SKIP","floor":4},{"not_picked":["Perfected Strike","Body Slam"],"picked":"Warcry","floor":4},{"not_picked":["Heavy Blade","Iron Wave"],"picked":"Shrug It Off","floor":5},{"not_picked":["Wild Strike","Flame Barrier","Headbutt"],"picked":"SKIP","floor":7},{"not_picked":["Shrug It Off","Iron Wave"],"picked":"Flex","floor":12},{"not_picked":["Massacre","Clothesline","Body Slam"],"picked":"SKIP","floor":13},{"not_picked":["Rage","Clash"],"picked":"Berserk","floor":14},{"not_picked":["Twin Strike","Seeing Red","Perfected Strike"],"picked":"SKIP","floor":18},{"not_picked":["Sword Boomerang","ReplayReversal","ReplayTheSpireMod:Corrosion Curse"],"picked":"SKIP","floor":22},{"not_picked":["Thunderclap+1","Clash","Reckless Charge"],"picked":"SKIP","floor":23},{"not_picked":["Flame Barrier","Pommel Strike","Shrug It Off"],"picked":"SKIP","floor":25},{"not_picked":["Thunderclap","Clash+1","Eclipse"],"picked":"SKIP","floor":27},{"not_picked":["Evolve","Headbutt"],"picked":"Armaments","floor":29},{"not_picked":["Battle Trance","Corruption","Cleave"],"picked":"SKIP","floor":30},{"not_picked":["Body Slam","Sever Soul","Havoc"],"picked":"SKIP","floor":31},{"not_picked":["Demonic Infusion","Brutality"],"picked":"Replay:Many Hands","floor":33},{"not_picked":["Twin Strike+1","Burning Pact","Pommel Strike"],"picked":"SKIP","floor":35},{"not_picked":["Thunderclap","Clothesline","Havoc+1"],"picked":"SKIP","floor":36},{"not_picked":["Flex","Iron Wave","Spot Weakness+1"],"picked":"SKIP","floor":39},{"not_picked":["True Grit","Shrug It Off","Second Wind"],"picked":"SKIP","floor":40},{"not_picked":["Run Through","Flex+1","Wild Strike"],"picked":"SKIP","floor":42},{"not_picked":["Run Through","Double Tap","True Grit"],"picked":"SKIP","floor":44},{"not_picked":["Sword Boomerang","Intimidate","Warcry"],"picked":"SKIP","floor":46},{"not_picked":["ReplayTheSpireMod:Stacked","Pommel Strike","Heavy Blade"],"picked":"SKIP","floor":55}],"player_experience":1716179,"relics_obtained":[{"floor":7,"key":"Simple Rune"},{"floor":9,"key":"Potion Belt"},{"floor":13,"key":"testmod-RainbowHikingShoes"},{"floor":23,"key":"Replay:Kaleidoscope"},{"floor":25,"key":"Replay:Wax Seal"},{"floor":28,"key":"Red Mask"},{"floor":30,"key":"Whetstone"},{"floor":37,"key":"Charon\u0027s Ashes"},{"floor":40,"key":"testmod-EqualTreatment"},{"floor":40,"key":"Strawberry"},{"floor":43,"key":"The Courier"},{"floor":44,"key":"MawBank"},{"floor":44,"key":"Pet Ghost"},{"floor":55,"key":"Durian"},{"floor":55,"key":"Anchor"}],"event_choices":[{"damage_healed":0,"gold_gain":400,"player_choice":"Sell","damage_taken":0,"max_hp_gain":0,"max_hp_loss":0,"event_name":"恩洛斯的盘子","floor":2,"relics_lost":["testmod-TestBox"],"gold_loss":0},{"cards_removed":["Havoc"],"damage_healed":0,"gold_gain":0,"player_choice":"Card Removal","damage_taken":7,"max_hp_gain":0,"max_hp_loss":0,"event_name":"Golden Wing","floor":8,"gold_loss":0},{"damage_healed":0,"gold_gain":0,"player_choice":"Ignored","damage_taken":0,"max_hp_gain":0,"max_hp_loss":0,"event_name":"给自己的盒子","floor":10,"gold_loss":0},{"cards_removed":["Strike_R"],"damage_healed":0,"gold_gain":0,"player_choice":"Elegance","damage_taken":0,"max_hp_gain":0,"max_hp_loss":0,"event_name":"Back to Basics","floor":19,"gold_loss":0},{"damage_healed":0,"gold_gain":0,"player_choice":"Ignored","damage_taken":0,"max_hp_gain":0,"max_hp_loss":0,"event_name":"Ghosts","floor":21,"gold_loss":0},{"damage_healed":0,"gold_gain":0,"player_choice":"Fought Bandits","damage_taken":0,"max_hp_gain":0,"max_hp_loss":0,"event_name":"Masked Bandits","floor":28,"gold_loss":0},{"damage_healed":0,"gold_gain":0,"player_choice":"Fight","damage_taken":0,"max_hp_gain":0,"max_hp_loss":0,"event_name":"MindBloom","floor":37,"gold_loss":0},{"damage_healed":0,"gold_gain":0,"player_choice":"Upgraded","damage_taken":0,"max_hp_gain":0,"max_hp_loss":0,"event_name":"Upgrade Shrine","floor":38,"gold_loss":0,"cards_upgraded":["Limit Break"]},{"damage_healed":0,"gold_gain":0,"player_choice":"Embrace Madness","damage_taken":15,"max_hp_gain":0,"max_hp_loss":0,"event_name":"Winding Halls","floor":48,"gold_loss":0,"cards_obtained":["Madness","Madness"]}],"is_beta":false,"boss_relics":[{"not_picked":["testmod-StringDisintegrator","Velvet Choker"],"picked":"Cursed Key"},{"not_picked":["testmod-SaigiyounoYou","testmod-BatchProcessingSystem"],"picked":"Black Star"}],"items_purged_floors":[3,11,20,47,54],"is_endless":false,"potions_floor_spawned":[1,4,14,23,27,28,30,35,39,40,44,46],"ascension_level":20}}