{"host":"v4tuy5ykrbdcm9o9","time":1611171667,"event":{"mods":["BaseMod","Duelist Mod","Minty Spire (QoL Compilation)","Replay The Spire","StSLib"],"gold_per_floor":[111,57,73,83,100,125,125,159,159,159,234,234,259,273,273,377,377,391,391,491,509,528,528,528,528],"floor_reached":24,"language":"ENG","playtime":1717,"items_purged":[],"score":320,"play_id":"5723e7fb-18d8-4b93-959e-a7a767369b79","local_time":"20210120144107","is_ascension_mode":true,"campfire_choices":[{"data":"BattleHymn","floor":7,"key":"SMITH"},{"floor":12,"key":"REST"},{"floor":23,"key":"REST"}],"circlet_count":0,"master_deck":["Defend_P","Defend_P","Defend_P","Defend_P","Eruption","Vigilance","ThirdEye","Conclude","Conclude","BattleHymn+1","JustLucky","Weave","JustLucky+1","Evaluate+1","JustLucky","Consecrate","Establishment","JustLucky","Bite","Bite","Bite","Bite","Bite","CutThroughFate","CutThroughFate+1"],"relics":["PureWater","Blue Candle","White Beast Statue","Bottled Tornado","Replay:Baseball","Runic Pyramid"],"acts_visited":["Exordium","TheCity"],"potions_floor_usage":[6,6,16,21,22,22,22,24],"damage_taken":[{"damage":2,"enemies":"Cultist","floor":1,"turns":3},{"damage":0,"enemies":"Jaw Worm","floor":3,"turns":2},{"damage":0,"enemies":"2 Louse","floor":4,"turns":1},{"damage":0,"enemies":"Large Slime","floor":5,"turns":4},{"damage":8,"enemies":"Lagavulin","floor":6,"turns":5},{"damage":6,"enemies":"3 Sentries","floor":8,"turns":4},{"damage":23,"enemies":"Lagavulin","floor":13,"turns":5},{"damage":2,"enemies":"Red Slaver","floor":14,"turns":2},{"damage":23,"enemies":"The Guardian","floor":16,"turns":12},{"damage":0,"enemies":"Spheric Guardian","floor":18,"turns":2},{"damage":0,"enemies":"Chosen","floor":21,"turns":4},{"damage":27,"enemies":"Snecko","floor":22,"turns":5},{"damage":56,"enemies":"Book of Stabbing","floor":24,"turns":3}],"seed_played":"1456336563121904471","potions_obtained":[{"floor":3,"key":"Strength Potion"},{"floor":4,"key":"EssenceOfSteel"},{"floor":13,"key":"Explosive Potion"},{"floor":14,"key":"Energy Potion"},{"floor":16,"key":"Weak Potion"},{"floor":18,"key":"ColorlessPotion"},{"floor":21,"key":"Fire Potion"},{"floor":22,"key":"PowerPotion"}],"is_trial":false,"path_per_floor":["M","$","M","M","M","E","R","E","T","?","?","R","E","M","R","B",null,"M","?","?","M","M","R","E"],"character_chosen":"WATCHER","items_purchased":["Conclude"],"campfire_rested":2,"item_purchase_floors":[2],"current_hp_per_floor":[77,77,77,77,77,69,69,63,63,47,36,59,36,34,57,34,68,68,55,55,55,32,48,0,0],"gold":528,"neow_bonus":"TEN_PERCENT_HP_BONUS","is_daily":false,"chose_seed":false,"campfire_upgraded":1,"win_rate":0.0,"timestamp":1611171667,"path_taken":["M","$","M","M","M","E","R","E","T","?","?","R","E","M","R","BOSS","M","?","?","?","M","R","E"],"items_purchased_type":["Card"],"build_version":"2020-12-22","purchased_purges":0,"victory":false,"max_hp_per_floor":[79,79,79,79,79,79,79,79,79,79,79,79,79,79,79,79,79,79,55,55,55,55,55,55,55],"card_choices":[{"not_picked":["Replay:AtTheReady","EmptyBody"],"picked":"ThirdEye","floor":1},{"not_picked":["Replay:Battleflow","WheelKick"],"picked":"BattleHymn","floor":3},{"not_picked":["Replay:ManipulateFuture","FlurryOfBlows"],"picked":"JustLucky","floor":4},{"not_picked":["Swivel","SignatureMove"],"picked":"Weave","floor":5},{"not_picked":["Prostrate","ConjureBlade"],"picked":"JustLucky","floor":6},{"not_picked":["MentalFortress","Meditate"],"picked":"Evaluate","floor":8},{"not_picked":["WaveOfTheHand","Protect"],"picked":"JustLucky","floor":13},{"not_picked":["Replay:Anticipation","WheelKick"],"picked":"Consecrate","floor":14},{"not_picked":["MasterReality","Alpha"],"picked":"Establishment","floor":16},{"not_picked":["Halt","DeceiveReality"],"picked":"JustLucky","floor":18},{"not_picked":["Replay:DivineShield","Prostrate+1"],"picked":"CutThroughFate","floor":21},{"not_picked":["SashWhip","SignatureMove"],"picked":"CutThroughFate+1","floor":22}],"player_experience":603816,"relics_obtained":[{"floor":6,"key":"Blue Candle"},{"floor":8,"key":"White Beast Statue"},{"floor":9,"key":"Bottled Tornado"},{"floor":13,"key":"Replay:Baseball"}],"event_choices":[{"damage_healed":0,"gold_gain":0,"player_choice":"Entered Light","damage_taken":16,"max_hp_gain":0,"max_hp_loss":0,"event_name":"Shining Light","floor":10,"gold_loss":0,"cards_upgraded":["Evaluate","Strike_P"]},{"damage_healed":0,"gold_gain":75,"player_choice":"Gather Gold","damage_taken":11,"max_hp_gain":0,"max_hp_loss":0,"event_name":"World of Goop","floor":11,"gold_loss":0},{"damage_healed":0,"gold_gain":0,"player_choice":"Became a vampire","damage_taken":0,"max_hp_gain":0,"max_hp_loss":24,"event_name":"Vampires","floor":19,"gold_loss":0,"cards_obtained":["Bite","Bite","Bite","Bite","Bite"]},{"damage_healed":0,"gold_gain":100,"player_choice":"Pray","damage_taken":0,"max_hp_gain":0,"max_hp_loss":0,"event_name":"Golden Shrine","floor":20,"gold_loss":0}],"is_beta":false,"boss_relics":[{"not_picked":["Sozu","Replay:Wanted Poster"],"picked":"Runic Pyramid"}],"items_purged_floors":[],"is_endless":false,"potions_floor_spawned":[3,4,13,14,16,18,21,22],"killed_by":"Book of Stabbing","ascension_level":5}}