{"host":"t7mx8yfj1no5p62f","time":1611166115,"event":{"mods":["BaseMod","Bestiary","Colored Map","Colored Powertips","Minty Spire (QoL Compilation)","Relic Stats","StSLib"],"gold_per_floor":[109,120,120,136,152,152,176,192,260,260,293,307,320,399,399,399,399],"floor_reached":16,"language":"ENG","playtime":691,"items_purged":[],"score":212,"play_id":"1bd0637b-96a8-43fd-8a6b-59f44dbdcbe8","local_time":"20210120130835","is_ascension_mode":true,"campfire_choices":[{"data":"Skewer","floor":6.0,"key":"SMITH"},{"data":"Noxious Fumes","floor":10.0,"key":"SMITH"},{"data":"Predator","floor":15.0,"key":"SMITH"}],"circlet_count":0,"master_deck":["AscendersBane","Strike_G","Strike_G","Strike_G","Strike_G","Strike_G","Defend_G","Defend_G","Defend_G","Defend_G","Defend_G","Survivor","Neutralize","Acrobatics","Leg Sweep","Skewer+1","Burst","PiercingWail","Noxious Fumes+1","PiercingWail","Deadly Poison","Predator+1"],"relics":["Snecko Eye","Golden Idol","Pear","Pen Nib"],"acts_visited":["Exordium"],"potions_floor_usage":[16,16],"damage_taken":[{"damage":0.0,"enemies":"2 Louse","floor":1.0,"turns":3.0},{"damage":5.0,"enemies":"Small Slimes","floor":2.0,"turns":6.0},{"damage":11.0,"enemies":"Cultist","floor":4.0,"turns":6.0},{"damage":15.0,"enemies":"Large Slime","floor":5.0,"turns":9.0},{"damage":0.0,"enemies":"Looter","floor":7.0,"turns":4.0},{"damage":12.0,"enemies":"Exordium Thugs","floor":8.0,"turns":5.0},{"damage":2.0,"enemies":"3 Sentries","floor":11.0,"turns":8.0},{"damage":0.0,"enemies":"Exordium Wildlife","floor":12.0,"turns":4.0},{"damage":10.0,"enemies":"Gremlin Gang","floor":13.0,"turns":6.0},{"damage":20,"enemies":"Slime Boss","floor":16,"turns":4}],"seed_played":"4395408414384561642","potions_obtained":[{"floor":2.0,"key":"PowerPotion"},{"floor":5.0,"key":"SmokeBomb"},{"floor":11.0,"key":"Strength Potion"},{"floor":12.0,"key":"Strength Potion"}],"is_trial":false,"path_per_floor":["M","M","?","M","M","R","M","M","T","R","E","M","M","?","R","B"],"character_chosen":"THE_SILENT","items_purchased":[],"campfire_rested":0,"item_purchase_floors":[],"current_hp_per_floor":[59,54,54,43,28,28,28,16,26,26,24,24,14,14,14,0,0],"gold":399,"neow_bonus":"BOSS_RELIC","is_daily":false,"chose_seed":false,"campfire_upgraded":3,"win_rate":0.0,"timestamp":1611166115,"path_taken":["M","M","?","M","M","R","M","M","T","R","E","M","M","?","R","BOSS"],"items_purchased_type":[],"build_version":"2020-12-22","purchased_purges":0,"victory":false,"max_hp_per_floor":[66,66,60,60,60,60,60,60,70,70,70,70,70,70,70,70,70],"relic_stats":{"counters":[10,55],"Golden Idol":27,"Snecko Eye":[92,84,104,90],"Pen Nib":[2],"obtain_stats":[{"Pear":9,"Golden Idol":3,"Snecko Eye":0,"Pen Nib":11,"Ring of the Snake":0},{"Pear":6,"Golden Idol":2,"Snecko Eye":0,"Pen Nib":7,"Ring of the Snake":0},{"Pear":33,"Golden Idol":9,"Snecko Eye":0,"Pen Nib":41,"Ring of the Snake":0}]},"card_choices":[{"not_picked":["Bane","Prepared"],"picked":"Acrobatics","floor":1.0},{"not_picked":["Backflip","Acrobatics"],"picked":"Leg Sweep","floor":2.0},{"not_picked":["Deadly Poison","Blade Dance"],"picked":"Skewer","floor":4.0},{"not_picked":["PiercingWail","Setup"],"picked":"Burst","floor":5.0},{"not_picked":["Blade Dance","Slice"],"picked":"PiercingWail","floor":7.0},{"not_picked":["Cloak And Dagger","Prepared"],"picked":"Noxious Fumes","floor":8.0},{"not_picked":["A Thousand Cuts","Heel Hook"],"picked":"PiercingWail","floor":11.0},{"not_picked":["Deflect","Bane"],"picked":"Deadly Poison","floor":12.0},{"not_picked":["Deflect","Slice"],"picked":"Predator","floor":13.0}],"player_experience":1801779,"relics_obtained":[{"floor":9.0,"key":"Pear"},{"floor":11.0,"key":"Pen Nib"}],"event_choices":[{"damage_healed":0.0,"max_hp_gain":0.0,"max_hp_loss":6.0,"gold_gain":0.0,"event_name":"Golden Idol","player_choice":"Lose Max HP","floor":3.0,"gold_loss":0.0,"damage_taken":0.0,"relics_obtained":["Golden Idol"]},{"damage_healed":0.0,"max_hp_gain":0.0,"max_hp_loss":0.0,"gold_gain":79.0,"event_name":"Golden Wing","player_choice":"Gained Gold","floor":14.0,"gold_loss":0.0,"damage_taken":0.0}],"is_beta":false,"boss_relics":[],"items_purged_floors":[],"is_endless":false,"potions_floor_spawned":[2,5,11,12],"killed_by":"Slime Boss","ascension_level":20}}