{"host":"7sryglll1si3bc7f","time":1611136633,"event":{"mods":["AchievementEnabler","BaseMod","Card Forge","Colored Map","Colored Powertips","Custom Start","Downfall","Friendly Minions","Hermit","Mimic Mod","Minty Spire (QoL Compilation)","Quick Restart","StSLib","The Construct","The Hierophant"],"gold_per_floor":[116,128,128,138,155,155,155,155,155],"floor_reached":7,"language":"ENG","playtime":299,"items_purged":[],"score":62,"play_id":"7007fcea-5fcf-4f9f-9d58-01bff07590db","local_time":"20210120115713","daily_mods":["Heirloom"],"is_ascension_mode":true,"campfire_choices":[{"floor":6,"key":"REST"}],"circlet_count":0,"master_deck":["bronze:Strike","bronze:Strike","bronze:Strike","bronze:Strike","bronze:Defend","bronze:Defend","bronze:Defend","bronze:Defend","bronze:Replicate","bronze:Goto","bronze:WhirlingStrike","bronze:ClassDefault","bronze:ChildClass","bronze:Iterate"],"relics":["bronze:BronzeCore","Hammer of Thor","Seething Fire","Anvil of the Gods","Du-Vu Doll"],"acts_visited":["Exordium"],"potions_floor_usage":[],"damage_taken":[{"damage":11,"enemies":"Jaw Worm","floor":1,"turns":4},{"damage":1,"enemies":"2 Louse","floor":2,"turns":3},{"damage":11,"enemies":"Cultist","floor":4,"turns":4},{"damage":10,"enemies":"3 Louse","floor":5,"turns":4},{"damage":71,"enemies":"Lagavulin","floor":7,"turns":6}],"seed_played":"-2466630251964874673","potions_obtained":[{"floor":2,"key":"construct:ShiftPotion"},{"floor":5,"key":"AttackPotion"}],"is_trial":true,"path_per_floor":["M","M","?","M","M","R","E"],"character_chosen":"THE_AUTOMATON","items_purchased":[],"campfire_rested":1,"item_purchase_floors":[],"current_hp_per_floor":[52,51,56,45,35,57,0,0,0],"gold":155,"neow_bonus":"","is_daily":false,"chose_seed":false,"campfire_upgraded":0,"win_rate":0.0,"timestamp":1611136633,"path_taken":["M","M","?","M","M","R","E"],"items_purchased_type":[],"build_version":"2020-12-22","purchased_purges":0,"victory":false,"max_hp_per_floor":[70,70,75,75,75,75,75,75,75],"card_choices":[{"not_picked":["bronze:Shield","bronze:Deprecate"],"picked":"bronze:WhirlingStrike","floor":1},{"not_picked":["bronze:Repulsor","bronze:Invalidate"],"picked":"bronze:ClassDefault","floor":2},{"not_picked":["bronze:Invalidate","bronze:Overheat"],"picked":"bronze:ChildClass","floor":4},{"not_picked":["bronze:Overheat","bronze:BugBarrage"],"picked":"bronze:Iterate","floor":5}],"player_experience":602725,"relics_obtained":[],"event_choices":[{"damage_healed":0,"gold_gain":0,"player_choice":"Donut","damage_taken":0,"max_hp_gain":5,"max_hp_loss":0,"event_name":"Big Fish","floor":3,"gold_loss":0}],"is_beta":false,"boss_relics":[],"items_purged_floors":[],"is_endless":false,"potions_floor_spawned":[2,5],"killed_by":"Lagavulin","ascension_level":9}}