{"host":"s6t38s6k4widkzbu","time":1611162604,"event":{"mods":["100% Spire Juice","ATMod(°¢èªMod)","Act Like it!","Arknights The Spire","Aspiration","BaseMod","CapriCore","Conspire","Downfall","Energized Spire","Gensokyo","Googly Eyes","Hermit","Highlight Path","Hunter ÁÔÈË","KinomotoSakuraMod(Ä¾Ö®±¾Ó£)","KomeijiMod","Lobotomy","LobotomyExtend","Marisa£¨ìFÓê¡¡Ä§ÀíÉ³£©","Minty Spire (QoL Compilation)","MostiFishMod","Permanent Neow","Prisma Mod","Quick Restart","READ ME - Guardian Mod","Reimu£¨²©ÀöÁéÃÎ£©","Relic Stats","Remilia£¨ÀÙÃ×ÀòÑÇ£©","Robot Space Explorer","RumiaBox-Â¶Ã×æ«µÄÉñÃØºÐ×Ó","Spicy Shops","StSLib","The Alterego","The Animator","The Blackbeard","The Bladedancer","The Bug Knight","The Cursed","The Dragon Tamer","The Gatherer","The Immortal","The Jungle","The Marked","The Mystic","The Runesmith","The Servant 0.9.4","WarShipGirlsR/Õ½½¢ÉÙÅ®R mod","Yakumo Yukari mod","Youmu£¨»êÆÇÑýÃÎ£©","Yuyuko","¡¾ÒÅÎï¿¨ÅÆ¡¿REMEMod","óô»ðÖ¸ÄÏ"],"gold_per_floor":[113,129,129,145,37,37,56,56,79,179,204,416,434,37,37,136,136,136,149,160,35,35,35,35,35,35,35,52,52,52,64,64,168,168,185,185,396,91,411,411,744,762,762,762,762,724,724,743,222,422,422,200,113,146,146],"floor_reached":56,"language":"ZHS","playtime":4445,"items_purged":["HollowMod:NailStrikeStart","HollowMod:QuickDashStart"],"score":1500,"play_id":"45b9a33a-0042-4776-bcde-32b85f4e4564","local_time":"20210121011003","is_ascension_mode":false,"campfire_choices":[{"data":"HollowMod:Hiveblood","floor":6,"key":"SMITH"},{"data":"HollowMod:FastStrike","floor":8,"key":"SMITH"},{"data":"HollowMod:SlysStrikes","floor":15,"key":"SMITH"},{"floor":23,"key":"RECALL"},{"data":"HollowMod:GreatSlash","floor":27,"key":"SMITH"},{"data":"HollowMod:MothsMistake","floor":30,"key":"SMITH"},{"data":"Dash","floor":32,"key":"SMITH"},{"data":"Gensokyo:ShootingStar","floor":40,"key":"SMITH"},{"data":"HollowMod:LifebloodCore","floor":44,"key":"SMITH"}],"circlet_count":0,"master_deck":["HollowMod:NailStrikeStart+1","HollowMod:NailStrikeStart","HollowMod:QuickDashStart","HollowMod:QuickDashStart","HollowMod:FocusHealStart","HollowMod:PogoStrike","HollowMod:FastStrike+1","HollowMod:CrystalDash+1","Contraction","HollowMod:GreatSlash+1","HollowMod:Hiveblood+1","HollowMod:PerfectDash+1","conspire:Blindness","Decay","Dazed","Gensokyo:ImpossibleRequest","Normality","HollowMod:BaldurShell+1","HollowMod:NewLittleFool+1","HollowMod:MothsMistake+1","HollowMod:SlysStrikes+1","HollowMod:LifebloodCore+1","HollowMod:Weaversong","HollowMod:MonarchWings","HollowMod:DungDefenderAura+1","Dash+1","HollowMod:FastStrike+1","Gensokyo:ShootingStar+1","HollowMod:LifebloodCore+1","HollowMod:SiblingsSouls+1","HollowMod:NewGlowingWomb+1","HollowMod:NewInfectedGuardian+1","HollowMod:InfectedCysts+1","HollowMod:SoulSplash+1","HollowMod:SoulVessel+1","HollowMod:CycloneSlash+1","HollowMod:MantisMark"],"relics":["HollowMod:VesselMask","DaveBox","REME_ComplimentaryCards","AT_ATBox","BirthdayGift-Tetrahedron","SynthV:TestCard","LetterFromLob","Gensokyo:CelestialsFlawlessClothing","HollowMod:MillibellesNoteRelic","Blue Candle","Unceasing Top","Civilization","Happy Flower","Runic Pyramid","LaetitiaHeart","Gensokyo:RedStar","RhineSuit","BrkXgEgg","AntiCross","Anchor","Bottled Lightning","AT_ArcaneBoots","Whetstone","Technique","conspire:TreasureMap","Boot","RuthlessExorcism:ReiMu","Ccalipers","BionicSphere","aspiration:HummingbirdHeart","StoneCalendar"],"acts_visited":["Exordium","Gensokyo:Gensokyo","Gensokyo:Gensokyoer","TheEnding"],"potions_floor_usage":[28,33,33],"damage_taken":[{"damage":2,"enemies":"Gensokyo:Gryphon","floor":1,"turns":2},{"damage":2,"enemies":"Gensokyo:Python","floor":2,"turns":2},{"damage":2,"enemies":"Gensokyo:2_Kodama","floor":4,"turns":2},{"damage":0,"enemies":"Gensokyo:VengefulSpirit","floor":7,"turns":3},{"damage":13,"enemies":"Gensokyo:Aya","floor":11,"turns":4},{"damage":10,"enemies":"Gensokyo:2_Rabbits","floor":12,"turns":2},{"damage":8,"enemies":"Gensokyo:Python_and_Kodama","floor":13,"turns":3},{"damage":18,"enemies":"Gensokyo:Yukari","floor":16,"turns":9},{"damage":0,"enemies":"Gensokyo:Chomper","floor":18,"turns":3},{"damage":4,"enemies":"Gensokyo:Chomper","floor":18,"turns":2},{"damage":5,"enemies":"Gensokyo:Chomper","floor":18,"turns":2},{"damage":17,"enemies":"Gensokyo:Chomper","floor":19,"turns":3},{"damage":8,"enemies":"Gensokyo:AngelMirror","floor":20,"turns":3},{"damage":28,"enemies":"Gensokyo:Swordslinger","floor":28,"turns":3},{"damage":6,"enemies":"Gensokyo:Mirror_and_Dog","floor":31,"turns":1},{"damage":16,"enemies":"Gensokyo:Eternal_Rivals","floor":33,"turns":5},{"damage":2,"enemies":"Gensokyo:AncientGuardian","floor":35,"turns":2},{"damage":0,"enemies":"Gensokyo:3_Bats","floor":37,"turns":1},{"damage":39,"enemies":"Gensokyo:Rafflesia","floor":39,"turns":6},{"damage":39,"enemies":"Gensokyo:Marisa","floor":41,"turns":4},{"damage":1,"enemies":"Gensokyo:Sharpion","floor":42,"turns":3},{"damage":31,"enemies":"Gensokyo:Dusk_and_Dawn","floor":48,"turns":2},{"damage":3,"enemies":"Gensokyo:Shinki","floor":50,"turns":7},{"damage":11,"enemies":"Shield and Spear","floor":54,"turns":2},{"damage":33,"enemies":"The Heart","floor":55,"turns":7}],"seed_played":"229887117255267372","potions_obtained":[{"floor":2,"key":"Fire Potion"},{"floor":4,"key":"AttackPotion"},{"floor":12,"key":"Fire Potion"},{"floor":13,"key":"SpeedPotion"},{"floor":19,"key":"Energy Potion"},{"floor":31,"key":"Explosive Potion"},{"floor":33,"key":"SkillPotion"},{"floor":37,"key":"SkillPotion"}],"is_trial":false,"path_per_floor":["M","M","?","M","COS","R","M","R","T","?","E","M","M","$","R","B",null,"M","M","M","COS","?","R","$","?","T","R","M","?","R","M","R","B",null,"M","?","M","COS","M","R","E","M","T","R","?","$","T","M","R","B",null,"R","$","E","B",null],"character_chosen":"THE_BUGKNIGHT","items_purchased":["Civilization","Happy Flower","HollowMod:SoulVessel","AT_SpeedBoots","Whetstone","Technique","conspire:TreasureMap","RuthlessExorcism:ReiMu","Ccalipers","BionicSphere"],"campfire_rested":0,"item_purchase_floors":[14,14,46,49,49,49,49,52,52,53],"current_hp_per_floor":[73,71,53,51,51,51,57,57,57,62,68,58,63,63,63,81,81,87,82,92,92,92,92,92,92,92,92,82,82,82,81,81,115,115,118,120,125,125,114,114,100,110,110,110,110,110,110,98,98,135,150,150,150,144,160],"gold":146,"neow_bonus":"TRANSFORM_CARD","is_daily":false,"chose_seed":false,"campfire_upgraded":8,"win_rate":0.0,"timestamp":1611162603,"path_taken":["M","M","?","M","COS","R","M","R","T","?","E","M","M","?","R","BOSS","M","M","M","COS","?","R","$","?","T","R","?","?","R","M","R","BOSS","M","?","?","COS","M","R","E","M","T","R","?","$","?","?","R","BOSS","R","$","E","BOSS"],"items_purchased_type":["Relic","Relic","Card","Relic","Relic","Relic","Relic","Relic","Relic","Relic"],"build_version":"2020-12-22","purchased_purges":2,"victory":true,"max_hp_per_floor":[75,75,75,75,75,75,75,75,75,80,80,80,80,80,80,81,81,90,95,100,100,100,100,100,100,100,100,105,105,105,110,110,115,115,120,120,125,125,130,130,135,140,140,140,140,140,140,145,145,150,150,150,150,155,160],"relic_stats":{"Happy Flower":[21],"counters":[25,83],"Blue Candle":[31],"StoneCalendar":[0],"Whetstone":["HollowMod:NailStrikeStart","HollowMod:NewLittleFool"],"Boot":[0],"obtain_stats":[{"AT_ATBox":0,"DaveBox":0,"HollowMod:VesselMask":0,"RhineSuit":34,"StoneCalendar":55,"AT_ArcaneBoots":55,"Whetstone":49,"HollowMod:MillibellesNoteRelic":9,"Boot":50,"Civilization":14,"LaetitiaHeart":18,"Ccalipers":52,"AntiCross":41,"BirthdayGift-Tetrahedron":0,"Runic Pyramid":17,"conspire:TreasureMap":49,"Happy Flower":14,"Blue Candle":10,"BrkXgEgg":38,"aspiration:HummingbirdHeart":54,"Gensokyo:CelestialsFlawlessClothing":3,"Gensokyo:RedStar":22,"Anchor":43,"AT_SpeedBoots":49,"SynthV:TestCard":1,"BionicSphere":53,"LetterFromLob":1,"Bottled Lightning":47,"Technique":49,"Unceasing Top":11,"REME_ComplimentaryCards":0,"RuthlessExorcism:ReiMu":52},{"AT_ATBox":0,"DaveBox":0,"HollowMod:VesselMask":0,"RhineSuit":16,"StoneCalendar":25,"AT_ArcaneBoots":25,"Whetstone":22,"HollowMod:MillibellesNoteRelic":4,"Boot":23,"Civilization":7,"LaetitiaHeart":8,"Ccalipers":23,"AntiCross":20,"BirthdayGift-Tetrahedron":0,"Runic Pyramid":8,"conspire:TreasureMap":22,"Happy Flower":7,"Blue Candle":4,"BrkXgEgg":18,"aspiration:HummingbirdHeart":24,"Gensokyo:CelestialsFlawlessClothing":2,"Gensokyo:RedStar":13,"Anchor":21,"AT_SpeedBoots":22,"SynthV:TestCard":1,"BionicSphere":23,"LetterFromLob":1,"Bottled Lightning":21,"Technique":22,"Unceasing Top":5,"REME_ComplimentaryCards":0,"RuthlessExorcism:ReiMu":23},{"AT_ATBox":0,"DaveBox":0,"HollowMod:VesselMask":0,"RhineSuit":49,"StoneCalendar":82,"AT_ArcaneBoots":82,"Whetstone":67,"HollowMod:MillibellesNoteRelic":9,"Boot":71,"Civilization":18,"LaetitiaHeart":27,"Ccalipers":74,"AntiCross":62,"BirthdayGift-Tetrahedron":0,"Runic Pyramid":27,"conspire:TreasureMap":67,"Happy Flower":18,"Blue Candle":9,"BrkXgEgg":52,"aspiration:HummingbirdHeart":76,"Gensokyo:CelestialsFlawlessClothing":4,"Gensokyo:RedStar":40,"Anchor":65,"AT_SpeedBoots":67,"SynthV:TestCard":2,"BionicSphere":74,"LetterFromLob":2,"Bottled Lightning":65,"Technique":67,"Unceasing Top":13,"REME_ComplimentaryCards":0,"RuthlessExorcism:ReiMu":74}],"Unceasing Top":[5]},"card_choices":[{"not_picked":["HollowMod:DescendingDark","HollowMod:DoubleDash"],"picked":"HollowMod:CrystalDash","floor":1},{"not_picked":["HollowMod:WraithStrike","HollowMod:InfectedCysts","HollowMod:InfectedAttack","HollowMod:CoiledNail"],"picked":"HollowMod:GreatSlash","floor":2},{"not_picked":["HollowMod:WraithStrike","HollowMod:ChannelNail","HollowMod:GreatSlash","HollowMod:GoodIntentions"],"picked":"HollowMod:Hiveblood","floor":4},{"not_picked":["HollowMod:VengefulVoid","HollowMod:TaintedHusks","HollowMod:MantisMark","HollowMod:NewLittleFool"],"picked":"HollowMod:PerfectDash","floor":7},{"not_picked":["HollowMod:SoulVessel+1","HollowMod:Weaversong+1","HollowMod:SharpenedNail+1","HollowMod:HowlingWraiths+1"],"picked":"HollowMod:BaldurShell+1","floor":11},{"not_picked":["HollowMod:VengefulSpirit","HollowMod:DoubleDash","HollowMod:PureNailStrike","HollowMod:InfectedAttack"],"picked":"HollowMod:NewLittleFool","floor":11},{"not_picked":["HollowMod:WraithStrike","HollowMod:DashSlash","HollowMod:BaldurShell","HollowMod:CycloneSlash"],"picked":"HollowMod:MothsMistake","floor":12},{"not_picked":["HollowMod:SoulMaster","HollowMod:NewInfectedGuardian","HollowMod:ZotesMagnificence","HollowMod:AwokenDreamNail"],"picked":"HollowMod:SlysStrikes","floor":13},{"not_picked":["HollowMod:DescendingDark","HollowMod:InfectedAttack","HollowMod:FallenFury","HollowMod:BaldurShell"],"picked":"HollowMod:LifebloodCore","floor":13},{"not_picked":["HollowMod:HornetsHelp","HollowMod:AwokenDreamNail","HollowMod:Hiveblood","HollowMod:SoulMaster"],"picked":"HollowMod:Weaversong","floor":16},{"not_picked":["HollowMod:CloakDash","HollowMod:BaldurShell+1","HollowMod:ChannelNail","HollowMod:DungDefenderAura+1","HollowMod:MothsMistake"],"picked":"SKIP","floor":19},{"not_picked":["HollowMod:CloakDash","HollowMod:HowlingWraiths","HollowMod:AbyssShriek","HollowMod:HeavyBlow"],"picked":"HollowMod:MonarchWings","floor":20},{"not_picked":["HollowMod:BlackTendrils","HollowMod:InfectedCysts","HollowMod:GreatSlash+1","HollowMod:DreamGate"],"picked":"HollowMod:DungDefenderAura+1","floor":28},{"not_picked":["HollowMod:GoodIntentions","HollowMod:MonarchWings","HollowMod:SoulStrike","HollowMod:ShadowDash+1"],"picked":"HollowMod:FastStrike+1","floor":31},{"not_picked":[],"picked":"Gensokyo:ShootingStar","floor":33},{"not_picked":["HollowMod:AwokenDreamNail","HollowMod:VoidDash","HollowMod:ElderbugsWisdom","HollowMod:HornetsHelp"],"picked":"HollowMod:LifebloodCore","floor":33},{"not_picked":["HollowMod:CrystalDash+1","HollowMod:HeavyBlow","HollowMod:DashSlash","HollowMod:SoulStrike"],"picked":"HollowMod:SiblingsSouls+1","floor":35},{"not_picked":["HollowMod:DescendingDark","HollowMod:TaintedHusks","HollowMod:NewLittleFool+1","HollowMod:CloakDash"],"picked":"HollowMod:NewGlowingWomb+1","floor":37},{"not_picked":["HollowMod:TaintedHusks","HollowMod:GoodIntentions","HollowMod:ShadowDash+1","HollowMod:ElderbugsWisdom+1","HollowMod:WraithStrike+1"],"picked":"SKIP","floor":39},{"not_picked":["HollowMod:SlysStrikes","HollowMod:ZotesMagnificence","HollowMod:AwokenDreamNail","HollowMod:Hiveblood"],"picked":"HollowMod:NewInfectedGuardian","floor":41},{"not_picked":["HollowMod:InfectedAttack","HollowMod:CrystalDash+1","HollowMod:DoubleDash","HollowMod:BaldurShell+1"],"picked":"HollowMod:InfectedCysts+1","floor":41},{"not_picked":["HollowMod:InfectedCysts+1","HollowMod:DashSlash","HollowMod:VengefulVoid+1","HollowMod:DescendingDark"],"picked":"HollowMod:SoulSplash+1","floor":42},{"not_picked":["HollowMod:BaldurShell+1","HollowMod:ShadowDash+1","HollowMod:MantisMark","HollowMod:CoiledNail+1"],"picked":"HollowMod:CycloneSlash+1","floor":48},{"not_picked":["HollowMod:ElderbugsWisdom+1","HollowMod:SharpenedShadows","HollowMod:GoodIntentions","HollowMod:CornifersMapStart+1"],"picked":"HollowMod:MantisMark","floor":54}],"player_experience":492917,"relics_obtained":[{"floor":1,"key":"SynthV:TestCard"},{"floor":1,"key":"LetterFromLob"},{"floor":9,"key":"HollowMod:MillibellesNoteRelic"},{"floor":11,"key":"Unceasing Top"},{"floor":41,"key":"AntiCross"},{"floor":43,"key":"Anchor"},{"floor":47,"key":"Bottled Lightning"},{"floor":54,"key":"aspiration:HummingbirdHeart"}],"event_choices":[],"is_beta":false,"boss_relics":[{"not_picked":["SlaversCollar","FixedStarFall"],"picked":"Runic Pyramid"},{"not_picked":["RhineFirstAidKit","energizedSpire:SpiderWeb"],"picked":"RhineSuit"}],"items_purged_floors":[14,14],"is_endless":false,"potions_floor_spawned":[2,4,12,13,16,18,19,31,33,37,41,54],"ascension_level":0}}