{"host":"9ndbo4kgsfoemf7y","time":1611137129,"event":{"mods":["AchievementEnabler","BaseMod","Colored Map","DeckTracker","Keyboard Shortcuts","Minty Spire (QoL Compilation)","Permanent Neow","Quick Restart","Relic Stats","StSLib","SuperFastMode"],"gold_per_floor":[118,128,138,37,37,62,62,79,79,109,122,136,136,149,149,149,149],"floor_reached":16,"language":"KOR","playtime":538,"items_purged":["Strike_B"],"score":160,"play_id":"a059684b-e35e-4dc3-98ee-2d3a5d5c1ded","local_time":"20210120190529","is_ascension_mode":true,"campfire_choices":[{"data":"Aggregate","floor":7,"key":"SMITH"},{"data":"Genetic Algorithm","floor":13,"key":"SMITH"},{"data":"FTL","floor":15,"key":"SMITH"}],"circlet_count":0,"master_deck":["Strike_B","Strike_B","Strike_B","Defend_B","Defend_B","Defend_B","Defend_B","Zap","Dualcast","The Bomb","FTL+1","Aggregate+1","Coolheaded","Cold Snap","BootSequence","Genetic Algorithm+1","Conserve Battery","Capacitor"],"relics":["Cracked Core","Strawberry","Eternal Feather","Ornamental Fan"],"acts_visited":["Exordium"],"potions_floor_usage":[10,10,10],"damage_taken":[{"damage":0,"enemies":"Small Slimes","floor":1,"turns":3},{"damage":1,"enemies":"Cultist","floor":2,"turns":4},{"damage":7,"enemies":"Jaw Worm","floor":3,"turns":3},{"damage":12,"enemies":"3 Sentries","floor":6,"turns":4},{"damage":0,"enemies":"Red Slaver","floor":8,"turns":3},{"damage":20,"enemies":"Gremlin Nob","floor":10,"turns":4},{"damage":2,"enemies":"2 Fungi Beasts","floor":11,"turns":5},{"damage":7,"enemies":"Looter","floor":12,"turns":4},{"damage":12,"enemies":"Large Slime","floor":14,"turns":5},{"damage":34,"enemies":"The Guardian","floor":16,"turns":2}],"seed_played":"1424957681633889781","potions_obtained":[{"floor":3,"key":"EntropicBrew"},{"floor":8,"key":"EssenceOfSteel"},{"floor":10,"key":"GamblersBrew"}],"is_trial":false,"path_per_floor":["M","M","M","$","?","E","R","M","T","E","M","M","R","M","R","B"],"character_chosen":"DEFECT","items_purchased":["Cold Snap"],"campfire_rested":0,"item_purchase_floors":[4],"current_hp_per_floor":[68,67,60,60,60,55,55,55,55,35,33,26,35,23,32,0,0],"gold":149,"neow_bonus":"RANDOM_COLORLESS_2","is_daily":false,"chose_seed":false,"campfire_upgraded":3,"win_rate":0.0,"timestamp":1611137129,"path_taken":["M","M","M","$","?","E","R","M","T","E","M","M","R","?","R","BOSS"],"items_purchased_type":["Card"],"build_version":"2020-12-22","purchased_purges":1,"victory":false,"max_hp_per_floor":[68,68,68,68,68,75,75,75,75,75,75,75,75,75,75,75,75],"relic_stats":{"counters":[10,37],"Ornamental Fan":[4],"Eternal Feather":18,"obtain_stats":[{"Ornamental Fan":10,"Strawberry":6,"Eternal Feather":9,"Cracked Core":0},{"Ornamental Fan":6,"Strawberry":4,"Eternal Feather":5,"Cracked Core":0},{"Ornamental Fan":21,"Strawberry":14,"Eternal Feather":17,"Cracked Core":0}]},"card_choices":[{"not_picked":["Chrysalis","Sadistic Nature"],"picked":"The Bomb","floor":0},{"not_picked":["Stack","Sunder"],"picked":"FTL","floor":1},{"not_picked":["Skim","Redo"],"picked":"Aggregate","floor":2},{"not_picked":["Scrape","Heatsinks"],"picked":"Coolheaded","floor":3},{"not_picked":["Ball Lightning","Doom and Gloom"],"picked":"BootSequence","floor":6},{"not_picked":["Steam","Rebound"],"picked":"Genetic Algorithm","floor":8},{"not_picked":["Machine Learning","Recycle"],"picked":"Conserve Battery","floor":10},{"not_picked":["Streamline","Turbo","Cold Snap"],"picked":"SKIP","floor":11},{"not_picked":["Sweeping Beam","Ball Lightning"],"picked":"Capacitor","floor":12},{"not_picked":["Sunder","Go for the Eyes","Leap"],"picked":"SKIP","floor":14}],"player_experience":833145,"relics_obtained":[{"floor":6,"key":"Strawberry"},{"floor":9,"key":"Eternal Feather"},{"floor":10,"key":"Ornamental Fan"}],"event_choices":[{"damage_healed":0,"gold_gain":0,"player_choice":"0 cards matched","damage_taken":0,"max_hp_gain":0,"max_hp_loss":0,"event_name":"Match and Keep!","floor":5,"gold_loss":0,"cards_obtained":[]}],"is_beta":false,"boss_relics":[],"items_purged_floors":[4],"is_endless":false,"potions_floor_spawned":[3,8,10,14],"killed_by":"The Guardian","ascension_level":8}}