{"host":"7sni158j623xchr2","time":1611181923,"event":{"mods":["BaseMod","Colored Map","Highlight Path","Minty Spire (QoL Compilation)","Permanent Neow","Potion Indicator Mod","Rare Cards Sparkle","Relic Sorter","Relic Stats","StSLib","everything is the same but u backflip on backflip"],"gold_per_floor":[160,160,174,189,208,208,223,251,275,275,295,336,336,352,352,461,461,488,243,243,243,267,298,298,331,331,352,352,367,410,429,429,429,429],"floor_reached":33,"language":"ENG","playtime":1089,"items_purged":["Strike_G"],"score":386,"play_id":"6c040e07-1b46-4916-9cd2-8e5ef2b5b24e","local_time":"20210120163203","is_ascension_mode":true,"campfire_choices":[{"data":"Poisoned Stab","floor":6,"key":"SMITH"},{"data":"Dagger Spray","floor":10,"key":"SMITH"},{"data":"Crippling Poison","floor":13,"key":"SMITH"},{"data":"Flying Knee","floor":15,"key":"SMITH"},{"data":"Die Die Die","floor":24,"key":"SMITH"},{"floor":32,"key":"REST"}],"circlet_count":0,"master_deck":["Strike_G","Strike_G","Strike_G","Strike_G","Defend_G","Defend_G","Defend_G","Defend_G","Defend_G","Survivor","Neutralize+1","PiercingWail","Flying Knee+1","Poisoned Stab+1","Backflip","Dagger Spray+1","Leg Sweep","Crippling Poison+1","Die Die Die+1","Backflip+1","PiercingWail","Glass Knife","PiercingWail+1"],"relics":["Tiny House","Tiny Chest","CeramicFish","Art of War","Smiling Mask","Black Star","Vajra","Snake Skull","Nilry\u0027s Codex","StrikeDummy","Pear","Darkstone Periapt","Gambling Chip","Ornamental Fan","HornCleat","Toy Ornithopter","WingedGreaves"],"acts_visited":["Exordium","TheCity"],"potions_floor_usage":[12,25],"damage_taken":[{"damage":0,"enemies":"Small Slimes","floor":1,"turns":6},{"damage":0,"enemies":"Cultist","floor":3,"turns":4},{"damage":1,"enemies":"Jaw Worm","floor":4,"turns":3},{"damage":1,"enemies":"3 Louse","floor":5,"turns":5},{"damage":5,"enemies":"Lots of Slimes","floor":7,"turns":3},{"damage":13,"enemies":"Lagavulin","floor":8,"turns":8},{"damage":1,"enemies":"Blue Slaver","floor":11,"turns":3},{"damage":20,"enemies":"Gremlin Nob","floor":12,"turns":4},{"damage":0,"enemies":"Exordium Wildlife","floor":14,"turns":3},{"damage":26,"enemies":"Hexaghost","floor":16,"turns":11},{"damage":11,"enemies":"3 Byrds","floor":18,"turns":5},{"damage":11,"enemies":"Spheric Guardian","floor":22,"turns":5},{"damage":0,"enemies":"Gremlin Leader","floor":23,"turns":5},{"damage":17,"enemies":"Slavers","floor":25,"turns":3},{"damage":8,"enemies":"Snecko","floor":27,"turns":5},{"damage":0,"enemies":"Centurion and Healer","floor":29,"turns":5},{"damage":13,"enemies":"Gremlin Leader","floor":30,"turns":8},{"damage":1,"enemies":"Shelled Parasite and Fungi","floor":31,"turns":4},{"damage":70,"enemies":"Champ","floor":33,"turns":11}],"seed_played":"4413534255247160874","potions_obtained":[{"floor":0,"key":"SteroidPotion"},{"floor":3,"key":"Swift Potion"},{"floor":5,"key":"PowerPotion"},{"floor":14,"key":"FairyPotion"},{"floor":16,"key":"GhostInAJar"},{"floor":25,"key":"DuplicationPotion"}],"is_trial":false,"path_per_floor":["M","?","M","M","M","R","M","E","T","R","M","E","R","M","R","B",null,"M","$","?","?","M","E","R","E","T","M","T","M","E","M","R","B"],"character_chosen":"THE_SILENT","items_purchased":["Vajra","Fire Potion"],"campfire_rested":1,"item_purchase_floors":[19,19],"current_hp_per_floor":[75,75,75,74,73,73,68,55,55,55,54,34,34,34,34,8,75,64,64,64,48,37,47,47,30,30,22,22,22,9,8,33,0,0],"gold":429,"neow_bonus":"BOSS_RELIC","is_daily":false,"chose_seed":false,"campfire_upgraded":5,"win_rate":0.0,"timestamp":1611181923,"path_taken":["M","?","M","M","M","R","?","E","T","R","M","E","R","M","R","BOSS","M","$","?","?","M","E","R","E","T","M","?","M","E","?","R","BOSS"],"items_purchased_type":["Relic","Potion"],"build_version":"2020-12-22","purchased_purges":1,"victory":false,"max_hp_per_floor":[75,75,75,75,75,75,75,75,75,75,75,75,75,75,75,75,75,75,75,75,75,75,85,85,85,85,85,85,85,85,85,85,85,85],"relic_stats":{"Darkstone Periapt":0,"counters":[19,101],"Ornamental Fan":[36],"CeramicFish":54,"Gambling Chip":[2],"Tiny Chest":1,"Snake Skull":[31],"Art of War":[9],"Black Star":3,"Smiling Mask":25,"obtain_stats":[{"Darkstone Periapt":25,"Tiny House":0,"Pear":23,"Nilry\u0027s Codex":21,"CeramicFish":8,"Vajra":19,"Snake Skull":20,"Smiling Mask":12,"HornCleat":28,"Ornamental Fan":26,"Gambling Chip":25,"Tiny Chest":2,"WingedGreaves":30,"Art of War":9,"Black Star":17,"StrikeDummy":23,"Toy Ornithopter":30,"Ring of the Snake":0},{"Darkstone Periapt":14,"Tiny House":0,"Pear":13,"Nilry\u0027s Codex":11,"CeramicFish":6,"Vajra":11,"Snake Skull":11,"Smiling Mask":8,"HornCleat":15,"Ornamental Fan":14,"Gambling Chip":14,"Tiny Chest":1,"WingedGreaves":17,"Art of War":6,"Black Star":10,"StrikeDummy":13,"Toy Ornithopter":17,"Ring of the Snake":0},{"Darkstone Periapt":68,"Tiny House":0,"Pear":65,"Nilry\u0027s Codex":55,"CeramicFish":29,"Vajra":55,"Snake Skull":55,"Smiling Mask":36,"HornCleat":73,"Ornamental Fan":68,"Gambling Chip":68,"Tiny Chest":6,"WingedGreaves":86,"Art of War":29,"Black Star":50,"StrikeDummy":65,"Toy Ornithopter":86,"Ring of the Snake":0}],"Toy Ornithopter":0},"card_choices":[{"not_picked":["Acrobatics","Endless Agony"],"picked":"PiercingWail","floor":0},{"not_picked":["Deadly Poison","Caltrops"],"picked":"Flying Knee","floor":1},{"not_picked":["Underhanded Strike","Slice"],"picked":"Poisoned Stab","floor":3},{"not_picked":["Choke","Poisoned Stab"],"picked":"Backflip","floor":4},{"not_picked":["Noxious Fumes","Escape Plan"],"picked":"Dagger Spray","floor":5},{"not_picked":["Sucker Punch","Backflip"],"picked":"Leg Sweep","floor":7},{"not_picked":["Tools of the Trade","Choke","Setup"],"picked":"SKIP","floor":8},{"not_picked":["Heel Hook","Flying Knee","Tactician"],"picked":"SKIP","floor":11},{"not_picked":["Escape Plan","Predator"],"picked":"Crippling Poison","floor":12},{"not_picked":["Expertise","Eviscerate","Concentrate"],"picked":"SKIP","floor":14},{"not_picked":["A Thousand Cuts","Phantasmal Killer"],"picked":"Die Die Die","floor":16},{"not_picked":["Poisoned Stab","Blade Dance"],"picked":"Backflip+1","floor":18},{"not_picked":["Slice","Cloak And Dagger"],"picked":"PiercingWail","floor":22},{"not_picked":["Acrobatics","Quick Slash","Dagger Throw+1"],"picked":"SKIP","floor":23},{"not_picked":["Finisher+1","Slice","Sucker Punch"],"picked":"SKIP","floor":25},{"not_picked":["Distraction+1","Acrobatics"],"picked":"Glass Knife","floor":27},{"not_picked":["Blade Dance+1","Poisoned Stab","Backflip+1"],"picked":"SKIP","floor":29},{"not_picked":["Predator","Leg Sweep"],"picked":"PiercingWail+1","floor":30},{"not_picked":["Blade Dance","Predator","Setup"],"picked":"SKIP","floor":31}],"player_experience":1652384,"relics_obtained":[{"floor":8,"key":"CeramicFish"},{"floor":9,"key":"Art of War"},{"floor":12,"key":"Smiling Mask"},{"floor":21,"key":"Nilry\u0027s Codex"},{"floor":23,"key":"StrikeDummy"},{"floor":23,"key":"Pear"},{"floor":25,"key":"Darkstone Periapt"},{"floor":25,"key":"Gambling Chip"},{"floor":26,"key":"Ornamental Fan"},{"floor":28,"key":"HornCleat"},{"floor":30,"key":"Toy Ornithopter"},{"floor":30,"key":"WingedGreaves"}],"event_choices":[{"damage_healed":0,"gold_gain":0,"player_choice":"Gave Potion","damage_taken":0,"relics_obtained":["Tiny Chest"],"max_hp_gain":0,"max_hp_loss":0,"event_name":"WeMeetAgain","floor":2,"gold_loss":0},{"damage_healed":0,"gold_gain":0,"player_choice":"Opened","damage_taken":0,"relics_obtained":["Snake Skull"],"max_hp_gain":0,"max_hp_loss":0,"event_name":"The Mausoleum","floor":20,"gold_loss":0},{"damage_healed":0,"gold_gain":0,"player_choice":"Obtained Book","damage_taken":16,"max_hp_gain":0,"max_hp_loss":0,"event_name":"Cursed Tome","floor":21,"gold_loss":0}],"is_beta":false,"boss_relics":[{"not_picked":["Velvet Choker","HoveringKite"],"picked":"Black Star"}],"items_purged_floors":[19],"is_endless":false,"potions_floor_spawned":[3,5,14,16,22,25,30],"killed_by":"Champ","ascension_level":1}}