{"host":"tehwqczjgu3fth90","time":1611111683,"event":{"mods":["AchievementEnabler","BaseMod","BetterRewards","Colored Powertips","Highlight Path","Infinite Spire","Minty Spire (QoL Compilation)","Shop Mod","StSLib","The Bug Knight","The Runesmith","vexMod"],"gold_per_floor":[111,123,123,143,143,143,155,155,180,197,197,127,127,140,140,243,293,278,298,298,298,223,223,223,223,223,223,223,133,152,169,169,169,169],"floor_reached":33,"language":"ENG","playtime":1695,"items_purged":[],"score":237,"play_id":"3ab70fd5-5a82-45ab-9693-e0d428a1be37","local_time":"20210119210123","is_ascension_mode":false,"campfire_choices":[{"data":"Infinite Blades","floor":6,"key":"SMITH"},{"data":"Sucker Punch","floor":8,"key":"SMITH"},{"data":"Cloak And Dagger","floor":11,"key":"SMITH"},{"floor":15,"key":"REST"},{"floor":23,"key":"REST"},{"floor":25,"key":"REST"},{"data":"Corpse Explosion","floor":27,"key":"SMITH"},{"floor":32,"key":"REST"}],"circlet_count":0,"master_deck":["Strike_G","Strike_G","Strike_G","Strike_G","Strike_G","Defend_G","Defend_G","Defend_G","Defend_G+1","Defend_G","Survivor","Neutralize","Cloak And Dagger+1","Slice","Infinite Blades+1","Sucker Punch+1","Sucker Punch","Corpse Explosion+1","Blade Dance","Poisoned Stab","Slice","Noxious Fumes","Dramatic Entrance","Cloak And Dagger","Terror"],"relics":["Ring of the Snake","NeowsBlessing","Orichalcum","CultistMask","Tiny House","MutagenicStrength","Calipers"],"acts_visited":["Exordium","TheCity"],"potions_floor_usage":[19,21,31,31],"damage_taken":[{"damage":0,"enemies":"Cultist","floor":1,"turns":1},{"damage":0,"enemies":"Small Slimes","floor":2,"turns":1},{"damage":0,"enemies":"2 Louse","floor":4,"turns":1},{"damage":11,"enemies":"Exordium Thugs","floor":7,"turns":5},{"damage":3,"enemies":"Gremlin Gang","floor":10,"turns":6},{"damage":8,"enemies":"Lots of Slimes","floor":14,"turns":3},{"damage":55,"enemies":"Hexaghost","floor":16,"turns":12},{"damage":24,"enemies":"2 Thieves","floor":18,"turns":4},{"damage":26,"enemies":"Snake Plant","floor":19,"turns":6},{"damage":0,"enemies":"Centurion and Healer","floor":21,"turns":1},{"damage":15,"enemies":"Snecko","floor":30,"turns":5},{"damage":9,"enemies":"Snake Plant","floor":31,"turns":4},{"damage":85,"enemies":"Automaton","floor":33,"turns":10}],"seed_played":"-1593555913854261638","potions_obtained":[{"floor":1,"key":"BlessingOfTheForge"},{"floor":7,"key":"GhostInAJar"},{"floor":10,"key":"Regen Potion"},{"floor":17,"key":"SmokeBomb"},{"floor":30,"key":"Poison Potion"}],"is_trial":false,"path_per_floor":["M","M","?","M","?","R","M","R","T","M","R","$","?","M","R","B",null,"M","M","?","M","$","R","?","R","T","R","AVR","$","M","M","R","B"],"character_chosen":"THE_SILENT","items_purchased":["Corpse Explosion","Noxious Fumes","Dramatic Entrance"],"campfire_rested":4,"item_purchase_floors":[12,22,29],"current_hp_per_floor":[70,70,70,70,75,75,64,64,64,61,61,61,61,53,75,20,80,56,44,44,44,44,68,68,80,80,80,80,80,65,56,80,0,0],"gold":169,"neow_bonus":"THREE_ENEMY_KILL","is_daily":false,"chose_seed":false,"campfire_upgraded":4,"win_rate":0.0,"timestamp":1611111683,"path_taken":["M","?","?","M","?","R","M","R","T","M","R","$","?","M","R","BOSS","M","M","?","?","$","R","?","R","T","R","AVR","?","?","M","R","BOSS"],"items_purchased_type":["Card","Card","Card"],"build_version":"2020-12-22","purchased_purges":0,"victory":false,"max_hp_per_floor":[70,70,70,70,75,75,75,75,75,75,75,75,75,75,75,75,80,80,80,80,80,80,80,80,80,80,80,80,80,80,80,80,80,80],"card_choices":[{"not_picked":["Masterful Stab","Underhanded Strike"],"picked":"Cloak And Dagger","floor":1},{"not_picked":["Underhanded Strike","Riddle With Holes"],"picked":"Slice","floor":2},{"not_picked":["Footwork","Masterful Stab"],"picked":"Infinite Blades","floor":4},{"not_picked":["Deadly Poison","Backflip"],"picked":"Sucker Punch","floor":7},{"not_picked":["Finisher","Eviscerate"],"picked":"Sucker Punch","floor":10},{"not_picked":["Cloak And Dagger","Dash"],"picked":"Blade Dance","floor":14},{"not_picked":["Underhanded Strike","Bane"],"picked":"Poisoned Stab","floor":17},{"not_picked":["Well Laid Plans","Dagger Throw","All Out Attack"],"picked":"SKIP","floor":18},{"not_picked":["Underhanded Strike","Cloak And Dagger"],"picked":"Slice","floor":19},{"not_picked":["Underhanded Strike","Sucker Punch+1"],"picked":"Cloak And Dagger","floor":30},{"not_picked":["Riddle With Holes","Dodge and Roll"],"picked":"Terror","floor":31}],"player_experience":477369,"relics_obtained":[{"floor":9,"key":"Orichalcum"},{"floor":26,"key":"Calipers"}],"event_choices":[{"damage_healed":0,"gold_gain":0,"player_choice":"Ignored","damage_taken":0,"max_hp_gain":0,"max_hp_loss":0,"event_name":"Golden Idol","floor":3,"gold_loss":0},{"damage_healed":0,"gold_gain":0,"player_choice":"Donut","damage_taken":0,"max_hp_gain":5,"max_hp_loss":0,"event_name":"Big Fish","floor":5,"gold_loss":0},{"damage_healed":0,"gold_gain":0,"player_choice":"Trade","damage_taken":0,"relics_obtained":["CultistMask"],"max_hp_gain":0,"max_hp_loss":0,"event_name":"FaceTrader","floor":13,"gold_loss":0},{"damage_healed":0,"gold_gain":0,"player_choice":"Ignored","damage_taken":0,"max_hp_gain":0,"max_hp_loss":0,"event_name":"Transmorgrifier","floor":20,"gold_loss":0},{"damage_healed":0,"gold_gain":0,"player_choice":"Inject Mutagens","damage_taken":0,"relics_obtained":["MutagenicStrength"],"max_hp_gain":0,"max_hp_loss":0,"event_name":"Drug Dealer","floor":24,"gold_loss":0}],"is_beta":false,"boss_relics":[{"not_picked":["SacredBark","Coffee Dripper"],"picked":"Tiny House"}],"items_purged_floors":[],"is_endless":false,"potions_floor_spawned":[1,7,10,14,18,21,30],"killed_by":"Automaton","ascension_level":0}}