{"host":"roto7j7840a50pxh","time":1611174609,"event":{"mods":["Act Like it!","BaseMod","Better Altar","Better Note","Better Sensory Stone","Better Skull","Better Third Choice","BetterRewards","Colored Map","Colored Powertips","Downfall","Hermit","Highlight Path","Hubris","Infinite Spire","Minty Spire (QoL Compilation)","Robot Space Explorer","Shade Mod","Spicy Shops","StSLib","The Cursed","The Dragon Tamer","The Hierophant","The Necromancer","The Runesmith","The Servant 0.9.4","TheVacant"],"gold_per_floor":[118,132,232,248,260,260,291,311,382,407,407,442,28,28,28,132,132,144,163,163,163,173,173,201,201,201,211,211,242,242,257,257,362,412,422,422,41,169,180,180,180,207,230,230,255,255,255,268,268,268],"floor_reached":51,"language":"ENG","playtime":3200,"items_purged":["RobotSpaceExplorer:Strike","RobotSpaceExplorer:Strike"],"score":1267,"play_id":"38a7acd3-66be-4b40-9592-1d8477e44c40","local_time":"20210120153009","is_ascension_mode":true,"campfire_choices":[{"data":"Apotheosis","floor":6.0,"key":"SMITH"},{"floor":11.0,"key":"REST"},{"data":"Chrysalis","floor":15.0,"key":"SMITH"},{"data":"Sadistic Nature","floor":23.0,"key":"SMITH"},{"data":"RobotSpaceExplorer:Explosion","floor":30.0,"key":"SMITH"},{"data":"RobotSpaceExplorer:Pulsar","floor":32.0,"key":"SMITH"},{"data":"RobotSpaceExplorer:MiniBoosters","floor":40,"key":"SMITH"},{"data":"infinitespire:Fortify","floor":46,"key":"SMITH"},{"data":"RobotSpaceExplorer:MiniBoosters","floor":49,"key":"SMITH"}],"circlet_count":0,"master_deck":["RobotSpaceExplorer:Strike","RobotSpaceExplorer:Strike","RobotSpaceExplorer:Defend","RobotSpaceExplorer:Defend+1","RobotSpaceExplorer:Defend","RobotSpaceExplorer:Defend","RobotSpaceExplorer:Scan","RobotSpaceExplorer:MiniLasers","RobotSpaceExplorer:ScrapMissile","RobotSpaceExplorer:GlueShot","RobotSpaceExplorer:PlasmaMissile","Sadistic Nature+1","RobotSpaceExplorer:StunGrenade","Apotheosis+1","RobotSpaceExplorer:SlimeMissile","RobotSpaceExplorer:Pulsar+1","RobotSpaceExplorer:FrostMissile","RobotSpaceExplorer:ImprovisedAttack","RobotSpaceExplorer:MetalStrike","RobotSpaceExplorer:LuckyStrike","RobotSpaceExplorer:ImprovisedAttack","RobotSpaceExplorer:Blitz","RobotSpaceExplorer:LuckyStrike","Chrysalis+1","RobotSpaceExplorer:MiniDrones","RobotSpaceExplorer:ScrapMissile","RobotSpaceExplorer:Autoloader","RobotSpaceExplorer:SurgingStrike","RobotSpaceExplorer:Explosion+1","RobotSpaceExplorer:ScrapToss+1","RobotSpaceExplorer:Electroshield","TheCursedMod:NeowsMight+1","RobotSpaceExplorer:FranticSearch+1","RobotSpaceExplorer:MiniBoosters+1","RobotSpaceExplorer:ScrapMissile","RobotSpaceExplorer:ScrapShield+1","RobotSpaceExplorer:MiniDrones+1","RobotSpaceExplorer:Explosion","RobotSpaceExplorer:Ammunition+1","RobotSpaceExplorer:SurgingShield+1","RobotSpaceExplorer:DualCore","RobotSpaceExplorer:GlueShot","RobotSpaceExplorer:Pulsar","Panache","RobotSpaceExplorer:TurboDodge+1","Secret Technique","Flash of Steel","RobotSpaceExplorer:MiniBoosters+1","infinitespire:Fortify+1","RobotSpaceExplorer:ScrapMissile+1","RobotSpaceExplorer:TurboDodge+1"],"relics":["RobotSpaceExplorer:RoboCore","Cauldron","Frozen Eye","Mummified Hand","hubris:Reverence","Bag of Preparation","Vajra","Orrery","hubris:ScarierMask","Turnip","RobotSpaceExplorer:TurboCore","Boot","Blood Vial","MealTicket","hubris:Towel","Ornamental Fan","Tiny House","infinitespire:BottledMercury","Omamori","hubris:SlimyHat","PreservedInsect","Potion Belt"],"acts_visited":["Exordium","TheCity","TheBeyond"],"potions_floor_usage":[],"damage_taken":[{"damage":2.0,"enemies":"Jaw Worm","floor":1.0,"turns":2.0},{"damage":0.0,"enemies":"Cultist","floor":2.0,"turns":4.0},{"damage":1.0,"enemies":"infinitespire:Voidling","floor":4.0,"turns":2.0},{"damage":6.0,"enemies":"Exordium Wildlife","floor":5.0,"turns":3.0},{"damage":15.0,"enemies":"Gremlin Nob","floor":7.0,"turns":4.0},{"damage":0.0,"enemies":"2 Fungi Beasts","floor":8.0,"turns":1.0},{"damage":2.0,"enemies":"3 Sentries","floor":10.0,"turns":5.0},{"damage":13.0,"enemies":"Lagavulin","floor":12.0,"turns":3.0},{"damage":41.0,"enemies":"The Guardian","floor":16.0,"turns":8.0},{"damage":12.0,"enemies":"Chosen","floor":18.0,"turns":3.0},{"damage":2.0,"enemies":"Shell Parasite","floor":19.0,"turns":5.0},{"damage":0.0,"enemies":"Snecko","floor":22.0,"turns":1.0},{"damage":0.0,"enemies":"Slavers","floor":24.0,"turns":3.0},{"damage":10.0,"enemies":"Snake Plant","floor":27.0,"turns":3.0},{"damage":11.0,"enemies":"Gremlin Leader","floor":29.0,"turns":3.0},{"damage":0.0,"enemies":"Centurion and Healer","floor":31.0,"turns":2.0},{"damage":0,"enemies":"Collector","floor":33,"turns":5},{"damage":0,"enemies":"Orb Walker","floor":35,"turns":2},{"damage":0,"enemies":"3 Shapes","floor":39,"turns":1},{"damage":12,"enemies":"Reptomancer","floor":42,"turns":7},{"damage":0,"enemies":"Nemesis","floor":45,"turns":2},{"damage":0,"enemies":"Jaw Worm Horde","floor":48,"turns":1},{"damage":0,"enemies":"Awakened One","floor":50,"turns":10}],"seed_played":"8444621125888924276","potions_obtained":[{"floor":0.0,"key":"Weak Potion"},{"floor":0.0,"key":"DuplicationPotion"},{"floor":0.0,"key":"Fire Potion"},{"floor":7.0,"key":"Swift Potion"},{"floor":24.0,"key":"SteroidPotion"},{"floor":27.0,"key":"SpeedPotion"},{"floor":31.0,"key":"Fruit Juice"},{"floor":34,"key":"Ancient Potion"},{"floor":48,"key":"PowerPotion"}],"is_trial":false,"path_per_floor":["M","M","?","M","M","R","E","M","T","E","R","E","$","?","R","B",null,"M","M","AVR","?","M","R","E","T","T","M","?","E","R","M","R","B",null,"M","?","$","?","M","R","?","E","T","?","E","R","?","M","R","B",null],"character_chosen":"RobotSpaceExplorer","items_purchased":["Cauldron","RobotSpaceExplorer:ScrapMissile","RobotSpaceExplorer:FranticSearch","RobotSpaceExplorer:GlueShot","RobotSpaceExplorer:PlasmaMissile","Sadistic Nature","RobotSpaceExplorer:StunGrenade","Frozen Eye","Apotheosis","RobotSpaceExplorer:SlimeMissile","Chrysalis","Orrery","RobotSpaceExplorer:DualCore","RobotSpaceExplorer:GlueShot","RobotSpaceExplorer:Pulsar"],"campfire_rested":1,"item_purchase_floors":[0,0,0,0,0,0,0,0,0,0,13,13,37,37,37],"current_hp_per_floor":[35,35,35,34,28,28,13,13,13,11,33,20,20,75,75,34,75,63,61,61,61,61,61,61,61,61,53,53,44,44,51,51,53,85,85,85,85,85,85,85,85,73,73,73,75,75,58,60,60,62],"gold":268,"neow_bonus":"","is_daily":false,"chose_seed":false,"campfire_upgraded":8,"win_rate":0.0,"timestamp":1611174609,"path_taken":["M","M","?","M","M","R","E","?","T","E","R","E","$","?","R","BOSS","M","M","AVR","?","M","R","E","?","T","M","?","E","R","M","R","BOSS","M","?","$","?","?","R","?","E","T","?","E","R","?","?","R","BOSS"],"items_purchased_type":["Relic","Card","Card","Card","Card","Card","Card","Relic","Card","Card","Card","Relic","Card","Card","Card"],"build_version":"2020-12-22","purchased_purges":2,"victory":true,"max_hp_per_floor":[75,75,75,75,75,75,75,75,75,75,75,75,75,75,75,75,75,75,75,75,75,75,75,75,75,75,75,75,75,75,80,80,80,85,85,85,85,85,85,85,85,85,85,85,85,85,85,85,85,85],"card_choices":[{"not_picked":["RobotSpaceExplorer:FrostMissile","RobotSpaceExplorer:FranticSearch"],"picked":"RobotSpaceExplorer:Pulsar","floor":1.0},{"not_picked":["RobotSpaceExplorer:Reload","RobotSpaceExplorer:Electroshield"],"picked":"RobotSpaceExplorer:FrostMissile","floor":2.0},{"not_picked":["RobotSpaceExplorer:SurgingStrike","RobotSpaceExplorer:MetalStrike"],"picked":"RobotSpaceExplorer:ImprovisedAttack","floor":4.0},{"not_picked":["RobotSpaceExplorer:PowerCollector","RobotSpaceExplorer:GlueShot"],"picked":"RobotSpaceExplorer:MetalStrike","floor":5.0},{"not_picked":["RobotSpaceExplorer:StunGrenade","RobotSpaceExplorer:SlimeMissile"],"picked":"RobotSpaceExplorer:LuckyStrike","floor":7.0},{"not_picked":["RobotSpaceExplorer:ShockKick","RobotSpaceExplorer:MiniDrones"],"picked":"RobotSpaceExplorer:ImprovisedAttack","floor":8.0},{"not_picked":["RobotSpaceExplorer:Multitool","RobotSpaceExplorer:FrostMissile"],"picked":"RobotSpaceExplorer:Blitz","floor":10.0},{"not_picked":["RobotSpaceExplorer:RigExplosive","RobotSpaceExplorer:Arsenal"],"picked":"RobotSpaceExplorer:LuckyStrike","floor":12.0},{"not_picked":["RobotSpaceExplorer:ImprovisedAttack","RobotSpaceExplorer:Reload"],"picked":"RobotSpaceExplorer:MiniDrones","floor":13.0},{"not_picked":["RobotSpaceExplorer:ShockKick","RobotSpaceExplorer:Pulsar"],"picked":"RobotSpaceExplorer:ScrapMissile","floor":13.0},{"not_picked":["RobotSpaceExplorer:SlimeMissile","RobotSpaceExplorer:Ammunition"],"picked":"RobotSpaceExplorer:Autoloader","floor":13.0},{"not_picked":["RobotSpaceExplorer:MiniDrones","RobotSpaceExplorer:MakeshiftVolley"],"picked":"RobotSpaceExplorer:Electroshield","floor":13.0},{"not_picked":["RobotSpaceExplorer:Fix","RobotSpaceExplorer:ShovelStrike"],"picked":"RobotSpaceExplorer:SurgingStrike","floor":13.0},{"not_picked":["RobotSpaceExplorer:Comet","RobotSpaceExplorer:HighVoltage"],"picked":"RobotSpaceExplorer:Explosion","floor":16.0},{"not_picked":["RobotSpaceExplorer:Discharger","RobotSpaceExplorer:ImprovisedAttack+1"],"picked":"RobotSpaceExplorer:ScrapToss+1","floor":18.0},{"not_picked":["RobotSpaceExplorer:ScrapShield","RobotSpaceExplorer:Counterblock"],"picked":"RobotSpaceExplorer:Electroshield","floor":19.0},{"not_picked":["RobotSpaceExplorer:Pulsar","RobotSpaceExplorer:PlasmaMissile"],"picked":"RobotSpaceExplorer:FranticSearch+1","floor":22.0},{"not_picked":["RobotSpaceExplorer:FreezingShield+1","RobotSpaceExplorer:SurgingStrike+1"],"picked":"RobotSpaceExplorer:MiniBoosters","floor":24.0},{"not_picked":["RobotSpaceExplorer:SwiftStep","RobotSpaceExplorer:ScrapShield"],"picked":"RobotSpaceExplorer:ScrapMissile","floor":27.0},{"not_picked":["RobotSpaceExplorer:SlimeMissile","RobotSpaceExplorer:FranticSearch"],"picked":"RobotSpaceExplorer:ScrapShield+1","floor":29.0},{"not_picked":["RobotSpaceExplorer:ScrapMissile","RobotSpaceExplorer:Ammunition+1"],"picked":"RobotSpaceExplorer:MiniDrones+1","floor":31.0},{"not_picked":["RobotSpaceExplorer:Multitool","RobotSpaceExplorer:HighVoltage"],"picked":"RobotSpaceExplorer:Explosion","floor":33},{"not_picked":["RobotSpaceExplorer:SlimeMissile","RobotSpaceExplorer:ScrapMissile"],"picked":"RobotSpaceExplorer:Ammunition+1","floor":34},{"not_picked":["RobotSpaceExplorer:StarDust","RobotSpaceExplorer:Wormhole"],"picked":"RobotSpaceExplorer:SurgingShield+1","floor":35},{"not_picked":["Trip","hubris:Insight"],"picked":"Panache","floor":38},{"not_picked":["RobotSpaceExplorer:Calculate","RobotSpaceExplorer:FrostMissile+1"],"picked":"RobotSpaceExplorer:TurboDodge+1","floor":39},{"not_picked":["HandOfGreed","Enlightenment"],"picked":"Secret Technique","floor":41},{"not_picked":["PanicButton","Good Instincts"],"picked":"Flash of Steel","floor":41},{"not_picked":["RobotSpaceExplorer:StunGrenade","RobotSpaceExplorer:FranticSearch+1"],"picked":"RobotSpaceExplorer:MiniBoosters","floor":42},{"not_picked":["infinitespire:Oblivion","infinitespire:Starlight"],"picked":"infinitespire:Fortify","floor":44},{"not_picked":["RobotSpaceExplorer:Counterblock","RobotSpaceExplorer:Blitz+1"],"picked":"RobotSpaceExplorer:ScrapMissile+1","floor":45},{"not_picked":["RobotSpaceExplorer:ShockKick+1","RobotSpaceExplorer:Probe"],"picked":"RobotSpaceExplorer:TurboDodge+1","floor":48}],"player_experience":1568559,"relics_obtained":[{"floor":7.0,"key":"Mummified Hand"},{"floor":9.0,"key":"hubris:Reverence"},{"floor":10.0,"key":"Bag of Preparation"},{"floor":12.0,"key":"Vajra"},{"floor":24.0,"key":"Boot"},{"floor":25.0,"key":"Blood Vial"},{"floor":26.0,"key":"MealTicket"},{"floor":29.0,"key":"Ornamental Fan"},{"floor":38,"key":"infinitespire:BottledMercury"},{"floor":42,"key":"Omamori"},{"floor":43,"key":"hubris:SlimyHat"},{"floor":45,"key":"PreservedInsect"}],"event_choices":[{"damage_healed":0.0,"max_hp_gain":0.0,"max_hp_loss":0.0,"gold_gain":100.0,"event_name":"Golden Shrine","player_choice":"Pray","floor":3.0,"gold_loss":0.0,"damage_taken":0.0},{"cards_removed":["RobotSpaceExplorer:Electroshield"],"damage_healed":55.0,"max_hp_gain":0.0,"max_hp_loss":0.0,"gold_gain":0.0,"event_name":"Bonfire Elementals","player_choice":"Offered Uncommon","floor":14.0,"gold_loss":0.0,"damage_taken":0.0},{"cards_removed":["Apotheosis"],"damage_healed":0.0,"max_hp_gain":0.0,"max_hp_loss":0.0,"gold_gain":0.0,"event_name":"betterNote:BetterNote","player_choice":"Take \u0026 Give","floor":21.0,"gold_loss":0.0,"damage_taken":0.0,"cards_obtained":["TheCursedMod:NeowsMight"]},{"cards_removed":["RobotSpaceExplorer:FranticSearch"],"damage_healed":0,"gold_gain":0,"player_choice":"Removed Skill","damage_taken":0,"max_hp_gain":0,"max_hp_loss":0,"event_name":"Falling","floor":36,"gold_loss":0},{"damage_healed":0,"gold_gain":0,"player_choice":"Random: Red","damage_taken":0,"max_hp_gain":0,"max_hp_loss":0,"event_name":"betterThird:BetterPortal","floor":38,"gold_loss":0},{"damage_healed":0,"gold_gain":3,"player_choice":"1","damage_taken":0,"max_hp_gain":0,"max_hp_loss":0,"event_name":"betterStone:BetterStone","floor":41,"gold_loss":0},{"damage_healed":0,"gold_gain":0,"player_choice":"RE ","damage_taken":19,"relics_obtained":["Potion Belt"],"max_hp_gain":0,"max_hp_loss":0,"event_name":"betterSkull:BetterSkull","floor":47,"gold_loss":0,"cards_upgraded":[]}],"is_beta":false,"boss_relics":[{"not_picked":["infinitespire:Cupcake","Runesmith:UraniumAnvil"],"picked":"hubris:ScarierMask"},{"not_picked":["SacredBark","Pandora\u0027s Box"],"picked":"Tiny House"}],"items_purged_floors":[37,37],"is_endless":false,"potions_floor_spawned":[1,7,8,10,24,27,31,48],"ascension_level":2}}