{"host":"t0dtoggyaif518ut","time":1611133742,"event":{"mods":["AchievementEnabler","BaseMod","Best Route Mod","Bestiary","Better Altar","Better Match","Better Note","Better Sensory Stone","Better Silent Start","Better Skull","Better Synergies","Better Third Choice","Better Vampires","BetterRewards","Block Reminder","Colored Powertips","Dark Map","DeckTracker","Displayed Cursed Tome","Energized Spire","Evolution","Gold Saver","Ironclad Rager","Minty Spire (QoL Compilation)","Practice Mode","Quick Restart","RNG Fix","Random Character Button","Relic Stats","Retaliation","Reworked Bosses","StSLib","Treasure Hunter"],"gold_per_floor":[114,114,129,30,30,30,64,64,64,96,116,197,197,218,218,223,223],"floor_reached":16,"language":"ENG","playtime":1586,"items_purged":[],"score":261,"play_id":"bfbf343e-cd7c-4440-ba2b-4e4cc30ba804","local_time":"20210120160902","is_ascension_mode":true,"campfire_choices":[{"data":"Carnage","floor":6,"key":"SMITH"},{"data":"DDmod:SpikeMailSkill","floor":8,"key":"SMITH"},{"data":"TH:TreasureMap","floor":13,"key":"SMITH"},{"data":"Armaments","floor":15,"key":"SMITH"}],"circlet_count":0,"master_deck":["AscendersBane","Strike_R","Strike_R","Strike_R","Strike_R","Strike_R","Defend_R","Defend_R","Defend_R","Defend_R","Bash","DDmod:SpikeMailSkill+1","Burn","DDmod:UnstoppableAttack","Carnage+1","Armaments+1","TH:CopperCoins","TH:ElvenBoots","Spot Weakness","TH:TreasureMap+1"],"relics":["Burning Blood","EVO:Axolotl","Tiny Chest","Toolbox","Singing Bowl","Golden Idol","Pocketwatch","Du-Vu Doll","Happy Flower","Molten Egg 2"],"acts_visited":["Exordium"],"potions_floor_usage":[16],"damage_taken":[{"damage":2,"enemies":"Jaw Worm","floor":1,"turns":5},{"damage":0,"enemies":"2 Louse","floor":3,"turns":3},{"damage":14,"enemies":"Gremlin Nob","floor":7,"turns":4},{"damage":27,"enemies":"Lagavulin","floor":10,"turns":7},{"damage":1,"enemies":"Small Slimes","floor":11,"turns":3},{"damage":10,"enemies":"Blue Slaver","floor":14,"turns":6},{"damage":80,"enemies":"Hexaghost","floor":16,"turns":12}],"seed_played":"-7146945882701018505","potions_obtained":[{"floor":1,"key":"Explosive Potion"},{"floor":10,"key":"Block Potion"}],"is_trial":false,"path_per_floor":["M","?","M","$","?","R","E","R","T","E","M","T","R","M","R","B"],"character_chosen":"IRONCLAD","items_purchased":["Tiny Chest","Toolbox","Singing Bowl","DDmod:SpikeMailSkill","Carnage","Armaments"],"campfire_rested":0,"item_purchase_floors":[0,0,0,0,4,4],"current_hp_per_floor":[78,78,82,82,62,62,60,60,62,48,63,63,63,66,66,0,0],"gold":223,"neow_bonus":"","is_daily":false,"chose_seed":false,"campfire_upgraded":4,"win_rate":0.0,"timestamp":1611133742,"path_taken":["M","?","?","$","?","R","E","R","T","E","M","?","R","M","R","BOSS"],"items_purchased_type":["Relic","Relic","Relic","Card","Card","Card"],"build_version":"2020-12-22","purchased_purges":0,"victory":false,"max_hp_per_floor":[82,82,82,82,82,82,84,84,86,86,88,88,88,90,90,90,90],"relic_stats":{"Singing Bowl":10,"Happy Flower":[7],"counters":[7,40],"Golden Idol":20,"Tiny Chest":1,"obtain_stats":[{"Du-Vu Doll":9,"Singing Bowl":0,"Happy Flower":10,"Golden Idol":5,"Toolbox":0,"Tiny Chest":0,"Molten Egg 2":12,"EVO:Axolotl":0,"Burning Blood":0,"Pocketwatch":7},{"Du-Vu Doll":3,"Singing Bowl":0,"Happy Flower":4,"Golden Idol":2,"Toolbox":0,"Tiny Chest":0,"Molten Egg 2":5,"EVO:Axolotl":0,"Burning Blood":0,"Pocketwatch":3},{"Du-Vu Doll":12,"Singing Bowl":0,"Happy Flower":19,"Golden Idol":8,"Toolbox":0,"Tiny Chest":0,"Molten Egg 2":22,"EVO:Axolotl":0,"Burning Blood":0,"Pocketwatch":12}],"Burning Blood":34,"Pocketwatch":[63]},"card_choices":[{"not_picked":["Clothesline","True Grit","Metallicize"],"picked":"Singing Bowl","floor":1},{"not_picked":["DDmod:EasePowerCard","DDmod:BurningFumesPowerCard"],"picked":"DDmod:UnstoppableAttack","floor":3},{"not_picked":["TH:BikiniMail"],"picked":"TH:CopperCoins","floor":7},{"not_picked":["Flex","Impervious","Metallicize"],"picked":"Singing Bowl","floor":7},{"not_picked":["TH:Mimic","TH:BikiniMail"],"picked":"Singing Bowl","floor":9},{"not_picked":["TH:TreasureMap"],"picked":"TH:ElvenBoots","floor":10},{"not_picked":["Second Wind","Body Slam"],"picked":"Spot Weakness","floor":10},{"not_picked":["Reckless Charge","Sever Soul","Perfected Strike"],"picked":"Singing Bowl","floor":11},{"not_picked":["TH:ArmorSpikes"],"picked":"TH:TreasureMap","floor":12},{"not_picked":["Wild Strike+1","Thunderclap+1","Anger+1"],"picked":"Singing Bowl","floor":14}],"player_experience":276767,"relics_obtained":[{"floor":7,"key":"Pocketwatch"},{"floor":9,"key":"Du-Vu Doll"},{"floor":10,"key":"Happy Flower"},{"floor":12,"key":"Molten Egg 2"}],"event_choices":[{"damage_healed":78,"gold_gain":0,"player_choice":"Embrace Burn","damage_taken":0,"max_hp_gain":0,"max_hp_loss":82,"event_name":"betterThird:BetterShining","floor":2,"gold_loss":0},{"damage_healed":0,"gold_gain":0,"player_choice":"Take Damage","damage_taken":20,"relics_obtained":["Golden Idol"],"max_hp_gain":0,"max_hp_loss":0,"event_name":"Golden Idol","floor":5,"gold_loss":0}],"is_beta":false,"boss_relics":[],"items_purged_floors":[],"is_endless":false,"potions_floor_spawned":[1,10,14],"killed_by":"Hexaghost","ascension_level":13}}