{"host":"0awa854l6bexpjrv","time":1611167243,"event":{"mods":["BaseMod","Block Reminder","Colored Map","Colored Powertips","Downfall","Highlight Path","Minty Spire (QoL Compilation)","Quick Restart","Rare Cards Sparkle","StSLib","SuperFastMode"],"gold_per_floor":[113,131,56,75,89,121,121,101,101,101,112,123,123,142,142,242,242,261,277,277,295,295,295],"floor_reached":22,"language":"ENG","playtime":1632,"items_purged":["Strike_R"],"score":228,"play_id":"dbdea6a6-165a-4442-83e6-1dadd057f9bd","local_time":"20210120102723","is_ascension_mode":true,"campfire_choices":[{"floor":7.0,"key":"REST"},{"data":"Bash","floor":10.0,"key":"SMITH"},{"floor":15.0,"key":"REST"}],"circlet_count":0,"master_deck":["Strike_R","Strike_R","Strike_R","Defend_R","Defend_R","Defend_R","Defend_R","Bash+1","Enlightenment","Cleave","Searing Blow","Rampage","Sever Soul","True Grit+1","Shrug It Off","Metallicize","Fiend Fire","Spot Weakness","Spot Weakness","Dropkick"],"relics":["Burning Blood","Happy Flower","Tiny Chest","Velvet Choker"],"acts_visited":["Exordium","TheCity"],"potions_floor_usage":[16,16,19,22],"damage_taken":[{"damage":1.0,"enemies":"Cultist","floor":1.0,"turns":4.0},{"damage":5.0,"enemies":"Small Slimes","floor":2.0,"turns":4.0},{"damage":3.0,"enemies":"2 Louse","floor":4.0,"turns":2.0},{"damage":22.0,"enemies":"Exordium Thugs","floor":5.0,"turns":4.0},{"damage":30.0,"enemies":"3 Sentries","floor":6.0,"turns":6.0},{"damage":19.0,"enemies":"Gremlin Gang","floor":11.0,"turns":4.0},{"damage":11.0,"enemies":"Blue Slaver","floor":12.0,"turns":4.0},{"damage":19.0,"enemies":"Large Slime","floor":14.0,"turns":5.0},{"damage":65,"enemies":"The Guardian","floor":16,"turns":16},{"damage":26,"enemies":"Spheric Guardian","floor":18,"turns":6},{"damage":11,"enemies":"2 Thieves","floor":19,"turns":4},{"damage":34,"enemies":"Centurion and Healer","floor":21,"turns":6},{"damage":27,"enemies":"Snecko","floor":22,"turns":4}],"seed_played":"-823705709632106665","potions_obtained":[{"floor":2.0,"key":"Ancient Potion"},{"floor":5.0,"key":"SneckoOil"},{"floor":8.0,"key":"Regen Potion"},{"floor":12.0,"key":"PowerPotion"},{"floor":18,"key":"Fire Potion"},{"floor":21,"key":"Dexterity Potion"}],"is_trial":false,"path_per_floor":["M","M","$","M","M","E","R","?","T","R","M","M","?","M","R","B",null,"M","M","?","M","M"],"character_chosen":"IRONCLAD","items_purchased":[],"campfire_rested":2,"item_purchase_floors":[],"current_hp_per_floor":[80,80,80,80,64,40,64,64,64,64,51,46,46,33,57,13,80,60,55,55,27,0,0],"gold":295,"neow_bonus":"RANDOM_COLORLESS","is_daily":false,"chose_seed":false,"campfire_upgraded":1,"win_rate":0.0,"timestamp":1611167243,"path_taken":["M","M","$","?","M","E","R","?","T","R","M","?","?","M","R","BOSS","M","M","?","M","M"],"items_purchased_type":[],"build_version":"2020-12-22","purchased_purges":1,"victory":false,"max_hp_per_floor":[80,80,80,80,80,80,80,80,80,80,80,80,80,80,80,80,80,80,80,80,80,80,80],"card_choices":[{"not_picked":["Dramatic Entrance","Finesse"],"picked":"Enlightenment","floor":0.0},{"not_picked":["Shrug It Off","Headbutt"],"picked":"Cleave","floor":1.0},{"not_picked":["Thunderclap","Havoc"],"picked":"Searing Blow","floor":2.0},{"not_picked":["Blood for Blood","Sword Boomerang"],"picked":"Rampage","floor":4.0},{"not_picked":["Body Slam","Intimidate"],"picked":"Sever Soul","floor":5.0},{"not_picked":["Hemokinesis","Reckless Charge","Pummel"],"picked":"SKIP","floor":6.0},{"not_picked":["Warcry","Armaments"],"picked":"True Grit","floor":11.0},{"not_picked":["True Grit","Pommel Strike"],"picked":"Shrug It Off","floor":12.0},{"not_picked":["Pommel Strike","Thunderclap"],"picked":"Metallicize","floor":14.0},{"not_picked":["Limit Break","Brutality"],"picked":"Fiend Fire","floor":16},{"not_picked":["Dark Embrace","Pommel Strike"],"picked":"Spot Weakness","floor":18},{"not_picked":["Clothesline","Headbutt"],"picked":"Spot Weakness","floor":19},{"not_picked":["Twin Strike","Thunderclap"],"picked":"Dropkick","floor":21}],"player_experience":596501,"relics_obtained":[{"floor":6.0,"key":"Happy Flower"},{"floor":9.0,"key":"Tiny Chest"}],"event_choices":[{"damage_healed":0.0,"max_hp_gain":0.0,"max_hp_loss":0.0,"gold_gain":0.0,"event_name":"The Woman in Blue","player_choice":"Bought 1 Potion","floor":8.0,"gold_loss":0.0,"damage_taken":0.0},{"damage_healed":0.0,"max_hp_gain":0.0,"max_hp_loss":0.0,"gold_gain":0.0,"event_name":"Accursed Blacksmith","player_choice":"Forge","floor":13.0,"gold_loss":0.0,"damage_taken":0.0,"cards_upgraded":["True Grit"]},{"cards_removed":["Strike_R"],"damage_healed":0,"gold_gain":0,"player_choice":"Purged","damage_taken":0,"max_hp_gain":0,"max_hp_loss":0,"event_name":"Purifier","floor":20,"gold_loss":0}],"is_beta":false,"boss_relics":[{"not_picked":["Pandora\u0027s Box","Empty Cage"],"picked":"Velvet Choker"}],"items_purged_floors":[3],"is_endless":false,"potions_floor_spawned":[2,5,12,18,21],"killed_by":"Snecko","ascension_level":4}}