{"host":"7sni158j623xchr2","time":1611124738,"event":{"mods":["BaseMod","Colored Map","Highlight Path","Minty Spire (QoL Compilation)","Permanent Neow","Potion Indicator Mod","Rare Cards Sparkle","Relic Sorter","Relic Stats","StSLib","everything is the same but u backflip on backflip"],"gold_per_floor":[109,59,74,48,48,80,98,123,123,123,123,132,159,198,198,310,310,337,517,545,572,592,618,618,9,9,49,74,93,93,93,93,202,202,219,248,248,248,264,264,307,307,307,307,327,327,20,20,20,20,20,20,20,62,62],"floor_reached":56,"language":"ENG","playtime":1562,"items_purged":["Strike_G","Strike_G"],"score":1469,"play_id":"c8b39965-8eaf-4d71-a0da-f9f42ba02ceb","local_time":"20210120003858","is_ascension_mode":true,"campfire_choices":[{"data":"Poisoned Stab","floor":10,"key":"SMITH"},{"data":"Dash","floor":15,"key":"SMITH"},{"floor":24,"key":"REST"},{"data":"Catalyst","floor":30,"key":"SMITH"},{"data":"Catalyst","floor":32,"key":"SMITH"},{"data":"Adrenaline","floor":40,"key":"SMITH"},{"data":"Deadly Poison","floor":42,"key":"SMITH"},{"data":"Neutralize","floor":46,"key":"SMITH"},{"floor":49,"key":"RECALL"},{"data":"After Image","floor":52,"key":"SMITH"}],"circlet_count":0,"master_deck":["Strike_G","Defend_G","Defend_G+1","Defend_G","Survivor","Neutralize+1","Poisoned Stab+1","PiercingWail","PiercingWail","Quick Slash","After Image+1","Deadly Poison+1","Masterful Stab","Catalyst+1","Corpse Explosion+1","Cloak And Dagger+1","Poisoned Stab+1","Catalyst+1","Adrenaline+1","Sadistic Nature","Escape Plan+1","Backflip+1","After Image","Backflip+1","Adrenaline+1","Terror+1","Crippling Poison+1","Blade Dance+1"],"relics":["Ring of the Snake","NeowsBlessing","Question Card","Bird Faced Urn","Ice Cream","CeramicFish","Happy Flower","Empty Cage","Darkstone Periapt","TwistedFunnel","Potion Belt","Gremlin Horn","Toxic Egg 2","SlaversCollar","Shuriken","Kunai","War Paint","Blood Vial"],"acts_visited":["Exordium","TheCity","TheBeyond","TheEnding"],"potions_floor_usage":[8,8,21,23,23,33,41,48,55,55,55,55],"damage_taken":[{"damage":0,"enemies":"2 Louse","floor":1,"turns":1},{"damage":0,"enemies":"Small Slimes","floor":3,"turns":1},{"damage":0,"enemies":"Gremlin Nob","floor":6,"turns":1},{"damage":0,"enemies":"Cultist","floor":7,"turns":3},{"damage":5,"enemies":"Lagavulin","floor":8,"turns":7},{"damage":0,"enemies":"3 Louse","floor":13,"turns":2},{"damage":11,"enemies":"Gremlin Nob","floor":14,"turns":4},{"damage":0,"enemies":"Hexaghost","floor":16,"turns":8},{"damage":0,"enemies":"3 Byrds","floor":18,"turns":2},{"damage":1,"enemies":"Spheric Guardian","floor":20,"turns":4},{"damage":18,"enemies":"Cultist and Chosen","floor":21,"turns":7},{"damage":7,"enemies":"Snake Plant","floor":22,"turns":4},{"damage":28,"enemies":"Slavers","floor":23,"turns":2},{"damage":0,"enemies":"Book of Stabbing","floor":27,"turns":5},{"damage":4,"enemies":"Centurion and Healer","floor":28,"turns":2},{"damage":0,"enemies":"Cultist and Chosen","floor":29,"turns":2},{"damage":0,"enemies":"Automaton","floor":33,"turns":6},{"damage":6,"enemies":"3 Shapes","floor":35,"turns":3},{"damage":0,"enemies":"3 Darklings","floor":36,"turns":2},{"damage":1,"enemies":"Maw","floor":39,"turns":6},{"damage":12,"enemies":"Nemesis","floor":41,"turns":7},{"damage":5,"enemies":"Transient","floor":45,"turns":5},{"damage":0,"enemies":"Giant Head","floor":48,"turns":1},{"damage":13,"enemies":"Time Eater","floor":50,"turns":4},{"damage":16,"enemies":"Shield and Spear","floor":54,"turns":3},{"damage":56,"enemies":"The Heart","floor":55,"turns":8}],"seed_played":"-4804811574669563719","potions_obtained":[{"floor":1,"key":"Fire Potion"},{"floor":3,"key":"Dexterity Potion"},{"floor":6,"key":"SpeedPotion"},{"floor":7,"key":"Fire Potion"},{"floor":21,"key":"Fire Potion"},{"floor":22,"key":"PowerPotion"},{"floor":23,"key":"SpeedPotion"},{"floor":29,"key":"BlessingOfTheForge"},{"floor":33,"key":"BlessingOfTheForge"},{"floor":35,"key":"SpeedPotion"},{"floor":45,"key":"SmokeBomb"},{"floor":54,"key":"SpeedPotion"}],"is_trial":false,"path_per_floor":["M","?","M","$","?","E","M","E","T","R","?","?","M","E","R","B",null,"M","?","M","M","M","E","R","$","T","E","M","M","R","T","R","B",null,"M","M","?","?","M","R","E","R","T","?","M","R","$","E","R","B",null,"R","$","E","B",null],"character_chosen":"THE_SILENT","items_purchased":["PiercingWail","Adrenaline","TwistedFunnel","Potion Belt","Sadistic Nature","Crippling Poison+1","War Paint"],"campfire_rested":1,"item_purchase_floors":[4,25,25,25,25,47,47],"current_hp_per_floor":[70,70,70,70,75,75,75,70,70,70,52,52,52,43,43,45,75,75,50,51,35,30,4,26,26,26,30,28,30,30,30,30,34,75,71,71,71,71,71,71,59,59,59,59,60,60,60,60,60,53,71,71,71,59,11],"gold":62,"neow_bonus":"THREE_ENEMY_KILL","is_daily":false,"chose_seed":false,"campfire_upgraded":8,"win_rate":0.0,"timestamp":1611124738,"path_taken":["M","?","M","$","?","E","M","E","T","R","?","?","?","E","R","BOSS","M","?","M","M","?","E","R","$","T","E","M","?","R","?","R","BOSS","M","M","?","?","M","R","E","R","T","?","M","R","$","E","R","BOSS","R","$","E","BOSS"],"items_purchased_type":["Card","Card","Relic","Relic","Card","Card","Relic"],"build_version":"2020-12-22","purchased_purges":2,"victory":true,"max_hp_per_floor":[70,70,70,70,75,75,75,75,75,75,75,75,75,75,75,75,75,75,75,75,75,75,75,75,75,75,75,75,75,75,75,75,75,75,75,75,75,71,71,71,71,71,71,71,71,71,71,71,71,71,71,71,71,71,71],"relic_stats":{"Darkstone Periapt":0,"Happy Flower":[27],"Gremlin Horn":[3,3],"counters":[26,100],"CeramicFish":153,"War Paint":["Corpse Explosion","Defend_G"],"Question Card":20,"Blood Vial":2,"Shuriken":[6],"Bird Faced Urn":[49],"Kunai":[6],"obtain_stats":[{"Ice Cream":9,"Darkstone Periapt":23,"TwistedFunnel":25,"Potion Belt":25,"NeowsBlessing":0,"Happy Flower":14,"Gremlin Horn":26,"CeramicFish":11,"War Paint":47,"Question Card":6,"Empty Cage":17,"Blood Vial":54,"SlaversCollar":34,"Shuriken":41,"Bird Faced Urn":8,"Kunai":43,"Toxic Egg 2":27,"Ring of the Snake":0},{"Ice Cream":5,"Darkstone Periapt":13,"TwistedFunnel":13,"Potion Belt":13,"NeowsBlessing":0,"Happy Flower":7,"Gremlin Horn":13,"CeramicFish":5,"War Paint":22,"Question Card":3,"Empty Cage":8,"Blood Vial":25,"SlaversCollar":17,"Shuriken":21,"Bird Faced Urn":5,"Kunai":21,"Toxic Egg 2":14,"Ring of the Snake":0},{"Ice Cream":13,"Darkstone Periapt":46,"TwistedFunnel":46,"Potion Belt":46,"NeowsBlessing":0,"Happy Flower":19,"Gremlin Horn":46,"CeramicFish":13,"War Paint":84,"Question Card":3,"Empty Cage":27,"Blood Vial":92,"SlaversCollar":61,"Shuriken":79,"Bird Faced Urn":13,"Kunai":79,"Toxic Egg 2":51,"Ring of the Snake":0}],"Ring of the Snake":[52]},"card_choices":[{"not_picked":["Masterful Stab","Dagger Throw"],"picked":"Poisoned Stab","floor":1},{"not_picked":["Poisoned Stab","Finisher"],"picked":"PiercingWail","floor":3},{"not_picked":["Reflex","Flechettes"],"picked":"Quick Slash","floor":6},{"not_picked":["Dagger Throw","PiercingWail","Heel Hook"],"picked":"After Image","floor":7},{"not_picked":["Prepared","Doppelganger","Outmaneuver"],"picked":"Deadly Poison","floor":8},{"not_picked":["Dodge and Roll","Infinite Blades","Poisoned Stab"],"picked":"Catalyst","floor":13},{"not_picked":["Burst","Cloak And Dagger","Choke"],"picked":"Dash","floor":14},{"not_picked":["Envenom","Burst","After Image"],"picked":"Corpse Explosion","floor":16},{"not_picked":["Choke","Flechettes","Bouncing Flask"],"picked":"Cloak And Dagger+1","floor":18},{"not_picked":["Noxious Fumes","Accuracy","Choke+1"],"picked":"Poisoned Stab+1","floor":20},{"not_picked":["Slice","Deflect","Dodge and Roll"],"picked":"Catalyst","floor":21},{"not_picked":["Prepared+1","Terror","Cloak And Dagger","Blade Dance"],"picked":"SKIP","floor":22},{"not_picked":["Quick Slash+1","Cloak And Dagger","Riddle With Holes","Expertise"],"picked":"SKIP","floor":23},{"not_picked":["Masterful Stab+1","Acrobatics+1","Flying Knee"],"picked":"Escape Plan+1","floor":27},{"not_picked":["Storm of Steel+1","Accuracy+1","Dash"],"picked":"Backflip+1","floor":28},{"not_picked":["Flying Knee","Dagger Spray","Outmaneuver+1","Concentrate+1"],"picked":"SKIP","floor":29},{"not_picked":["Tools of the Trade","Corpse Explosion+1","Unload"],"picked":"After Image","floor":33},{"not_picked":["Prepared+1","Reflex+1","Dagger Throw","Flechettes+1"],"picked":"SKIP","floor":35},{"not_picked":["Bane","Setup+1","Deadly Poison+1"],"picked":"Backflip+1","floor":36},{"not_picked":["Sucker Punch+1","Predator","Dagger Throw","Noxious Fumes"],"picked":"SKIP","floor":39},{"not_picked":["PiercingWail+1","Flying Knee+1","Bane"],"picked":"Adrenaline+1","floor":41},{"not_picked":["Infinite Blades","Bane","Sucker Punch"],"picked":"Terror+1","floor":45},{"not_picked":["Bane","Backflip+1","Dagger Spray+1"],"picked":"Blade Dance+1","floor":54}],"player_experience":1650075,"relics_obtained":[{"floor":6,"key":"Question Card"},{"floor":8,"key":"Bird Faced Urn"},{"floor":9,"key":"Ice Cream"},{"floor":14,"key":"Happy Flower"},{"floor":23,"key":"Darkstone Periapt"},{"floor":26,"key":"Gremlin Horn"},{"floor":27,"key":"Toxic Egg 2"},{"floor":41,"key":"Shuriken"},{"floor":43,"key":"Kunai"},{"floor":54,"key":"Blood Vial"}],"event_choices":[{"cards_removed":["Defend_G"],"damage_healed":0,"gold_gain":0,"player_choice":"Card Removal","damage_taken":0,"max_hp_gain":0,"max_hp_loss":0,"event_name":"The Cleric","floor":2,"gold_loss":50},{"damage_healed":0,"gold_gain":0,"player_choice":"Donut","damage_taken":0,"max_hp_gain":5,"max_hp_loss":0,"event_name":"Big Fish","floor":5,"gold_loss":0},{"damage_healed":0,"gold_gain":0,"player_choice":"Success","damage_taken":18,"relics_obtained":["CeramicFish"],"max_hp_gain":0,"max_hp_loss":0,"event_name":"Scrap Ooze","floor":11,"gold_loss":0},{"damage_healed":0,"gold_gain":0,"cards_transformed":["Strike_G"],"player_choice":"Transformed","damage_taken":0,"max_hp_gain":0,"max_hp_loss":0,"event_name":"Transmorgrifier","floor":12,"gold_loss":0,"cards_obtained":["Masterful Stab"]},{"damage_healed":0,"gold_gain":180,"player_choice":"GOLD GOLD POTION ","damage_taken":25,"max_hp_gain":0,"max_hp_loss":0,"event_name":"Knowing Skull","floor":19,"potions_obtained":["AttackPotion"],"gold_loss":0,"cards_obtained":[]},{"damage_healed":0,"gold_gain":0,"player_choice":"Ignored","damage_taken":0,"max_hp_gain":0,"max_hp_loss":0,"event_name":"Tomb of Lord Red Mask","floor":37,"gold_loss":0},{"damage_healed":0,"gold_gain":0,"player_choice":"Max HP","damage_taken":0,"max_hp_gain":0,"max_hp_loss":4,"event_name":"Winding Halls","floor":38,"gold_loss":0},{"cards_removed":["Dash"],"damage_healed":0,"gold_gain":0,"player_choice":"Removed Attack","damage_taken":0,"max_hp_gain":0,"max_hp_loss":0,"event_name":"Falling","floor":44,"gold_loss":0}],"is_beta":false,"boss_relics":[{"not_picked":["Sozu","Snecko Eye"],"picked":"Empty Cage"},{"not_picked":["Coffee Dripper","Calling Bell"],"picked":"SlaversCollar"}],"items_purged_floors":[25,47],"is_endless":false,"potions_floor_spawned":[1,3,6,7,21,22,23,29,33,35,45,54],"ascension_level":1}}