{"host":"q0qnzbgdx8oqogg9","time":1611185790,"event":{"mods":["BaseMod","Minty Spire (QoL Compilation)","Slay-I","StSLib"],"gold_per_floor":[366,27,45,45,45,79,95,128,154,167,199,217,217,243,243,243,243],"floor_reached":16,"language":"ENG","playtime":587,"items_purged":["Strike_R"],"score":189,"play_id":"0d9f81d7-3f8e-4565-89af-33b7e2abefcd","local_time":"20210120183630","is_ascension_mode":true,"campfire_choices":[{"floor":15.0,"key":"REST"}],"circlet_count":0,"master_deck":["Strike_R","Strike_R","Strike_R","Strike_R","Defend_R+1","Defend_R","Defend_R","Defend_R","Bash","Ghostly Armor","Carnage","Combust","Clash","Disarm+1","Iron Wave","Demon Form","Parasite","Armaments"],"relics":["Burning Blood","Bag of Preparation","Toy Ornithopter","Bronze Scales","Potion Belt","Ancient Tea Set","War Paint"],"acts_visited":["Exordium"],"potions_floor_usage":[],"damage_taken":[{"damage":1.0,"enemies":"Cultist","floor":1.0,"turns":4.0},{"damage":3.0,"enemies":"Jaw Worm","floor":3.0,"turns":4.0},{"damage":25.0,"enemies":"Lagavulin","floor":6.0,"turns":5.0},{"damage":0.0,"enemies":"2 Louse","floor":7.0,"turns":4.0},{"damage":23.0,"enemies":"3 Sentries","floor":8.0,"turns":6.0},{"damage":0.0,"enemies":"Looter","floor":10.0,"turns":3.0},{"damage":26.0,"enemies":"Gremlin Nob","floor":11.0,"turns":4.0},{"damage":15.0,"enemies":"Large Slime","floor":12.0,"turns":5.0},{"damage":29.0,"enemies":"3 Sentries","floor":14.0,"turns":9.0},{"damage":51,"enemies":"Slime Boss","floor":16,"turns":7}],"seed_played":"-7744235687178952614","potions_obtained":[{"floor":1.0,"key":"FairyPotion"},{"floor":4.0,"key":"LiquidMemories"},{"floor":4.0,"key":"Dexterity Potion"},{"floor":6.0,"key":"Energy Potion"},{"floor":12.0,"key":"ElixirPotion"},{"floor":14.0,"key":"LiquidBronze"}],"is_trial":false,"path_per_floor":["M","$","M","?","$","E","M","E","T","M","E","M","?","E","R","B"],"character_chosen":"IRONCLAD","items_purchased":["Bag of Preparation","Carnage","Fire Potion"],"campfire_rested":1,"item_purchase_floors":[2,2,2],"current_hp_per_floor":[56,56,59,59,59,40,46,34,34,40,25,16,36,18,42,0,0],"gold":243,"neow_bonus":"TWO_FIFTY_GOLD","is_daily":false,"chose_seed":false,"campfire_upgraded":0,"win_rate":0.0,"timestamp":1611185790,"path_taken":["M","$","M","?","?","E","M","E","T","M","E","M","?","E","R","BOSS"],"items_purchased_type":["Relic","Card","Potion"],"build_version":"2020-12-22","purchased_purges":1,"victory":false,"max_hp_per_floor":[80,80,80,80,80,80,80,80,80,80,80,80,80,80,80,80,80],"card_choices":[{"not_picked":["Burning Pact","Intimidate"],"picked":"Ghostly Armor","floor":1.0},{"not_picked":["Shockwave","Sword Boomerang"],"picked":"Combust","floor":3.0},{"not_picked":["Anger","Warcry"],"picked":"Clash","floor":6.0},{"not_picked":["Infernal Blade","Rage"],"picked":"Disarm","floor":7.0},{"not_picked":["Clash","Disarm","Blood for Blood"],"picked":"SKIP","floor":8.0},{"not_picked":["Armaments","Clothesline"],"picked":"Iron Wave","floor":10.0},{"not_picked":["Shrug It Off","Flex"],"picked":"Demon Form","floor":11.0},{"not_picked":["Clothesline","Perfected Strike","Heavy Blade"],"picked":"SKIP","floor":12.0},{"not_picked":["Thunderclap","Havoc"],"picked":"Armaments","floor":14.0}],"player_experience":240746,"relics_obtained":[{"floor":6.0,"key":"Toy Ornithopter"},{"floor":8.0,"key":"Bronze Scales"},{"floor":9.0,"key":"Potion Belt"},{"floor":11.0,"key":"Ancient Tea Set"},{"floor":14.0,"key":"War Paint"}],"event_choices":[{"damage_healed":0.0,"max_hp_gain":0.0,"max_hp_loss":0.0,"gold_gain":0.0,"event_name":"Lab","player_choice":"Got Potions","floor":4.0,"gold_loss":0.0,"damage_taken":0.0},{"damage_healed":20.0,"max_hp_gain":0.0,"max_hp_loss":0.0,"gold_gain":0.0,"event_name":"Mushrooms","player_choice":"Healed and dodged fight","floor":13.0,"gold_loss":0.0,"damage_taken":0.0,"cards_obtained":["Parasite"]}],"is_beta":false,"boss_relics":[],"items_purged_floors":[2],"is_endless":false,"potions_floor_spawned":[1,6,12,14],"killed_by":"Slime Boss","ascension_level":9}}