{"host":"usrgk25etjl0nf5i","time":1611118299,"event":{"mods":["2.2 Compatiblity","BaseMod","Downfall","Hubris","Minty Spire (QoL Compilation)","StSLib","SuperFastMode"],"gold_per_floor":[113,113,113,63,63,96,96,129,129,139,35,69,2,2,2,2,2],"floor_reached":16,"language":"ENG","playtime":439,"items_purged":[],"score":177,"play_id":"99ccb4a1-5a5e-4a7d-a1d0-a3338de828f1","local_time":"20210119205139","is_ascension_mode":true,"campfire_choices":[{"floor":7,"key":"REST"},{"floor":15,"key":"REST"}],"circlet_count":0,"master_deck":["AscendersBane","Strike_B","Strike_B","Strike_B","Defend_B","Defend_B","Defend_B","Zap","Dualcast","Rebound","Hologram","Beam Cell","Scrape","Hologram","Fusion","Stack","Stack","FTL"],"relics":["Cracked Core","hubris:Icosahedron","Du-Vu Doll","Vajra","hubris:GlazedTorus","Bag of Marbles"],"acts_visited":["Exordium"],"potions_floor_usage":[6,12,12],"damage_taken":[{"damage":6,"enemies":"Jaw Worm","floor":1,"turns":4},{"damage":32,"enemies":"3 Sentries","floor":6,"turns":8},{"damage":38,"enemies":"Lagavulin","floor":8,"turns":7},{"damage":1,"enemies":"Small Slimes","floor":10,"turns":3},{"damage":10,"enemies":"Gremlin Nob","floor":12,"turns":3},{"damage":45,"enemies":"The Guardian","floor":16,"turns":6}],"seed_played":"-2095123347366168975","potions_obtained":[{"floor":1,"key":"Fire Potion"},{"floor":10,"key":"Regen Potion"}],"is_trial":false,"path_per_floor":["M","?","?","?","?","E","R","E","T","M","$","E","$","T","R","B"],"character_chosen":"DEFECT","items_purchased":["Fusion","Stack","FTL"],"campfire_rested":2,"item_purchase_floors":[11,11,13],"current_hp_per_floor":[69,69,69,69,62,30,54,16,16,15,15,14,14,14,38,0,0],"gold":2,"neow_bonus":"TEN_PERCENT_HP_BONUS","is_daily":false,"chose_seed":false,"campfire_upgraded":0,"win_rate":0.0,"timestamp":1611118299,"path_taken":["M","?","?","?","?","E","R","E","T","M","$","E","$","?","R","BOSS"],"items_purchased_type":["Card","Card","Card"],"build_version":"2020-12-22","purchased_purges":0,"victory":false,"max_hp_per_floor":[82,82,82,82,82,82,82,82,82,82,82,82,82,82,82,82,82],"card_choices":[{"not_picked":["Melter","Tempest"],"picked":"Rebound","floor":1},{"not_picked":["Chill","Doom and Gloom"],"picked":"Beam Cell","floor":6},{"not_picked":["Ball Lightning","Steam"],"picked":"Scrape","floor":8},{"not_picked":["Melter","Rebound"],"picked":"Hologram","floor":10},{"not_picked":["Reinforced Body","Cold Snap"],"picked":"Stack","floor":12}],"player_experience":649674,"relics_obtained":[{"floor":6,"key":"Du-Vu Doll"},{"floor":8,"key":"Vajra"},{"floor":9,"key":"hubris:GlazedTorus"},{"floor":12,"key":"Bag of Marbles"}],"event_choices":[{"cards_removed":["Strike_B"],"damage_healed":0,"gold_gain":0,"player_choice":"Card Removal","damage_taken":0,"max_hp_gain":0,"max_hp_loss":0,"event_name":"The Cleric","floor":4,"gold_loss":50},{"cards_removed":["Defend_B"],"damage_healed":0,"gold_gain":0,"player_choice":"Card Removal","damage_taken":7,"max_hp_gain":0,"max_hp_loss":0,"event_name":"Golden Wing","floor":5,"gold_loss":0}],"is_beta":false,"boss_relics":[],"items_purged_floors":[],"is_endless":false,"potions_floor_spawned":[1,10],"killed_by":"The Guardian","ascension_level":11}}