{"host":"7uuqqk35leady37t","time":1611123638,"event":{"mods":["BaseMod","Colored Map","Colored Powertips","Marisa£®ÏF”Í°°ƒß¿Ì…≥£©","Minty Spire (QoL Compilation)","Relic Stats","Remilia£®¿Ÿ√◊¿Ú—«£©","Replay The Spire","Robot Space Explorer","StSLib","The Bug Knight","The Servant 0.9.4","UnlockEverythingMod","Waifu the Spire","Yuri Mod","[IsaacMod]“‘»ˆº‚À˛"],"gold_per_floor":[111,111,124,144,155,155,189,189,189,189,289,289,289,289,303,320,320,418,418,433,358,358,358],"floor_reached":22,"language":"ZHS","playtime":889,"items_purged":[],"score":184,"play_id":"4831bdca-e59e-4ba9-bfa6-81d2fd5831da","local_time":"20210120142038","is_ascension_mode":false,"campfire_choices":[{"data":"Fasting2","floor":6,"key":"SMITH"},{"data":"Replay:ManipulateFuture","floor":8,"key":"SMITH"},{"floor":10,"key":"RECALL"}],"circlet_count":0,"master_deck":["Strike_P","Strike_P","Defend_P","Defend_P","Defend_P","Eruption","Vigilance","DoctorFetus+1","Fasting2+1","Evaluate","JustLucky","Replay:BluntJabs","Replay:ManipulateFuture+1","FlyingSleeves","Wireheading","MentalFortress","DevaForm","Consecrate"],"relics":["PureWater","HushsDoor","TheBean","DeadEye","VioletLotus"],"acts_visited":["Exordium","TheCity"],"potions_floor_usage":[18,18,18],"damage_taken":[{"damage":2,"enemies":"Small Slimes","floor":1,"turns":3},{"damage":0,"enemies":"Cultist","floor":3,"turns":4},{"damage":4,"enemies":"2 Louse","floor":4,"turns":2},{"damage":1,"enemies":"2 Fungi Beasts","floor":5,"turns":3},{"damage":16,"enemies":"Gremlin Nob","floor":7,"turns":3},{"damage":1,"enemies":"Looter","floor":15,"turns":3},{"damage":10,"enemies":"Gremlin Gang","floor":16,"turns":5},{"damage":15,"enemies":"Fading Forest","floor":18,"turns":11},{"damage":13,"enemies":"3 Byrds","floor":20,"turns":5},{"damage":67,"enemies":"Masked Bandits","floor":22,"turns":3}],"seed_played":"-4549154285778197879","potions_obtained":[{"floor":1,"key":"Elixir"},{"floor":3,"key":"BottledMiracle"},{"floor":7,"key":"LiquidBronze"},{"floor":18,"key":"Dexterity Potion"}],"is_trial":false,"path_per_floor":["M","?","M","M","M","R","E","R","T","R","?","PTL","PTL","?","M","M","R_BF","B",null,"M","?","?"],"character_chosen":"WATCHER","items_purchased":[],"campfire_rested":0,"item_purchase_floors":[],"current_hp_per_floor":[77,77,77,73,72,72,56,56,56,56,56,56,56,56,55,45,45,42,79,66,66,0,0],"gold":358,"neow_bonus":"TEN_PERCENT_HP_BONUS","is_daily":false,"chose_seed":false,"campfire_upgraded":2,"win_rate":0.0,"timestamp":1611123638,"path_taken":["M","?","M","M","M","R","E","R","T","R","?","PTL","PTL","?","M","M","R_BF","BOSS","M","?","?"],"items_purchased_type":[],"build_version":"2020-12-22","purchased_purges":0,"victory":false,"max_hp_per_floor":[79,79,79,79,79,79,79,79,79,79,79,79,79,79,79,79,79,79,79,79,79,79,79],"relic_stats":{"counters":[10,42],"VioletLotus":[1],"obtain_stats":[{"KeepersGift":0,"TheBean":0,"VioletLotus":19,"DeadEye":7,"PureWater":0,"HushsDoor":0},{"KeepersGift":0,"TheBean":0,"VioletLotus":8,"DeadEye":5,"PureWater":0,"HushsDoor":0},{"KeepersGift":0,"TheBean":0,"VioletLotus":34,"DeadEye":15,"PureWater":0,"HushsDoor":0}]},"card_choices":[{"not_picked":[],"picked":"DoctorFetus","floor":0},{"not_picked":["PathToVictory","Adaptation"],"picked":"Fasting2","floor":1},{"not_picked":["EmptyMind","Replay:Anticipation"],"picked":"Evaluate","floor":3},{"not_picked":["Adaptation","Meditate"],"picked":"JustLucky","floor":4},{"not_picked":["MentalFortress","Protect"],"picked":"Replay:BluntJabs","floor":5},{"not_picked":["Replay:AllIn","CrushJoints"],"picked":"Replay:ManipulateFuture","floor":7},{"not_picked":["ReachHeaven","Bomb"],"picked":"FlyingSleeves","floor":11},{"not_picked":["EmptyBody","SandsOfTime"],"picked":"Wireheading","floor":15},{"not_picked":["CrushJoints","Bomb","Replay:Anticipation"],"picked":"SKIP","floor":16},{"not_picked":["Blasphemy","Replay:LoomingThreat"],"picked":"DevaForm","floor":18},{"not_picked":["EmptyFist+1","PathToVictory"],"picked":"Consecrate","floor":20}],"player_experience":65251,"relics_obtained":[{"floor":7,"key":"DeadEye"}],"event_choices":[{"cards_removed":["Defend_P"],"damage_healed":0,"gold_gain":0,"player_choice":"Purged","damage_taken":0,"max_hp_gain":0,"max_hp_loss":0,"event_name":"Purifier","floor":14,"gold_loss":0},{"cards_removed":["Strike_P"],"damage_healed":0,"gold_gain":0,"player_choice":"Gave Gold","damage_taken":0,"max_hp_gain":0,"max_hp_loss":0,"event_name":"Beggar","floor":21,"gold_loss":75},{"damage_healed":0,"gold_gain":0,"player_choice":"Fought Bandits","damage_taken":0,"max_hp_gain":0,"max_hp_loss":0,"event_name":"Masked Bandits","floor":22,"gold_loss":0}],"is_beta":false,"boss_relics":[{"not_picked":["Philosopher\u0027s Stone","Replay:Bronze Core"],"picked":"VioletLotus"},{"not_picked":[]}],"items_purged_floors":[],"is_endless":false,"potions_floor_spawned":[1,3,7,18],"killed_by":"Masked Bandits","ascension_level":0}}