{"host":"p1xsuo25udtrkbq2","time":1611134457,"event":{"mods":["BaseMod","Colored Map","Highlight Path","Minty Spire (QoL Compilation)","Quick Restart","Rare Cards Sparkle","Relic Stats","Slay the Relics Exporter","StSLib","everything is the same but u backflip on backflip"],"gold_per_floor":[112,112,124,141,141,141,168,181,181,192,205,205,231,10,10,88,88,107,117,117,17,35,35,69,69,69,69,69,101,101,135,135,209,209,223,223,41,51,70,101,113,150,162,199,244,26,51,0,0,0,0,0,0,29,29],"floor_reached":56,"language":"ENG","playtime":5870,"items_purged":["Strike_R","Strike_R"],"score":2133,"play_id":"8ce82cd1-176d-4ea0-b9d7-dbdc65f09ca9","local_time":"20210120042057","is_ascension_mode":true,"campfire_choices":[{"data":"Armaments","floor":6.0,"key":"SMITH"},{"data":"Shockwave","floor":12.0,"key":"SMITH"},{"data":"Bash","floor":15.0,"key":"SMITH"},{"data":"Feel No Pain","floor":23.0,"key":"SMITH"},{"data":"Dark Embrace","floor":25.0,"key":"SMITH"},{"data":"Anger","floor":28.0,"key":"SMITH"},{"data":"Impervious","floor":30.0,"key":"SMITH"},{"data":"Flame Barrier","floor":32.0,"key":"SMITH"},{"data":"Heavy Blade","floor":41.0,"key":"SMITH"},{"floor":49.0,"key":"RECALL"},{"data":"True Grit","floor":52.0,"key":"SMITH"}],"circlet_count":0,"master_deck":["AscendersBane","Strike_R","Strike_R","Defend_R","Defend_R","Defend_R","Defend_R","Bash+1","Anger+1","Corruption+1","Armaments+1","Exhume","Dark Embrace+1","Shockwave+1","Pommel Strike","Impervious+1","Feed","Feel No Pain+1","Dropkick","Flame Barrier+1","Impervious","True Grit+1","Intimidate+1","Pummel+1","Heavy Blade+1","Immolate","Feel No Pain+1","Offering","Dual Wield","Body Slam","Flame Barrier","Shrug It Off","Sentinel"],"relics":["Burning Blood","NeowsBlessing","Mercury Hourglass","Blue Candle","Bag of Marbles","Toolbox","Runic Pyramid","Shuriken","FossilizedHelix","Mummified Hand","Champion Belt","SlaversCollar","Medical Kit","MawBank","Juzu Bracelet","Thread and Needle","Meat on the Bone","Orrery","Magic Flower","Red Mask","Pocketwatch"],"acts_visited":["Exordium","TheCity","TheBeyond","TheEnding"],"potions_floor_usage":[],"damage_taken":[{"damage":0.0,"enemies":"Small Slimes","floor":1.0,"turns":1.0},{"damage":0.0,"enemies":"Cultist","floor":3.0,"turns":1.0},{"damage":0.0,"enemies":"Jaw Worm","floor":4.0,"turns":1.0},{"damage":29.0,"enemies":"Lagavulin","floor":7.0,"turns":9.0},{"damage":13.0,"enemies":"Red Slaver","floor":8.0,"turns":4.0},{"damage":9.0,"enemies":"3 Louse","floor":10.0,"turns":3.0},{"damage":1.0,"enemies":"Gremlin Gang","floor":11.0,"turns":4.0},{"damage":26.0,"enemies":"Gremlin Nob","floor":13.0,"turns":4.0},{"damage":26.0,"enemies":"Hexaghost","floor":16.0,"turns":11.0},{"damage":12.0,"enemies":"Shell Parasite","floor":18.0,"turns":5.0},{"damage":0.0,"enemies":"Spheric Guardian","floor":19.0,"turns":4.0},{"damage":4.0,"enemies":"Snecko","floor":22.0,"turns":6.0},{"damage":20.0,"enemies":"Book of Stabbing","floor":24.0,"turns":6.0},{"damage":7.0,"enemies":"3 Cultists","floor":29.0,"turns":5.0},{"damage":18.0,"enemies":"Gremlin Leader","floor":31.0,"turns":6.0},{"damage":3.0,"enemies":"Collector","floor":33.0,"turns":8.0},{"damage":0.0,"enemies":"Orb Walker","floor":35.0,"turns":3.0},{"damage":21.0,"enemies":"3 Darklings","floor":38.0,"turns":6.0},{"damage":0.0,"enemies":"Maw","floor":39.0,"turns":6.0},{"damage":0.0,"enemies":"Giant Head","floor":40.0,"turns":8.0},{"damage":0.0,"enemies":"Nemesis","floor":42.0,"turns":7.0},{"damage":13.0,"enemies":"Mind Bloom Boss Battle","floor":44.0,"turns":5.0},{"damage":5.0,"enemies":"Reptomancer","floor":45.0,"turns":7.0},{"damage":0.0,"enemies":"Giant Head","floor":47.0,"turns":6.0},{"damage":14.0,"enemies":"Time Eater","floor":50.0,"turns":8.0},{"damage":0.0,"enemies":"Shield and Spear","floor":54.0,"turns":5.0},{"damage":45,"enemies":"The Heart","floor":55,"turns":9}],"seed_played":"4538579761790636476","potions_obtained":[{"floor":3.0,"key":"Block Potion"},{"floor":7.0,"key":"DistilledChaos"},{"floor":10.0,"key":"Swift Potion"},{"floor":18.0,"key":"SkillPotion"},{"floor":24.0,"key":"Explosive Potion"},{"floor":29.0,"key":"Fruit Juice"},{"floor":33.0,"key":"ElixirPotion"},{"floor":35.0,"key":"Explosive Potion"},{"floor":38.0,"key":"Fruit Juice"},{"floor":42.0,"key":"Strength Potion"},{"floor":47.0,"key":"Fruit Juice"},{"floor":54.0,"key":"ColorlessPotion"}],"is_trial":false,"path_per_floor":["M","?","M","M","?","R","E","M","T","M","M","R","E","$","R","B",null,"M","M","?","$","M","R","E","R","T","?","R","M","R","E","R","B",null,"M","?","$","M","M","E","R","E","T","?","E","$","E","?","R","B",null,"R","$","E","B",null],"character_chosen":"IRONCLAD","items_purchased":["Toolbox","Medical Kit","True Grit","Orrery","Shrug It Off","AttackPotion"],"campfire_rested":0,"item_purchase_floors":[14,37,37,46,46,46],"current_hp_per_floor":[78,78,80,80,80,80,57,50,50,47,52,52,32,32,32,12,63,61,67,67,67,73,73,63,63,63,63,63,70,70,62,62,68,97,112,112,112,97,103,113,113,128,128,124,128,128,134,134,134,140,142,142,142,147,111],"gold":29,"neow_bonus":"THREE_ENEMY_KILL","is_daily":false,"chose_seed":false,"campfire_upgraded":10,"win_rate":0.0,"timestamp":1611134457,"path_taken":["M","?","M","?","?","R","E","M","T","M","M","R","E","$","R","BOSS","M","M","?","$","M","R","E","R","T","?","R","?","R","E","R","BOSS","M","?","$","M","M","E","R","E","T","?","E","$","E","?","R","BOSS","R","$","E","BOSS"],"items_purchased_type":["Relic","Relic","Card","Relic","Card","Potion"],"build_version":"2020-12-22","purchased_purges":2,"victory":true,"max_hp_per_floor":[80,80,80,80,80,80,80,80,80,80,80,80,80,80,80,80,80,84,84,84,84,88,88,92,92,92,92,92,100,100,104,104,107,107,116,116,116,116,116,120,120,129,129,132,135,135,135,135,135,143,143,143,143,147,147],"relic_stats":{"counters":[27,146],"Blue Candle":[7],"Magic Flower":[10],"Juzu Bracelet":1,"Medical Kit":[21],"MawBank":72,"Burning Blood":152,"Mercury Hourglass":[454],"Shuriken":[41],"Mummified Hand":[62],"Champion Belt":[46],"obtain_stats":[{"NeowsBlessing":0,"Blue Candle":9,"Magic Flower":47,"Thread and Needle":44,"Juzu Bracelet":42,"Medical Kit":37,"MawBank":40,"Burning Blood":0,"Mercury Hourglass":7,"SlaversCollar":34,"Shuriken":24,"Mummified Hand":27,"Toolbox":14,"Orrery":46,"Bag of Marbles":13,"Red Mask":48,"Champion Belt":31,"FossilizedHelix":26,"Runic Pyramid":17,"Meat on the Bone":45,"Pocketwatch":54},{"NeowsBlessing":0,"Blue Candle":5,"Magic Flower":24,"Thread and Needle":22,"Juzu Bracelet":21,"Medical Kit":17,"MawBank":20,"Burning Blood":0,"Mercury Hourglass":4,"SlaversCollar":16,"Shuriken":13,"Mummified Hand":13,"Toolbox":8,"Orrery":23,"Bag of Marbles":8,"Red Mask":24,"Champion Belt":15,"FossilizedHelix":13,"Runic Pyramid":9,"Meat on the Bone":23,"Pocketwatch":26},{"NeowsBlessing":0,"Blue Candle":15,"Magic Flower":124,"Thread and Needle":111,"Juzu Bracelet":106,"Medical Kit":80,"MawBank":99,"Burning Blood":0,"Mercury Hourglass":12,"SlaversCollar":77,"Shuriken":58,"Mummified Hand":58,"Toolbox":26,"Orrery":118,"Bag of Marbles":26,"Red Mask":124,"Champion Belt":69,"FossilizedHelix":58,"Runic Pyramid":37,"Meat on the Bone":118,"Pocketwatch":137}],"Meat on the Bone":0,"Pocketwatch":[1]},"card_choices":[{"not_picked":["Evolve","Flex"],"picked":"Anger","floor":1.0},{"not_picked":["Second Wind","Flex"],"picked":"Armaments","floor":3.0},{"not_picked":["Sword Boomerang","Combust"],"picked":"Exhume","floor":4.0},{"not_picked":["Sword Boomerang","Shockwave"],"picked":"Dark Embrace","floor":7.0},{"not_picked":["Havoc","Headbutt"],"picked":"Shockwave","floor":8.0},{"not_picked":["Clash","Anger","Heavy Blade"],"picked":"SKIP","floor":10.0},{"not_picked":["Body Slam","Warcry"],"picked":"Pommel Strike","floor":11.0},{"not_picked":["Armaments","Berserk"],"picked":"Impervious","floor":13.0},{"not_picked":["Barricade","Immolate"],"picked":"Feed","floor":16.0},{"not_picked":["Dropkick","Whirlwind+1"],"picked":"Feel No Pain","floor":18.0},{"not_picked":["Pommel Strike","Havoc","Clash+1"],"picked":"SKIP","floor":19.0},{"not_picked":["Rage","Body Slam","Wild Strike"],"picked":"SKIP","floor":22.0},{"not_picked":["Juggernaut","Heavy Blade","Sever Soul"],"picked":"SKIP","floor":24.0},{"not_picked":["Sword Boomerang","Whirlwind"],"picked":"Dropkick","floor":29.0},{"not_picked":["Hemokinesis","Body Slam"],"picked":"Flame Barrier","floor":31.0},{"not_picked":["Exhume","Barricade"],"picked":"Impervious","floor":33.0},{"not_picked":["Armaments+1","Searing Blow","Warcry"],"picked":"SKIP","floor":35.0},{"not_picked":["Havoc+1","Thunderclap"],"picked":"Intimidate+1","floor":38.0},{"not_picked":["Ghostly Armor","Whirlwind+1"],"picked":"Pummel+1","floor":39.0},{"not_picked":["Feed","Whirlwind"],"picked":"Heavy Blade","floor":40.0},{"not_picked":["Perfected Strike","Flex"],"picked":"Immolate","floor":42.0},{"not_picked":["Clash","Havoc"],"picked":"Feel No Pain+1","floor":44.0},{"not_picked":["Uppercut","Cleave"],"picked":"Offering","floor":45.0},{"not_picked":["Dark Embrace","Pommel Strike"],"picked":"Dual Wield","floor":46.0},{"not_picked":["Rage","Second Wind"],"picked":"Body Slam","floor":46.0},{"not_picked":["Power Through","Heavy Blade+1"],"picked":"Flame Barrier","floor":46.0},{"not_picked":["Perfected Strike","Havoc","Anger"],"picked":"SKIP","floor":47.0},{"not_picked":["Rampage+1","Sword Boomerang"],"picked":"Sentinel","floor":54.0}],"player_experience":931844,"relics_obtained":[{"floor":7.0,"key":"Mercury Hourglass"},{"floor":9.0,"key":"Blue Candle"},{"floor":13.0,"key":"Bag of Marbles"},{"floor":24.0,"key":"Shuriken"},{"floor":26.0,"key":"FossilizedHelix"},{"floor":27.0,"key":"Mummified Hand"},{"floor":31.0,"key":"Champion Belt"},{"floor":40.0,"key":"MawBank"},{"floor":42.0,"key":"Juzu Bracelet"},{"floor":44.0,"key":"Thread and Needle"},{"floor":45.0,"key":"Meat on the Bone"},{"floor":47.0,"key":"Magic Flower"},{"floor":54.0,"key":"Pocketwatch"}],"event_choices":[{"damage_healed":0.0,"max_hp_gain":0.0,"max_hp_loss":0.0,"gold_gain":0.0,"cards_transformed":["Strike_R"],"event_name":"Transmorgrifier","player_choice":"Transformed","floor":2.0,"gold_loss":0.0,"damage_taken":0.0,"cards_obtained":["Corruption"]},{"damage_healed":0.0,"max_hp_gain":0.0,"max_hp_loss":0.0,"gold_gain":0.0,"event_name":"Upgrade Shrine","player_choice":"Upgraded","floor":5.0,"gold_loss":0.0,"damage_taken":0.0,"cards_upgraded":["Corruption"]},{"damage_healed":0.0,"max_hp_gain":0.0,"max_hp_loss":0.0,"gold_gain":0.0,"event_name":"Vampires","player_choice":"Ignored","floor":20.0,"gold_loss":0.0,"damage_taken":0.0},{"damage_healed":0.0,"max_hp_gain":0.0,"max_hp_loss":0.0,"gold_gain":0.0,"event_name":"Wheel of Change","player_choice":"Relic","floor":27.0,"gold_loss":0.0,"damage_taken":0.0},{"damage_healed":0.0,"max_hp_gain":0.0,"max_hp_loss":0.0,"gold_gain":0.0,"event_name":"Match and Keep!","player_choice":"0 cards matched","floor":36.0,"gold_loss":0.0,"damage_taken":0.0,"cards_obtained":[]},{"damage_healed":0.0,"max_hp_gain":0.0,"max_hp_loss":0.0,"gold_gain":0.0,"event_name":"MindBloom","player_choice":"Fight","floor":44.0,"gold_loss":0.0,"damage_taken":0.0},{"damage_healed":0.0,"max_hp_gain":0.0,"max_hp_loss":0.0,"gold_gain":0.0,"event_name":"Tomb of Lord Red Mask","player_choice":"Paid","floor":48.0,"gold_loss":51.0,"damage_taken":0.0,"relics_obtained":["Red Mask"]}],"is_beta":false,"boss_relics":[{"not_picked":["Runic Cube","Black Star"],"picked":"Runic Pyramid"},{"not_picked":["Mark of Pain","SacredBark"],"picked":"SlaversCollar"}],"items_purged_floors":[14,21],"is_endless":false,"potions_floor_spawned":[3,7,10,18,24,29,33,35,38,42,47,54],"ascension_level":13}}