{"host":"gsgpu9obojnqwpp0","time":1611110129,"event":{"mods":["2.2 Compatiblity","AchievementEnabler","Alarm Clock","BaseMod","Bestiary","Block Reminder","Dark Map","DeckTracker","Highlight Path","Minty Spire (QoL Compilation)","Permanent Neow","Quick Restart","Relic Stats","Slay-I","SuperFastMode","Uncapped","slay the spire mod where everything is the same but ironclad has a cowboy hat"],"gold_per_floor":[119,119,136,28,43,43,43,43],"floor_reached":7,"language":"ENG","playtime":210,"items_purged":["Strike_R"],"score":47,"play_id":"20348d23-fa31-4db7-b138-6ef53258ffd9","local_time":"20210119213529","is_ascension_mode":true,"campfire_choices":[{"data":"Barricade","floor":6,"key":"SMITH"}],"circlet_count":0,"master_deck":["Strike_R","Strike_R","Strike_R","Defend_R","Defend_R","Defend_R","Defend_R","Bash","Barricade+1","Flex","Perfected Strike","Flame Barrier","Body Slam"],"relics":["Burning Blood"],"acts_visited":["Exordium"],"potions_floor_usage":[7],"damage_taken":[{"damage":4,"enemies":"Small Slimes","floor":1,"turns":5},{"damage":30,"enemies":"Cultist","floor":3,"turns":7},{"damage":3,"enemies":"Jaw Worm","floor":5,"turns":8},{"damage":55,"enemies":"3 Sentries","floor":7,"turns":7}],"seed_played":"-6160564600928878935","potions_obtained":[{"floor":3,"key":"Regen Potion"}],"is_trial":false,"path_per_floor":["M","?","M","$","M","R","E"],"character_chosen":"IRONCLAD","items_purchased":["Flame Barrier"],"campfire_rested":0,"item_purchase_floors":[4],"current_hp_per_floor":[58,58,34,34,37,37,0,0],"gold":43,"neow_bonus":"THREE_RARE_CARDS","is_daily":false,"chose_seed":false,"campfire_upgraded":1,"win_rate":0.0,"timestamp":1611110129,"path_taken":["M","?","?","$","?","R","E"],"items_purchased_type":["Card"],"build_version":"2020-12-22","purchased_purges":1,"victory":false,"max_hp_per_floor":[80,80,80,80,80,80,80,80],"relic_stats":{"counters":[4,27],"obtain_stats":[{"Burning Blood":0},{"Burning Blood":0},{"Burning Blood":0}],"Burning Blood":18},"card_choices":[{"not_picked":["Impervious","Corruption"],"picked":"Barricade","floor":0},{"not_picked":["Clothesline","Heavy Blade"],"picked":"Flex","floor":1},{"not_picked":["Flex","Warcry"],"picked":"Perfected Strike","floor":3},{"not_picked":["Thunderclap","Perfected Strike"],"picked":"Body Slam","floor":5}],"player_experience":265100,"relics_obtained":[],"event_choices":[{"cards_removed":["Strike_R"],"damage_healed":0,"gold_gain":0,"player_choice":"Purged","damage_taken":0,"max_hp_gain":0,"max_hp_loss":0,"event_name":"Purifier","floor":2,"gold_loss":0}],"is_beta":false,"boss_relics":[],"items_purged_floors":[4],"is_endless":false,"potions_floor_spawned":[3],"killed_by":"3 Sentries","ascension_level":3}}