{"host":"56d873i5r3uhle0q","time":1611118350,"event":{"mods":["100% Spire Juice","Act Like it!","Aspiration","BaseMod","Block Reminder","Conspire","Gensokyo","Hermit","Hubris","Infinite Spire","Jedi Mod","Lobotomy","Marisa????????","Marked Mod","Minty Spire (QoL Compilation)","Replay The Spire","StSLib","The Animator","The Bug Knight","The Cursed","The Marked","The Servant 0.9.4","everything is the same but u backflip on backflip","vexMod","??????REMEMod"],"gold_per_floor":[118,129,50,65,36,36,136,136],"floor_reached":7,"language":"ENG","playtime":727,"items_purged":[],"score":45,"play_id":"2e529c6c-1ef3-45fb-87f6-a4753f248504","local_time":"20210119215230","is_ascension_mode":true,"campfire_choices":[],"circlet_count":0,"master_deck":["Strike_P","Strike_P","Strike_P","Strike_P","Defend_P","Defend_P","Defend_P","Defend_P","Eruption","Vigilance","REME_ShadowForm","ShyLook","Fasting2","Replay:AtTheReady","Fasting2","Gensokyo:TarnishedGold"],"relics":["PureWater","REME_ComplimentaryCards","CogitoBucket","hubris:Icosahedron"],"acts_visited":["Gensokyo:Gensokyo"],"potions_floor_usage":[],"damage_taken":[{"damage":0.0,"enemies":"Gensokyo:2_Kodama","floor":1.0,"turns":5.0},{"damage":17.0,"enemies":"Gensokyo:3_Fairies","floor":2.0,"turns":6.0},{"damage":38.0,"enemies":"Gensokyo:Gryphon","floor":4.0,"turns":9.0},{"damage":48,"enemies":"Gensokyo:Cirno","floor":7,"turns":17}],"seed_played":"3212285059740041594","potions_obtained":[{"floor":2.0,"key":"Cursed Concoction"}],"is_trial":false,"path_per_floor":["M","M","$","M","COS","?","E"],"character_chosen":"WATCHER","items_purchased":["Fasting2"],"campfire_rested":0,"item_purchase_floors":[3],"current_hp_per_floor":[72,55,55,17,17,17,0,0],"gold":136,"neow_bonus":"","is_daily":false,"chose_seed":false,"campfire_upgraded":0,"win_rate":0.0,"timestamp":1611118350,"path_taken":["M","M","$","M","COS","?","E"],"items_purchased_type":["Card"],"build_version":"2020-12-22","purchased_purges":0,"victory":false,"max_hp_per_floor":[72,72,72,72,72,72,72,72],"card_choices":[{"not_picked":["UniverseFragment","OldLady"],"picked":"ShyLook","floor":1.0},{"not_picked":["Worship","SashWhip"],"picked":"Fasting2","floor":1.0},{"not_picked":["VoidDream","Variant"],"picked":"CherryBlossoms","floor":2.0},{"not_picked":["Consecrate","Halt"],"picked":"Replay:AtTheReady","floor":2.0},{"not_picked":["WallGazer","Scorched","BeautyBeast"],"picked":"Singing Bowl","floor":4.0},{"not_picked":["REME_Repentance","FlurryOfBlows","REME_MusicOfDeath"],"picked":"SKIP","floor":4.0}],"player_experience":563718,"relics_obtained":[],"event_choices":[],"is_beta":false,"boss_relics":[],"items_purged_floors":[],"is_endless":false,"potions_floor_spawned":[2],"killed_by":"Gensokyo:Cirno","ascension_level":2}}