{"host":"ymofapu9a7eub96a","time":1611181022,"event":{"mods":["AchievementEnabler","AlwaysNeverKeys","Aspiration","BaseMod","Better Third Choice","BetterRewards","Defuse TimeMaze Blight","Dio Mod","Disable Question Mark Monsters","Displayed Cursed Tome","Energized Spire","Googly Eyes","Halation","Infinite Spire","Ironclad Rager","Marked Mod","Minty Spire (QoL Compilation)","Prisma Mod","Quarter Circle Forward PUNCH!","Random Character Button","Replay The Spire","SacredBarkPlus","Shop Mod","Small Relic Pack","Spicy Shops","StSLib","SuperFastMode","The Animator","The Awakened One except there are too many feathers","The Factory","The IronCluck","The Jungle","The Wild Card","Trackpad","Transform Curses","UnlockEverythingMod","Waifu the Spire","everything is the same but u backflip on backflip","slay the spire mod where everything is the same but ironclad has a cowboy hat"],"gold_per_floor":[117,117,127,77,8,8,8,34,59,78,78,98,115,115,115,215,215,233,233,233,253,253,282,282,282,307,329,353,353,155,155,155,161,161],"floor_reached":33,"language":"ENG","playtime":2298,"items_purged":[],"score":313,"play_id":"6b36255e-11f9-498a-94f5-1615006a50fc","local_time":"20210120161702","is_ascension_mode":false,"campfire_choices":[{"data":"Eruption","floor":6,"key":"SMITH"},{"data":"Vigilance","floor":11,"key":"SMITH"},{"floor":15,"key":"DIG"},{"data":"MarkedMod:NorthStar","floor":24,"key":"SMITH"},{"floor":32,"key":"DIG"}],"circlet_count":0,"master_deck":["Strike_P","Strike_P","Strike_P","Defend_P","Defend_P","Defend_P","Eruption+1","Vigilance+1","FollowUp","EmptyBody","Weave","LikeWater","Evaluate","MarkedMod:NorthStar+1","MarkedMod:FirstStrike","infinitespire:NeuralNetwork","Prostrate","JustLucky","CutThroughFate","MarkedMod:GracefulMovements"],"relics":["PrismaMod:PrismaSapphire","NeowsBlessing","Centennial Puzzle","ReplayTheSpireMod:Lightbulb","infinitespire:Cubic Diamond","Omamori","SlaversCollar","FaceOfCleric","Juzu Bracelet","CeramicFish","Mummified Hand","infinitespire:Midas Blood","halation:EternalFortune","Replay:Baseball"],"acts_visited":["Exordium","TheCity"],"potions_floor_usage":[16,18,23,27,33],"damage_taken":[{"damage":0,"enemies":"Jaw Worm","floor":1,"turns":1},{"damage":0,"enemies":"Cultist","floor":3,"turns":1},{"damage":0,"enemies":"Replay:BlueRogue","floor":8,"turns":1},{"damage":0,"enemies":"Small Slimes","floor":10,"turns":2},{"damage":12,"enemies":"Blue Slaver","floor":12,"turns":3},{"damage":0,"enemies":"Large Slime","floor":13,"turns":5},{"damage":50,"enemies":"Fading Forest","floor":16,"turns":11},{"damage":8,"enemies":"3 Byrds","floor":18,"turns":9},{"damage":17,"enemies":"2 Thieves","floor":21,"turns":4},{"damage":0,"enemies":"Replay:Snechameleon","floor":23,"turns":8},{"damage":7,"enemies":"3 Cultists","floor":27,"turns":4},{"damage":6,"enemies":"Sentry and Sphere","floor":28,"turns":8},{"damage":37,"enemies":"Collector","floor":33,"turns":9}],"seed_played":"-5288906812438733624","potions_obtained":[{"floor":1,"key":"Weak Potion"},{"floor":2,"key":"Reflective Coating"},{"floor":2,"key":"BottledMiracle"},{"floor":2,"key":"Block Potion"},{"floor":21,"key":"BottledMiracle"},{"floor":27,"key":"Milkshake"},{"floor":28,"key":"Adrenaline Potion"}],"is_trial":false,"path_per_floor":["M","?","M","?","$","R","?","E","T","M","R","M","M","?","R","B",null,"M","?","?","M","?","E","R","?","T","M","M","?","$","?","R","B"],"character_chosen":"WATCHER","items_purchased":["Weave","infinitespire:Midas Blood","MarkedMod:GracefulMovements"],"campfire_rested":0,"item_purchase_floors":[5,30,30],"current_hp_per_floor":[72,72,72,72,72,72,65,65,65,65,65,53,53,53,53,13,72,64,51,51,34,34,35,35,35,35,29,24,24,24,27,27,0,0],"gold":161,"neow_bonus":"THREE_ENEMY_KILL","is_daily":false,"chose_seed":false,"campfire_upgraded":3,"win_rate":0.0,"timestamp":1611181022,"path_taken":["M","?","M","?","$","R","?","E","T","M","R","M","M","?","R","BOSS","M","?","?","M","?","E","R","?","T","M","M","?","$","?","R","BOSS"],"items_purchased_type":["Card","Relic","Card"],"build_version":"2020-12-22","purchased_purges":0,"victory":false,"max_hp_per_floor":[72,72,72,72,72,72,72,72,72,72,72,72,72,72,72,72,72,72,77,77,77,77,78,78,78,78,79,80,80,80,83,83,83,83],"card_choices":[{"not_picked":["MarkedMod:Acupuncture","Consecrate"],"picked":"FollowUp","floor":1},{"not_picked":["MarkedMod:Acupuncture","EmptyMind"],"picked":"EmptyBody","floor":3},{"not_picked":["Replay:BluntJabs","MarkedMod:FirstStrike"],"picked":"LikeWater","floor":8},{"not_picked":["FollowUp","EmptyMind","EmptyBody"],"picked":"SKIP","floor":10},{"not_picked":["Crescendo","MarkedMod:Acupuncture","FlyingSleeves"],"picked":"SKIP","floor":12},{"not_picked":["EmptyFist","MarkedMod:FirstStrike"],"picked":"Evaluate","floor":13},{"not_picked":["Establishment","Omniscience"],"picked":"MarkedMod:NorthStar","floor":16},{"not_picked":["EmptyMind+1","SashWhip"],"picked":"MarkedMod:FirstStrike","floor":18},{"not_picked":["ReplayTheSpireMod:Echoes of Time","infinitespire:TheBestDefense"],"picked":"infinitespire:NeuralNetwork","floor":20},{"not_picked":["SandsOfTime","MarkedMod:FirstStrike"],"picked":"Prostrate","floor":21},{"not_picked":["Protect+1","SashWhip","Replay:Hum"],"picked":"SKIP","floor":23},{"not_picked":["PathToVictory","Weave"],"picked":"JustLucky","floor":27},{"not_picked":["Sanctity","Halt"],"picked":"CutThroughFate","floor":28}],"player_experience":210152,"relics_obtained":[{"floor":8,"key":"Centennial Puzzle"},{"floor":9,"key":"ReplayTheSpireMod:Lightbulb"},{"floor":15,"key":"Omamori"},{"floor":23,"key":"Juzu Bracelet"},{"floor":26,"key":"CeramicFish"},{"floor":32,"key":"Replay:Baseball"}],"event_choices":[{"damage_healed":0,"gold_gain":0,"player_choice":"Got Potions","damage_taken":0,"max_hp_gain":0,"max_hp_loss":0,"event_name":"Lab","floor":2,"gold_loss":0},{"cards_removed":["Strike_P"],"damage_healed":0,"gold_gain":0,"player_choice":"Card Removal","damage_taken":0,"max_hp_gain":0,"max_hp_loss":0,"event_name":"The Cleric","floor":4,"gold_loss":50},{"cards_removed":["Defend_P"],"damage_healed":0,"gold_gain":0,"player_choice":"Card Removal","damage_taken":7,"max_hp_gain":0,"max_hp_loss":0,"event_name":"Golden Wing","floor":7,"gold_loss":0},{"damage_healed":0,"gold_gain":0,"player_choice":"Shed Blood","damage_taken":18,"max_hp_gain":5,"max_hp_loss":0,"event_name":"Forgotten Altar","floor":19,"gold_loss":0},{"damage_healed":0,"gold_gain":0,"player_choice":"Trade","damage_taken":0,"relics_obtained":["FaceOfCleric"],"max_hp_gain":0,"max_hp_loss":0,"event_name":"FaceTrader","floor":22,"gold_loss":0},{"damage_healed":0,"gold_gain":0,"player_choice":"Ignored","damage_taken":0,"max_hp_gain":0,"max_hp_loss":0,"event_name":"Vampires","floor":25,"gold_loss":0},{"damage_healed":0,"gold_gain":0,"player_choice":"Gave Potion","damage_taken":0,"relics_obtained":["Mummified Hand"],"max_hp_gain":0,"max_hp_loss":0,"event_name":"WeMeetAgain","floor":29,"gold_loss":0}],"is_beta":false,"boss_relics":[{"not_picked":["Abe\u0027s Treasure","ChewingGum"],"picked":"SlaversCollar"}],"items_purged_floors":[],"is_endless":false,"potions_floor_spawned":[1,12,21,27,28],"killed_by":"Collector","ascension_level":0}}