{"host":"fc97bmrl7qvj4ruk","time":1611158921,"event":{"mods":["AchievementEnabler","Act Like it!","BaseMod","Colored Map","Dota2Spire","Downfall","Gensokyo","GifTheSpireLib","Hermit","Minty Spire (QoL Compilation)","Robot Space Explorer","StSLib","The Hayseed","The Vixen"],"gold_per_floor":[113,125,125,125,142,177,194,211,211,211,238,238,270,285,285,386,386,396,496,516,6,6,40,40,75,75,88,159,193,44,60,60,60,60],"floor_reached":33,"language":"ZHS","playtime":3659,"items_purged":[],"score":325,"play_id":"c2281962-3722-423a-a85c-e1a10e22044a","local_time":"20210120120841","is_ascension_mode":false,"campfire_choices":[{"data":"TheSimpletonMod:Swelter","floor":10.0,"key":"SMITH"},{"data":"TheSimpletonMod:Rake","floor":12.0,"key":"SMITH"},{"data":"TheSimpletonMod:Potatoes","floor":15.0,"key":"SMITH"},{"data":"TheSimpletonMod:Sunseed","floor":24.0,"key":"SMITH"},{"data":"TheSimpletonMod:VineRipen","floor":32.0,"key":"SMITH"}],"circlet_count":0,"master_deck":["TheSimpletonMod:Haymaker","TheSimpletonMod:ReapAndSow","TheSimpletonMod:BumperCrop","TheSimpletonMod:Rake+1","TheSimpletonMod:DoubleBarrel","TheSimpletonMod:TakeHeart","TheSimpletonMod:Swelter+1","TheSimpletonMod:Sunchoke","TheSimpletonMod:Rake","TheSimpletonMod:Potatoes+1","TheSimpletonMod:Photosynthesis","TheSimpletonMod:SlashAndBurn","TheSimpletonMod:Potatoes","TheSimpletonMod:Sunseed+1","TheSimpletonMod:Mulch","TheSimpletonMod:ControlledBurn","TheSimpletonMod:BuzzBomb","TheSimpletonMod:Asparagus","TheSimpletonMod:Thresh","TheSimpletonMod:PestManagement+1","TheSimpletonMod:SpiceUp","TheSimpletonMod:Swelter+1","Gensokyo:BlemishedSteel","Gensokyo:GapWoman","TheSimpletonMod:ResearchGrant","TheSimpletonMod:CropRotation+1","TheSimpletonMod:StockTheCellar+1","TheSimpletonMod:VineRipen+1","TheSimpletonMod:DoubleBarrel","TheSimpletonMod:Innovate"],"relics":["TheSimpletonMod:SpudOfTheInnocent","TheSimpletonMod:NightSoil","TheSimpletonMod:TheHarvester","NeowsBlessing","Letter Opener","Tiny Chest","Eternal Feather","TheSimpletonMod:SpudOfTheMartyr","Orichalcum","TheSimpletonMod:PicklingJar","Pandora\u0027s Box","Incense Burner","Gambling Chip","DollysMirror","Dota2Spire:EchoSabre","Dead Branch","Dota2Spire:AghanimScepter","Dota2Spire:OrchidMalevolence","Dota2Spire:PhaseBoots","Dota2Spire:CrimsonGuard","TheSimpletonMod:CashCrop","Chemical X","Dota2Spire:Butterfly"],"acts_visited":["Exordium","Gensokyo:Gensokyoer"],"potions_floor_usage":[],"damage_taken":[{"damage":0.0,"enemies":"Small Slimes","floor":1.0,"turns":1.0},{"damage":0.0,"enemies":"Jaw Worm","floor":2.0,"turns":1.0},{"damage":0.0,"enemies":"2 Louse","floor":5.0,"turns":1.0},{"damage":50.0,"enemies":"Gremlin Nob","floor":6.0,"turns":6.0},{"damage":14.0,"enemies":"Exordium Wildlife","floor":7.0,"turns":7.0},{"damage":8.0,"enemies":"2 Fungi Beasts","floor":8.0,"turns":5.0},{"damage":8.0,"enemies":"3 Sentries","floor":11.0,"turns":8.0},{"damage":5.0,"enemies":"Gremlin Nob","floor":13.0,"turns":4.0},{"damage":3.0,"enemies":"Blue Slaver","floor":14.0,"turns":4.0},{"damage":11.0,"enemies":"Slime Boss","floor":16.0,"turns":4.0},{"damage":16.0,"enemies":"Gensokyo:Chomper","floor":18.0,"turns":5.0},{"damage":0.0,"enemies":"Gensokyo:Chomper","floor":19.0,"turns":6.0},{"damage":1.0,"enemies":"Gensokyo:CosmicMonolith","floor":20.0,"turns":4.0},{"damage":20.0,"enemies":"Gensokyo:Tenshi","floor":23.0,"turns":3.0},{"damage":9.0,"enemies":"Gensokyo:Reisen","floor":25.0,"turns":6.0},{"damage":1.0,"enemies":"Gensokyo:Slime_Group","floor":27.0,"turns":4.0},{"damage":9.0,"enemies":"Gensokyo:Tenshi","floor":29.0,"turns":7.0},{"damage":14.0,"enemies":"Gensokyo:Wraith","floor":31.0,"turns":4.0},{"damage":0,"enemies":"Gensokyo:Eternal_Rivals","floor":33,"turns":1}],"seed_played":"-1011391866007584387","potions_obtained":[{"floor":6.0,"key":"FairyPotion"},{"floor":7.0,"key":"TheSimpletonMod:MoonshinePotion"},{"floor":8.0,"key":"bronze:BurnAndBuffPotion"},{"floor":13.0,"key":"Dota2Spire:Clarity"},{"floor":16.0,"key":"Ancient Potion"},{"floor":18.0,"key":"AttackPotion"},{"floor":27.0,"key":"champ:CounterPotion"},{"floor":29.0,"key":"FairyPotion"},{"floor":31.0,"key":"Fruit Juice"}],"is_trial":false,"path_per_floor":["M","M","?","?","M","E","M","M","T","R","E","R","E","M","R","B",null,"M","?","M","COS","?","E","R","E","T","M","T","E","$","M","R","B"],"character_chosen":"THE_SIMPLETON","items_purchased":["Chemical X"],"campfire_rested":0,"item_purchase_floors":[30],"current_hp_per_floor":[75,75,68,68,68,22,22,28,28,37,38,47,51,57,66,64,75,64,64,73,73,73,55,70,65,65,64,64,66,66,60,80,80,80],"gold":60,"neow_bonus":"THREE_ENEMY_KILL","is_daily":false,"chose_seed":false,"campfire_upgraded":5,"win_rate":0.0,"timestamp":1611158921,"path_taken":["M","M","?","?","M","E","M","?","T","R","E","R","E","M","R","BOSS","M","?","M","COS","?","E","R","E","T","M","?","E","?","M","R","BOSS"],"items_purchased_type":["Relic"],"build_version":"2020-12-22","purchased_purges":0,"victory":false,"max_hp_per_floor":[75,75,75,75,75,75,75,75,75,75,75,75,75,75,75,75,75,75,75,75,75,75,75,75,75,75,75,75,75,75,75,80,80,80],"card_choices":[{"not_picked":["TheSimpletonMod:SeedCoat","TheSimpletonMod:ToughenUp"],"picked":"TheSimpletonMod:BumperCrop","floor":1.0},{"not_picked":["TheSimpletonMod:DigIn","TheSimpletonMod:SeedCoat"],"picked":"TheSimpletonMod:Rake","floor":2.0},{"not_picked":["TheSimpletonMod:Potatoes","TheSimpletonMod:BumperCrop"],"picked":"TheSimpletonMod:DoubleBarrel","floor":5.0},{"not_picked":["TheSimpletonMod:Fertilaser","TheSimpletonMod:ResearchGrant"],"picked":"TheSimpletonMod:TakeHeart","floor":6.0},{"not_picked":["TheSimpletonMod:SlashAndBurn","TheSimpletonMod:SoilSample"],"picked":"TheSimpletonMod:Pruning","floor":7.0},{"not_picked":["TheSimpletonMod:ControlledBurn","TheSimpletonMod:Thresh"],"picked":"TheSimpletonMod:Swelter","floor":8.0},{"not_picked":["TheSimpletonMod:Swelter","TheSimpletonMod:CloseScrape"],"picked":"TheSimpletonMod:Sunchoke","floor":11.0},{"not_picked":["TheSimpletonMod:ToughenUp","TheSimpletonMod:PestManagement"],"picked":"TheSimpletonMod:Rake","floor":13.0},{"not_picked":["TheSimpletonMod:DoubleBarrel","TheSimpletonMod:Innovate"],"picked":"TheSimpletonMod:Potatoes","floor":14.0},{"not_picked":["TheSimpletonMod:Biorefinement","TheSimpletonMod:Asparagus"],"picked":"TheSimpletonMod:Photosynthesis","floor":16.0},{"not_picked":["TheSimpletonMod:ControlledBurn","TheSimpletonMod:Aerate"],"picked":"TheSimpletonMod:PestManagement+1","floor":18.0},{"not_picked":["TheSimpletonMod:KeenEdge","TheSimpletonMod:Fertilaser+1"],"picked":"TheSimpletonMod:SpiceUp","floor":19.0},{"not_picked":["TheSimpletonMod:SaladShooter","TheSimpletonMod:Potatoes"],"picked":"TheSimpletonMod:Swelter+1","floor":20.0},{"not_picked":["TheSimpletonMod:HitTheSack","TheSimpletonMod:Sunchoke+1"],"picked":"TheSimpletonMod:CropRotation+1","floor":23.0},{"not_picked":["TheSimpletonMod:Potatoes","TheSimpletonMod:ControlledBurn"],"picked":"TheSimpletonMod:StockTheCellar+1","floor":25.0},{"not_picked":["TheSimpletonMod:Corn","TheSimpletonMod:Potatoes"],"picked":"TheSimpletonMod:VineRipen","floor":27.0},{"not_picked":["TheSimpletonMod:PestManagement","TheSimpletonMod:Corn"],"picked":"TheSimpletonMod:DoubleBarrel","floor":29.0},{"not_picked":["TheSimpletonMod:Potatoes","TheSimpletonMod:Ferment"],"picked":"TheSimpletonMod:Innovate","floor":31.0}],"player_experience":210149,"relics_obtained":[{"floor":6.0,"key":"Eternal Feather"},{"floor":9.0,"key":"TheSimpletonMod:SpudOfTheMartyr"},{"floor":11.0,"key":"Orichalcum"},{"floor":13.0,"key":"TheSimpletonMod:PicklingJar"},{"floor":19.0,"key":"Incense Burner"},{"floor":19.0,"key":"Gambling Chip"},{"floor":23.0,"key":"Dota2Spire:EchoSabre"},{"floor":25.0,"key":"Dead Branch"},{"floor":26.0,"key":"Dota2Spire:AghanimScepter"},{"floor":28.0,"key":"Dota2Spire:OrchidMalevolence"},{"floor":29.0,"key":"TheSimpletonMod:CashCrop"}],"event_choices":[{"damage_healed":0.0,"max_hp_gain":0.0,"max_hp_loss":0.0,"gold_gain":0.0,"event_name":"Scrap Ooze","player_choice":"Success","floor":3.0,"gold_loss":0.0,"damage_taken":7.0,"relics_obtained":["Letter Opener"]}],"is_beta":false,"boss_relics":[{"not_picked":["Calling Bell","TheSimpletonMod:GourdCharm"],"picked":"Pandora\u0027s Box"}],"items_purged_floors":[],"is_endless":false,"potions_floor_spawned":[6,7,8,13,16,18,27,29,31],"killed_by":"Gensokyo:Eternal_Rivals","ascension_level":0}}