{"host":"00tqcjwpycel7e54","time":1611150982,"event":{"mods":["ATMod(阿瑾Mod)","Act Like it!","Aspiration","BaseMod","Colored Powertips","Gensokyo","Hallownest","Hermit","Highlight Path","Hubris","Koishi","LagranYue(拉格朗・月)","Lobotomy","Luminous","Marisa（F雨　魔理沙）","Minty Spire (QoL Compilation)","Pale of the Ancients","Remilia（蕾米莉亚）","Robot Space Explorer","SOS（斯巴达之子）","Shop Mod","Spicy Shops","StSLib","The Administrix","The Animator","The Bug Knight","The Construct","The Cursed","The Gatherer","The Hierophant","The Jungle","The Mystic","The Runesmith","The Servant 0.9.4","Youmu（魂魄妖梦）","Yuyuko","[IsaacMod]以撒尖塔","vexMod","【遗物卡牌】REMEMod"],"gold_per_floor":[110,110,110,110,123,123,123],"floor_reached":6,"language":"ZHS","playtime":219,"items_purged":[],"score":68,"play_id":"3b43ea33-a98b-4aac-9274-4b89cb9c312c","local_time":"20210120215622","is_ascension_mode":true,"campfire_choices":[],"circlet_count":0,"master_deck":["AscendersBane","Strike_R","Strike_R","Strike_R","Strike_R","Strike_R","Defend_R","Defend_R","Defend_R","Defend_R","Bash","BettingIsNotGood","Rampage","Injury","AT_IchimonjiDouble"],"relics":["Burning Blood","AT_ATBox","REME_ComplimentaryCards","HushsDoor","KeepersGift","LagranYue:RandomDrawCardRelic","aspiration:Nostalgia","TheCursedMod:BlackMagic101","hubris:Towel","Golden Idol"],"acts_visited":["Exordium"],"potions_floor_usage":[6],"damage_taken":[{"damage":21,"enemies":"Jaw Worm","floor":1,"turns":7},{"damage":10,"enemies":"Small Slimes","floor":5,"turns":4},{"damage":57,"enemies":"Lagavulin","floor":6,"turns":7}],"seed_played":"981049458768830159","potions_obtained":[{"floor":5,"key":"EssenceOfSteel"}],"is_trial":false,"path_per_floor":["M","?","$","?","M","E"],"character_chosen":"IRONCLAD","items_purchased":[],"campfire_rested":0,"item_purchase_floors":[],"current_hp_per_floor":[53,53,53,53,49,0,0],"gold":123,"neow_bonus":"NOSTALGIA","is_daily":false,"chose_seed":false,"campfire_upgraded":0,"win_rate":0.0,"timestamp":1611150982,"path_taken":["M","?","?","?","M","E"],"items_purchased_type":[],"build_version":"2020-12-22","purchased_purges":0,"victory":false,"max_hp_per_floor":[75,75,75,75,75,75,75],"card_choices":[{"not_picked":[],"picked":"BettingIsNotGood","floor":0},{"not_picked":["Carnage","Body Slam"],"picked":"Rampage","floor":1},{"not_picked":["Havoc","hubris:ReadiedAction"],"picked":"AT_IchimonjiDouble","floor":5}],"player_experience":672230,"relics_obtained":[],"event_choices":[{"damage_healed":0,"gold_gain":0,"player_choice":"Take Wound","damage_taken":0,"relics_obtained":["Golden Idol"],"max_hp_gain":0,"max_hp_loss":0,"event_name":"Golden Idol","floor":4,"gold_loss":0,"cards_obtained":["Injury"]}],"is_beta":false,"boss_relics":[],"items_purged_floors":[],"is_endless":false,"potions_floor_spawned":[5],"killed_by":"Lagavulin","ascension_level":20}}