{"host":"cxvb37eaaiijvrl4","time":1611109112,"event":{"mods":["ATMod(°¢èªMod)","BaseMod","Better Third Choice","Minty Spire (QoL Compilation)","MostiFishMod","Quick Restart","Rare Cards Sparkle","Shop Mod","Spicy Shops","StSLib","TestMod","Uncapped","²ÐÁôÖ®Îï"],"gold_per_floor":[117,117,135,145,161,192,206,207,207],"floor_reached":8,"language":"ZHS","playtime":233,"items_purged":[],"score":120,"play_id":"7c1a3680-07e4-4500-b473-135399b90219","local_time":"20210119181832","is_ascension_mode":true,"campfire_choices":[],"circlet_count":0,"master_deck":["AscendersBane","Strike_G","Strike_G","Strike_G","Strike_G","Strike_G","Defend_G","Defend_G","Defend_G","Defend_G","Defend_G","Survivor","Neutralize","AT_WindFlip","Noxious Fumes","AT_TinkerSharpsword","Tactician"],"relics":["Ring of the Snake","testmod-TestBox","DaveBox","AT_ATBox","ChiXiaoBlade","testmod-DeterminationOfClimber","NeowsBlessing","SynthV:TestCard","AT_SpeedBoots"],"acts_visited":["Exordium"],"potions_floor_usage":[2,6,6],"damage_taken":[{"damage":0,"enemies":"Cultist","floor":1,"turns":1},{"damage":0,"enemies":"2 Louse","floor":3,"turns":1},{"damage":0,"enemies":"Jaw Worm","floor":4,"turns":1},{"damage":1,"enemies":"Large Slime","floor":5,"turns":5},{"damage":53,"enemies":"Gremlin Nob","floor":6,"turns":5},{"damage":0,"enemies":"2 Fungi Beasts","floor":7,"turns":2},{"damage":0,"enemies":"3 Sentries","floor":8,"turns":2}],"seed_played":"-2489244156265772210","potions_obtained":[{"floor":2,"key":"LiquidMemories"},{"floor":2,"key":"testmod-SpacePotion"},{"floor":5,"key":"Swift Potion"}],"is_trial":false,"path_per_floor":["M","?","M","M","M","E","M","E"],"character_chosen":"THE_SILENT","items_purchased":[],"campfire_rested":0,"item_purchase_floors":[],"current_hp_per_floor":[59,59,60,60,60,10,11,12,12],"gold":207,"neow_bonus":"THREE_ENEMY_KILL","is_daily":false,"chose_seed":false,"campfire_upgraded":0,"win_rate":0.0,"timestamp":1611109112,"path_taken":["M","?","M","M","M","E","M","E"],"items_purchased_type":[],"build_version":"2020-12-22","purchased_purges":0,"victory":false,"max_hp_per_floor":[66,66,66,66,66,66,66,66,66],"card_choices":[{"not_picked":["Outmaneuver","All Out Attack","Heel Hook"],"picked":"SKIP","floor":1},{"not_picked":["Deadly Poison","Underhanded Strike","Prepared","Blur","All Out Attack"],"picked":"SKIP","floor":3},{"not_picked":["Distraction","Quick Slash","MostiFishMod:ThornCasing","Masterful Stab"],"picked":"Noxious Fumes","floor":4},{"not_picked":["Underhanded Strike","Slice","Eviscerate","MostiFishMod:PerfectParry","Bane"],"picked":"SKIP","floor":5},{"not_picked":["Underhanded Strike","MostiFishMod:PerfectParry","All Out Attack","Bane"],"picked":"AT_TinkerSharpsword","floor":6},{"not_picked":["MostiFishMod:PerfectParry","AT_KneejerkReflex","Slice","AT_KingSlayer"],"picked":"Tactician","floor":7}],"player_experience":696106,"relics_obtained":[{"floor":1,"key":"SynthV:TestCard"},{"floor":6,"key":"AT_SpeedBoots"}],"event_choices":[{"damage_healed":0,"gold_gain":0,"player_choice":"Got Potions","damage_taken":0,"max_hp_gain":0,"max_hp_loss":0,"event_name":"Lab","floor":2,"gold_loss":0}],"is_beta":false,"boss_relics":[],"items_purged_floors":[],"is_endless":false,"potions_floor_spawned":[4,5],"killed_by":"3 Sentries","ascension_level":20}}