{"host":"70zhvo5nwrhp1mbg","time":1611185057,"event":{"mods":["BaseMod","Colored Map","Colored Powertips","Highlight Path","Minty Spire (QoL Compilation)","Rare Cards Sparkle","StSLib"],"gold_per_floor":[117,194,49,49,68,109,109,109,133,172,190,203,203,218,218,347,347,360,60,73,86,86,86,120,120,120,120,120,130,149,160,160,257,257,270,116,116,129,149,149,162,162,162,162,172,182,182,201,201,201,201],"floor_reached":50,"language":"ENG","playtime":4573,"items_purged":[],"score":676,"play_id":"ab9a89c6-ded7-4511-84de-d93b57764554","local_time":"20210120182417","is_ascension_mode":true,"campfire_choices":[{"data":"Havoc","floor":7.0,"key":"SMITH"},{"data":"Demon Form","floor":13.0,"key":"SMITH"},{"data":"Spot Weakness","floor":15.0,"key":"SMITH"},{"data":"Reaper","floor":23.0,"key":"SMITH"},{"data":"Infernal Blade","floor":27,"key":"SMITH"},{"data":"Heavy Blade","floor":32,"key":"SMITH"},{"floor":40,"key":"REST"},{"floor":42,"key":"REST"},{"floor":49,"key":"REST"}],"circlet_count":0,"master_deck":["Strike_R","Strike_R","Strike_R","Defend_R","Defend_R","Defend_R","Defend_R","Bash","Infernal Blade+1","Flex","Clothesline","Shrug It Off","Pommel Strike","Battle Trance","Injury","Havoc+1","Pommel Strike","Warcry","Demon Form+1","Spot Weakness+1","Reaper+1","Sword Boomerang","Ghostly Armor+1","Evolve","Cleave+1","Cleave","Heavy Blade+1","Headbutt+1","True Grit+1","Feed","Anger+1","Dropkick+1","Ghostly Armor","Flex+1","Perfected Strike+1"],"relics":["Burning Blood","NeowsBlessing","Self Forming Clay","Orrery","Bloody Idol","Ancient Tea Set","MealTicket","Anchor","Empty Cage","Bag of Preparation","Orichalcum","Nunchaku","Runic Pyramid","ClockworkSouvenir","Pantograph"],"acts_visited":["Exordium","TheCity","TheBeyond"],"potions_floor_usage":[31,33,35,35,46,46],"damage_taken":[{"damage":0.0,"enemies":"Cultist","floor":1.0,"turns":1.0},{"damage":0.0,"enemies":"Small Slimes","floor":5.0,"turns":1.0},{"damage":0.0,"enemies":"3 Sentries","floor":6.0,"turns":2.0},{"damage":19.0,"enemies":"Lagavulin","floor":10.0,"turns":5.0},{"damage":0.0,"enemies":"2 Louse","floor":11.0,"turns":2.0},{"damage":0.0,"enemies":"Exordium Wildlife","floor":12.0,"turns":2.0},{"damage":1.0,"enemies":"Looter","floor":14.0,"turns":2.0},{"damage":47.0,"enemies":"The Guardian","floor":16.0,"turns":11.0},{"damage":24.0,"enemies":"Spheric Guardian","floor":18.0,"turns":5.0},{"damage":0.0,"enemies":"Chosen","floor":20.0,"turns":4.0},{"damage":45.0,"enemies":"Snake Plant","floor":21.0,"turns":5.0},{"damage":8,"enemies":"Gremlin Leader","floor":24,"turns":3},{"damage":0,"enemies":"Cultist and Chosen","floor":29,"turns":4},{"damage":23,"enemies":"Snecko","floor":30,"turns":4},{"damage":32,"enemies":"Sentry and Sphere","floor":31,"turns":5},{"damage":98,"enemies":"Collector","floor":33,"turns":8},{"damage":4,"enemies":"Orb Walker","floor":35,"turns":3},{"damage":29,"enemies":"3 Darklings","floor":38,"turns":5},{"damage":92,"enemies":"Maw","floor":39,"turns":9},{"damage":14,"enemies":"Sphere and 2 Shapes","floor":41,"turns":5},{"damage":3,"enemies":"Transient","floor":45,"turns":5},{"damage":81,"enemies":"Maw","floor":46,"turns":10},{"damage":5,"enemies":"Sphere and 2 Shapes","floor":48,"turns":3},{"damage":135,"enemies":"Awakened One","floor":50,"turns":10}],"seed_played":"-4608817251824931133","potions_obtained":[{"floor":1.0,"key":"SmokeBomb"},{"floor":5.0,"key":"BloodPotion"},{"floor":10.0,"key":"EssenceOfSteel"},{"floor":11.0,"key":"LiquidBronze"},{"floor":21.0,"key":"Regen Potion"},{"floor":24,"key":"BlessingOfTheForge"},{"floor":31,"key":"SkillPotion"},{"floor":33,"key":"HeartOfIron"},{"floor":39,"key":"LiquidMemories"},{"floor":41,"key":"Dexterity Potion"},{"floor":48,"key":"ElixirPotion"}],"is_trial":false,"path_per_floor":["M","T","$","?","M","E","R","?","T","E","M","M","R","M","R","B",null,"M","$","M","M","?","R","E","?","T","R","?","M","M","M","R","B",null,"M","$","?","M","M","R","M","R","T","?","M","M","?","M","R","B"],"character_chosen":"IRONCLAD","items_purchased":["Orrery","Ghostly Armor","Bag of Preparation","Evolve","ClockworkSouvenir"],"campfire_rested":3,"item_purchase_floors":[3,19,19,19,36],"current_hp_per_floor":[78,78,78,78,80,80,80,85,85,72,78,84,84,85,85,61,79,75,85,85,52,80,80,78,78,78,78,78,85,85,73,73,24,70,81,85,85,85,20,45,45,71,71,71,88,37,37,43,70,0,0],"gold":201,"neow_bonus":"THREE_ENEMY_KILL","is_daily":false,"chose_seed":false,"campfire_upgraded":6,"win_rate":0.0,"timestamp":1611185057,"path_taken":["M","?","?","?","M","E","R","?","T","E","M","?","R","M","R","BOSS","M","$","M","M","?","R","E","?","T","R","?","M","M","M","R","BOSS","M","$","?","?","M","R","M","R","T","?","M","M","?","M","R","BOSS"],"items_purchased_type":["Relic","Card","Relic","Card","Relic"],"build_version":"2020-12-22","purchased_purges":0,"victory":false,"max_hp_per_floor":[80,80,80,80,80,80,80,85,85,85,85,85,85,85,85,85,85,85,85,85,85,85,85,85,85,85,85,85,85,85,85,85,85,85,85,85,85,85,85,85,88,88,88,88,88,91,91,91,91,91,91],"card_choices":[{"not_picked":["Intimidate","Heavy Blade"],"picked":"Infernal Blade","floor":1.0},{"not_picked":["Warcry","Perfected Strike"],"picked":"Flex","floor":3.0},{"not_picked":["Sentinel","Double Tap"],"picked":"Clothesline","floor":3.0},{"not_picked":["True Grit","Cleave"],"picked":"Shrug It Off","floor":3.0},{"not_picked":["Double Tap","Body Slam"],"picked":"Pommel Strike","floor":3.0},{"not_picked":["Headbutt","Reckless Charge"],"picked":"Battle Trance","floor":3.0},{"not_picked":["Armaments","Body Slam"],"picked":"Havoc","floor":5.0},{"not_picked":["Clothesline","Second Wind"],"picked":"Pommel Strike","floor":6.0},{"not_picked":["Bloodletting","Clothesline","Twin Strike"],"picked":"SKIP","floor":10.0},{"not_picked":["Havoc","Dark Embrace"],"picked":"Warcry","floor":11.0},{"not_picked":["Heavy Blade","Sword Boomerang"],"picked":"Demon Form","floor":12.0},{"not_picked":["Iron Wave","Burning Pact"],"picked":"Spot Weakness","floor":14.0},{"not_picked":["Barricade","Berserk"],"picked":"Reaper","floor":16.0},{"not_picked":["Second Wind","Armaments"],"picked":"Sword Boomerang","floor":18.0},{"not_picked":["Metallicize+1","Pommel Strike+1"],"picked":"Cleave+1","floor":20.0},{"not_picked":["Uppercut+1","Twin Strike"],"picked":"Cleave","floor":21.0},{"not_picked":["Armaments","Spot Weakness"],"picked":"Heavy Blade","floor":24},{"not_picked":["Pommel Strike","Combust","Cleave"],"picked":"SKIP","floor":29},{"not_picked":["Sword Boomerang","Anger"],"picked":"Headbutt+1","floor":30},{"not_picked":["Pommel Strike","Berserk"],"picked":"True Grit+1","floor":31},{"not_picked":["Demon Form","Offering"],"picked":"Feed","floor":33},{"not_picked":["Iron Wave","Armaments+1"],"picked":"Anger+1","floor":35},{"not_picked":["Twin Strike+1","Entrench"],"picked":"Dropkick+1","floor":38},{"not_picked":["Sever Soul+1","Rampage","Pommel Strike+1"],"picked":"SKIP","floor":39},{"not_picked":["Body Slam","Sentinel","Sword Boomerang"],"picked":"SKIP","floor":41},{"not_picked":["Wild Strike+1","Uppercut"],"picked":"Ghostly Armor","floor":45},{"not_picked":["True Grit","Headbutt"],"picked":"Flex+1","floor":46},{"not_picked":["Body Slam+1","Armaments+1"],"picked":"Perfected Strike+1","floor":48}],"player_experience":405383,"relics_obtained":[{"floor":2.0,"key":"Self Forming Clay"},{"floor":6.0,"key":"Ancient Tea Set"},{"floor":9.0,"key":"MealTicket"},{"floor":10.0,"key":"Anchor"},{"floor":24,"key":"Orichalcum"},{"floor":26,"key":"Nunchaku"},{"floor":43,"key":"Pantograph"}],"event_choices":[{"damage_healed":0.0,"max_hp_gain":0.0,"max_hp_loss":0.0,"gold_gain":0.0,"event_name":"Golden Idol","player_choice":"Take Wound","floor":4.0,"gold_loss":0.0,"damage_taken":0.0,"relics_obtained":["Golden Idol"],"cards_obtained":["Injury"]},{"damage_healed":0.0,"max_hp_gain":5.0,"max_hp_loss":0.0,"gold_gain":0.0,"event_name":"Big Fish","player_choice":"Donut","floor":8.0,"gold_loss":0.0,"damage_taken":0.0},{"damage_healed":28.0,"max_hp_gain":0.0,"max_hp_loss":0.0,"gold_gain":0.0,"event_name":"The Library","player_choice":"Heal","floor":22.0,"gold_loss":0.0,"damage_taken":0.0},{"damage_healed":0,"gold_gain":0,"player_choice":"Ignored","damage_taken":0,"max_hp_gain":0,"max_hp_loss":0,"event_name":"Ghosts","floor":25,"gold_loss":0},{"damage_healed":0,"gold_gain":0,"player_choice":"Gave Idol","damage_taken":0,"relics_obtained":["Bloody Idol"],"max_hp_gain":0,"max_hp_loss":0,"event_name":"Forgotten Altar","floor":28,"relics_lost":["Golden Idol"],"gold_loss":0},{"damage_healed":0,"gold_gain":0,"player_choice":"Upgraded","damage_taken":0,"max_hp_gain":0,"max_hp_loss":0,"event_name":"Upgrade Shrine","floor":37,"gold_loss":0,"cards_upgraded":["Ghostly Armor"]},{"damage_healed":0,"gold_gain":0,"player_choice":"Ignored","damage_taken":0,"max_hp_gain":0,"max_hp_loss":0,"event_name":"Mysterious Sphere","floor":44,"gold_loss":0},{"damage_healed":0,"gold_gain":0,"player_choice":"Ignored","damage_taken":0,"max_hp_gain":0,"max_hp_loss":0,"event_name":"Transmorgrifier","floor":47,"gold_loss":0}],"is_beta":false,"boss_relics":[{"not_picked":["Black Star","Cursed Key"],"picked":"Empty Cage"},{"not_picked":["Coffee Dripper","Runic Dome"],"picked":"Runic Pyramid"}],"items_purged_floors":[],"is_endless":false,"potions_floor_spawned":[1,5,10,11,21,24,31,33,39,41,48],"killed_by":"Awakened One","ascension_level":6}}