{"host":"exlsoi54q6pc3sri","time":1611150002,"event":{"mods":["2.2 Compatiblity","AchievementEnabler","Act Like it!","BaseMod","Colored Map","Colored Powertips","Downfall","Friendly Minions","GifTheSpireLib","Highlight Path","Jorbs\u0027s Wanderer Trilogy","Minty Spire (QoL Compilation)","Permanent Neow","Rare Cards Sparkle","StSLib"],"gold_per_floor":[110,35,49,66,78,78,105,105,105,105,118,131,131,131,131,233,233,252,5,5,20,37,37,71,71,96,96,126,144,163,163,163,261,261,275,121,136,151,166,179,179,179],"floor_reached":41,"language":"ENG","playtime":3820,"items_purged":["Strike_R","Pain"],"score":462,"play_id":"ebc61294-ad62-4687-a6a4-b7eaa39f28ee","local_time":"20210120134002","is_ascension_mode":false,"campfire_choices":[{"data":"Iron Wave","floor":6,"key":"SMITH"},{"data":"Reaper","floor":8,"key":"SMITH"},{"data":"Cleave","floor":10,"key":"SMITH"},{"data":"Berserk","floor":15,"key":"SMITH"},{"data":"Whirlwind","floor":23,"key":"SMITH"},{"data":"Spot Weakness","floor":27,"key":"SMITH"},{"data":"Limit Break","floor":32,"key":"SMITH"}],"circlet_count":0,"master_deck":["Strike_R","Strike_R","Defend_R","Defend_R","Defend_R","Bash","Cleave","Shrug It Off","Iron Wave+1","Cleave+1","Reaper+1","Sword Boomerang","Spot Weakness+1","Berserk+1","Feed+1","Clash+1","Whirlwind+1","Reaper","Limit Break+1","Hemokinesis","Spot Weakness+1","Writhe","Demon Form","Shrug It Off+1","Heavy Blade+1"],"relics":["Black Blood","Bag of Marbles","Red Skull","Shuriken","WarpedTongs","Empty Cage","Frozen Eye","White Beast Statue","Orichalcum","Bottled Flame","Blood Vial","ClockworkSouvenir"],"acts_visited":["Exordium","TheCity","TheBeyond"],"potions_floor_usage":[16,16,16,30,33,33,33,38,39,40,41],"damage_taken":[{"damage":8,"enemies":"Jaw Worm","floor":1,"turns":3},{"damage":2,"enemies":"Small Slimes","floor":3,"turns":2},{"damage":1,"enemies":"Cultist","floor":4,"turns":3},{"damage":3,"enemies":"Gremlin Gang","floor":5,"turns":7},{"damage":10,"enemies":"3 Sentries","floor":7,"turns":7},{"damage":3,"enemies":"Looter","floor":11,"turns":2},{"damage":0,"enemies":"Exordium Wildlife","floor":12,"turns":2},{"damage":17,"enemies":"Slime Boss","floor":16,"turns":10},{"damage":17,"enemies":"Spheric Guardian","floor":18,"turns":5},{"damage":9,"enemies":"3 Byrds","floor":21,"turns":5},{"damage":23,"enemies":"Snake Plant","floor":22,"turns":4},{"damage":22,"enemies":"Gremlin Leader","floor":24,"turns":7},{"damage":45,"enemies":"Book of Stabbing","floor":28,"turns":5},{"damage":15,"enemies":"Cultist and Chosen","floor":29,"turns":5},{"damage":19,"enemies":"Sentry and Sphere","floor":30,"turns":4},{"damage":48,"enemies":"Champ","floor":33,"turns":7},{"damage":11,"enemies":"3 Shapes","floor":35,"turns":2},{"damage":29,"enemies":"3 Darklings","floor":37,"turns":4},{"damage":59,"enemies":"Transient","floor":38,"turns":5},{"damage":14,"enemies":"Maw","floor":39,"turns":5},{"damage":47,"enemies":"Spire Growth","floor":40,"turns":5},{"damage":92,"enemies":"Nemesis","floor":41,"turns":6}],"seed_played":"-7295028317644282640","potions_obtained":[{"floor":1,"key":"SteroidPotion"},{"floor":5,"key":"Weak Potion"},{"floor":12,"key":"Weak Potion"},{"floor":24,"key":"LiquidBronze"},{"floor":28,"key":"Regen Potion"},{"floor":29,"key":"Fire Potion"},{"floor":30,"key":"SkillPotion"},{"floor":33,"key":"champ:CounterPotion"},{"floor":35,"key":"SpeedPotion"},{"floor":37,"key":"Weak Potion"},{"floor":38,"key":"Swift Potion"},{"floor":39,"key":"LiquidMemories"},{"floor":40,"key":"Explosive Potion"}],"is_trial":false,"path_per_floor":["M","$","M","M","M","R","E","R","T","R","M","M","?","?","R","B",null,"M","$","?","M","M","R","E","$","T","R","E","M","M","?","R","B",null,"M","$","M","M","M","M","E"],"character_chosen":"IRONCLAD","items_purchased":["Frozen Eye","ClockworkSouvenir"],"campfire_rested":0,"item_purchase_floors":[19,36],"current_hp_per_floor":[78,78,80,80,80,80,76,76,76,76,79,80,80,80,80,80,80,69,69,69,78,65,65,76,76,76,76,53,52,55,55,55,30,96,96,96,94,70,70,69,0,0],"gold":179,"neow_bonus":"RANDOM_COMMON_RELIC","is_daily":false,"chose_seed":false,"campfire_upgraded":7,"win_rate":0.0,"timestamp":1611150002,"path_taken":["M","$","M","M","M","R","E","R","T","R","M","M","?","?","R","BOSS","M","$","?","?","M","R","E","$","T","R","E","M","M","?","R","BOSS","M","$","M","M","M","M","E"],"items_purchased_type":["Relic","Relic"],"build_version":"2020-12-22","purchased_purges":2,"victory":false,"max_hp_per_floor":[80,80,80,80,80,80,80,80,80,80,80,80,80,80,80,80,80,80,80,80,84,84,84,84,84,84,84,84,88,92,92,92,96,96,96,96,96,96,96,96,96,96],"card_choices":[{"not_picked":["Pummel","Armaments"],"picked":"Cleave","floor":1},{"not_picked":["Armaments","Headbutt"],"picked":"Shrug It Off","floor":3},{"not_picked":["Heavy Blade","Infernal Blade"],"picked":"Iron Wave","floor":4},{"not_picked":["Feel No Pain","Power Through"],"picked":"Cleave","floor":5},{"not_picked":["Thunderclap","Armaments"],"picked":"Reaper","floor":7},{"not_picked":["Perfected Strike","Reckless Charge"],"picked":"Sword Boomerang","floor":11},{"not_picked":["Entrench","Blood for Blood"],"picked":"Spot Weakness","floor":12},{"not_picked":["Limit Break","Impervious"],"picked":"Feed","floor":16},{"not_picked":["Perfected Strike","Sword Boomerang"],"picked":"Clash+1","floor":18},{"not_picked":["Rage","Pommel Strike"],"picked":"Whirlwind","floor":21},{"not_picked":["Warcry","Ghostly Armor","Armaments"],"picked":"SKIP","floor":22},{"not_picked":["Cleave","Power Through+1"],"picked":"Reaper","floor":24},{"not_picked":["Ghostly Armor","Double Tap"],"picked":"Limit Break","floor":28},{"not_picked":["Warcry","Uppercut"],"picked":"Hemokinesis","floor":29},{"not_picked":["Dual Wield","Flex"],"picked":"Spot Weakness+1","floor":30},{"not_picked":["Juggernaut","Impervious"],"picked":"Demon Form","floor":33},{"not_picked":["Cleave+1","Sword Boomerang"],"picked":"Shrug It Off+1","floor":35},{"not_picked":["Power Through","Warcry+1"],"picked":"Heavy Blade+1","floor":37},{"not_picked":["Cleave","Power Through","Body Slam"],"picked":"SKIP","floor":38},{"not_picked":["True Grit+1","Pummel","Clash"],"picked":"SKIP","floor":39},{"not_picked":["Armaments","True Grit+1","Intimidate"],"picked":"SKIP","floor":40}],"player_experience":99656,"relics_obtained":[{"floor":7,"key":"Red Skull"},{"floor":9,"key":"Shuriken"},{"floor":24,"key":"White Beast Statue"},{"floor":26,"key":"Orichalcum"},{"floor":28,"key":"Bottled Flame"}],"event_choices":[{"damage_healed":0,"gold_gain":0,"cards_transformed":["Strike_R"],"player_choice":"Change","damage_taken":0,"max_hp_gain":0,"max_hp_loss":0,"event_name":"Living Wall","floor":13,"gold_loss":0,"cards_obtained":["Berserk"]},{"damage_healed":0,"gold_gain":0,"player_choice":"Rummage","damage_taken":0,"relics_obtained":["WarpedTongs"],"max_hp_gain":0,"max_hp_loss":0,"event_name":"Accursed Blacksmith","floor":14,"gold_loss":0,"cards_obtained":["Pain"]},{"damage_healed":0,"gold_gain":0,"player_choice":"Upgraded","damage_taken":0,"max_hp_gain":0,"max_hp_loss":0,"event_name":"Upgrade Shrine","floor":20,"gold_loss":0,"cards_upgraded":["Feed"]},{"damage_healed":0,"gold_gain":0,"player_choice":"Opened","damage_taken":0,"relics_obtained":["Blood Vial"],"max_hp_gain":0,"max_hp_loss":0,"event_name":"The Mausoleum","floor":31,"gold_loss":0,"cards_obtained":["Writhe"]}],"is_beta":false,"boss_relics":[{"not_picked":["Philosopher\u0027s Stone","Runic Dome"],"picked":"Empty Cage"},{"not_picked":["Tiny House","Runic Cube"],"picked":"Black Blood"}],"items_purged_floors":[2,19],"is_endless":false,"potions_floor_spawned":[1,5,12,24,28,29,30,33,35,37,38,39,40],"killed_by":"Nemesis","ascension_level":0}}