{"host":"nbmmy2ys5j9alw05","time":1611138868,"event":{"mods":["AchievementEnabler","BaseMod","Bestiary","Better Vampires","Colored Map","Colored Powertips","Googly Eyes","Minty Spire (QoL Compilation)","Quick Restart","StSLib","The Hierophant","The IronCluck","everything is the same but u backflip on backflip"],"gold_per_floor":[116,135,135,151,101,101,136,136,163,196,196,221,141,156,156,255,305,319,319,168,168,68,68,95,95,95,95,109,120,135,235,235,338,338,354,354,371,371,387,419,419,444,492,524,0,0,13,13,13],"floor_reached":48,"language":"ENG","playtime":2354,"items_purged":["Strike_B","Strike_B"],"score":863,"play_id":"013e11a0-bf49-4901-8002-cc101ba21af2","local_time":"20210120023428","is_ascension_mode":true,"campfire_choices":[{"data":"Zap","floor":6,"key":"SMITH"},{"data":"Machine Learning","floor":8,"key":"SMITH"},{"data":"White Noise","floor":11,"key":"SMITH"},{"data":"Blizzard","floor":15,"key":"SMITH"},{"data":"Defragment","floor":23,"key":"SMITH"},{"data":"Creative AI","floor":25,"key":"SMITH"},{"data":"Dualcast","floor":27,"key":"SMITH"},{"data":"Steam Power","floor":32,"key":"SMITH"},{"data":"Cold Snap","floor":41,"key":"SMITH"},{"data":"Electrodynamics","floor":46,"key":"SMITH"}],"circlet_count":0,"master_deck":["Defend_B","Defend_B+1","Defend_B","Defend_B","Zap+1","Dualcast+1","Cold Snap+1","Conserve Battery","Glacier+1","Machine Learning+1","White Noise+1","Blizzard+1","Creative AI+1","Steam Power+1","Defragment+1","Glacier+1","Electrodynamics+1"],"relics":["Cracked Core","Lantern","Omamori","Thread and Needle","Bird Faced Urn","Singing Bowl","Tiny House","War Paint","Gremlin Horn","Gambling Chip","Kunai","Black Star","Bottled Flame","Akabeko","Centennial Puzzle","Blue Candle","Bag of Preparation","Pantograph","Du-Vu Doll","Red Mask"],"acts_visited":["Exordium","TheCity","TheBeyond"],"potions_floor_usage":[7,7,21,24,31,33,37,40,44],"damage_taken":[{"damage":8,"enemies":"Jaw Worm","floor":1,"turns":4},{"damage":8,"enemies":"Small Slimes","floor":2,"turns":3},{"damage":0,"enemies":"Cultist","floor":4,"turns":3},{"damage":3,"enemies":"Gremlin Nob","floor":7,"turns":4},{"damage":11,"enemies":"3 Sentries","floor":10,"turns":12},{"damage":12,"enemies":"Lagavulin","floor":12,"turns":9},{"damage":0,"enemies":"Looter","floor":14,"turns":4},{"damage":4,"enemies":"Hexaghost","floor":16,"turns":13},{"damage":24,"enemies":"Chosen","floor":18,"turns":7},{"damage":0,"enemies":"2 Thieves","floor":21,"turns":1},{"damage":26,"enemies":"Slavers","floor":24,"turns":7},{"damage":18,"enemies":"Shelled Parasite and Fungi","floor":28,"turns":8},{"damage":0,"enemies":"3 Cultists","floor":29,"turns":4},{"damage":10,"enemies":"Chosen and Byrds","floor":30,"turns":14},{"damage":0,"enemies":"Colosseum Slavers","floor":31,"turns":4},{"damage":18,"enemies":"Colosseum Nobs","floor":31,"turns":7},{"damage":2,"enemies":"Collector","floor":33,"turns":13},{"damage":2,"enemies":"Orb Walker","floor":35,"turns":6},{"damage":9,"enemies":"3 Shapes","floor":37,"turns":7},{"damage":27,"enemies":"Writhing Mass","floor":39,"turns":12},{"damage":0,"enemies":"Giant Head","floor":40,"turns":14},{"damage":24,"enemies":"Nemesis","floor":42,"turns":13},{"damage":13,"enemies":"Reptomancer","floor":44,"turns":8},{"damage":39,"enemies":"4 Shapes","floor":47,"turns":4},{"damage":92,"enemies":"Giant Head","floor":48,"turns":9}],"seed_played":"-973213194647610711","potions_obtained":[{"floor":0,"key":"Fire Potion"},{"floor":0,"key":"SmokeBomb"},{"floor":0,"key":"Explosive Potion"},{"floor":2,"key":"FocusPotion"},{"floor":10,"key":"DuplicationPotion"},{"floor":16,"key":"SpeedPotion"},{"floor":29,"key":"FearPotion"},{"floor":30,"key":"AttackPotion"},{"floor":35,"key":"Swift Potion"},{"floor":39,"key":"AttackPotion"},{"floor":44,"key":"Fruit Juice"}],"is_trial":false,"path_per_floor":["M","M","?","M","?","R","E","R","T","E","R","E","?","M","R","B",null,"M","?","$","M","$","R","E","R","T","R","M","M","M","?","R","B",null,"M","?","M","?","M","E","R","E","T","E","?","R","M","E"],"character_chosen":"DEFECT","items_purchased":["Defragment"],"campfire_rested":0,"item_purchase_floors":[20],"current_hp_per_floor":[60,52,57,57,57,57,54,54,54,43,43,31,31,37,37,37,76,70,89,89,89,89,89,75,75,75,75,77,91,95,82,82,94,98,101,101,102,102,105,107,107,105,105,107,107,107,76,0,0],"gold":13,"neow_bonus":"THREE_SMALL_POTIONS","is_daily":false,"chose_seed":false,"campfire_upgraded":10,"win_rate":0.0,"timestamp":1611138868,"path_taken":["M","M","?","M","?","R","E","R","T","E","R","E","?","?","R","BOSS","M","?","$","M","$","R","E","R","T","R","M","M","?","?","R","BOSS","M","?","?","?","M","E","R","E","T","E","?","R","M","E"],"items_purchased_type":["Card"],"build_version":"2020-12-22","purchased_purges":2,"victory":false,"max_hp_per_floor":[75,75,80,80,80,80,80,80,80,80,80,80,80,82,82,82,87,89,89,89,89,89,89,89,89,89,89,91,93,95,97,97,99,99,101,101,103,103,105,107,107,107,107,114,114,114,116,116,116],"card_choices":[{"not_picked":["Fusion","Sweeping Beam"],"picked":"Cold Snap","floor":1},{"not_picked":["Rebound","Scrape"],"picked":"Conserve Battery","floor":2},{"not_picked":["Hyperbeam","Capacitor"],"picked":"Glacier","floor":4},{"not_picked":["Rebound","Barrage"],"picked":"Machine Learning","floor":7},{"not_picked":["Fusion","Heatsinks"],"picked":"White Noise","floor":10},{"not_picked":["Barrage","Cold Snap"],"picked":"Blizzard","floor":12},{"not_picked":["Hologram","Coolheaded","Sweeping Beam"],"picked":"Singing Bowl","floor":14},{"not_picked":["Electrodynamics","All For One"],"picked":"Creative AI","floor":16},{"not_picked":["Beam Cell","Compile Driver"],"picked":"Steam Power","floor":17},{"not_picked":["Tempest","Barrage","Conserve Battery+1"],"picked":"Singing Bowl","floor":18},{"not_picked":["Leap+1","Consume"],"picked":"Glacier","floor":24},{"not_picked":["Stack+1","Lockon","Cold Snap"],"picked":"Singing Bowl","floor":28},{"not_picked":["Aggregate","FTL","Rebound"],"picked":"Singing Bowl","floor":29},{"not_picked":["Leap","Gash+1","Streamline"],"picked":"Singing Bowl","floor":30},{"not_picked":["Conserve Battery","Leap","Streamline+1"],"picked":"Singing Bowl","floor":31},{"not_picked":["Reboot","Thunder Strike","Fission"],"picked":"Singing Bowl","floor":33},{"not_picked":["Coolheaded+1","Redo+1","Hologram"],"picked":"Singing Bowl","floor":35},{"not_picked":["Streamline+1","Leap+1","Sweeping Beam+1"],"picked":"Singing Bowl","floor":37},{"not_picked":["Cold Snap+1","Barrage+1","Coolheaded+1"],"picked":"Singing Bowl","floor":39},{"not_picked":["Ball Lightning+1","Leap","Barrage"],"picked":"Singing Bowl","floor":40},{"not_picked":["Loop","Thunder Strike"],"picked":"Electrodynamics","floor":42},{"not_picked":["Recycle","Leap","Redo+1"],"picked":"Singing Bowl","floor":44},{"not_picked":["Barrage","Auto Shields","Beam Cell"],"picked":"Singing Bowl","floor":47}],"player_experience":500372,"relics_obtained":[{"floor":7,"key":"Lantern"},{"floor":9,"key":"Omamori"},{"floor":10,"key":"Thread and Needle"},{"floor":12,"key":"Bird Faced Urn"},{"floor":24,"key":"War Paint"},{"floor":26,"key":"Gremlin Horn"},{"floor":31,"key":"Gambling Chip"},{"floor":31,"key":"Kunai"},{"floor":40,"key":"Bottled Flame"},{"floor":40,"key":"Akabeko"},{"floor":42,"key":"Centennial Puzzle"},{"floor":42,"key":"Blue Candle"},{"floor":43,"key":"Bag of Preparation"},{"floor":44,"key":"Pantograph"},{"floor":44,"key":"Du-Vu Doll"}],"event_choices":[{"damage_healed":0,"gold_gain":0,"player_choice":"Donut","damage_taken":0,"max_hp_gain":5,"max_hp_loss":0,"event_name":"Big Fish","floor":3,"gold_loss":0},{"cards_removed":["Strike_B"],"damage_healed":0,"gold_gain":0,"player_choice":"Card Removal","damage_taken":0,"max_hp_gain":0,"max_hp_loss":0,"event_name":"The Cleric","floor":5,"gold_loss":50},{"damage_healed":0,"gold_gain":0,"player_choice":"Paid Gold","damage_taken":0,"relics_obtained":["Singing Bowl"],"max_hp_gain":0,"max_hp_loss":0,"event_name":"WeMeetAgain","floor":13,"gold_loss":80},{"damage_healed":19,"gold_gain":0,"player_choice":"Full Heal","damage_taken":0,"max_hp_gain":0,"max_hp_loss":0,"event_name":"Wheel of Change","floor":19,"gold_loss":0},{"damage_healed":0,"gold_gain":0,"player_choice":"Fight","damage_taken":0,"max_hp_gain":0,"max_hp_loss":0,"event_name":"Colosseum","floor":31,"gold_loss":0},{"damage_healed":0,"gold_gain":0,"player_choice":"Fought Nobs","damage_taken":0,"max_hp_gain":0,"max_hp_loss":0,"event_name":"Colosseum","floor":31,"gold_loss":0},{"damage_healed":0,"gold_gain":0,"player_choice":"Upgraded","damage_taken":0,"max_hp_gain":0,"max_hp_loss":0,"event_name":"Upgrade Shrine","floor":36,"gold_loss":0,"cards_upgraded":["Glacier"]},{"cards_removed":["Strike_B"],"damage_healed":0,"gold_gain":0,"player_choice":"Removed Attack","damage_taken":0,"max_hp_gain":0,"max_hp_loss":0,"event_name":"Falling","floor":38,"gold_loss":0},{"damage_healed":0,"gold_gain":0,"player_choice":"Paid","damage_taken":0,"relics_obtained":["Red Mask"],"max_hp_gain":0,"max_hp_loss":0,"event_name":"Tomb of Lord Red Mask","floor":45,"gold_loss":524}],"is_beta":false,"boss_relics":[{"not_picked":["Nuclear Battery","Sozu"],"picked":"Tiny House"},{"not_picked":["SacredBark","Runic Pyramid"],"picked":"Black Star"}],"items_purged_floors":[20,22],"is_endless":false,"potions_floor_spawned":[2,10,16,21,29,30,35,39,44],"killed_by":"Giant Head","ascension_level":8}}