{"host":"fxrgx7wt2cpkbhka","time":1611127096,"event":{"mods":["AchievementEnabler","BaseMod","Colored Powertips","Minty Spire (QoL Compilation)","Permanent Neow","Slay-I","StSLib","Waifu the Spire"],"gold_per_floor":[213,11,23,123,134,167,181,181,181],"floor_reached":8,"language":"ENG","playtime":301,"items_purged":[],"score":84,"play_id":"098cefd4-bbcf-45b6-880f-af7a6fd5bb29","local_time":"20210119231816","is_ascension_mode":true,"campfire_choices":[],"circlet_count":0,"master_deck":["Strike_G","Strike_G","Strike_G","Strike_G","Strike_G","Defend_G","Defend_G","Defend_G","Defend_G","Defend_G","Survivor","Neutralize","Deadly Poison","Terror","Backstab"],"relics":["Ring of the Snake","Lee\u0027s Waffle","CaptainsWheel"],"acts_visited":["Exordium"],"potions_floor_usage":[7],"damage_taken":[{"damage":5,"enemies":"Jaw Worm","floor":1,"turns":7},{"damage":0,"enemies":"Cultist","floor":3,"turns":4},{"damage":4,"enemies":"2 Louse","floor":5,"turns":3},{"damage":57,"enemies":"Lagavulin","floor":6,"turns":9},{"damage":10,"enemies":"Lots of Slimes","floor":7,"turns":5},{"damage":0,"enemies":"3 Sentries","floor":8,"turns":1}],"seed_played":"1028986718845223358","potions_obtained":[{"floor":5,"key":"Weak Potion"},{"floor":6,"key":"PowerPotion"}],"is_trial":false,"path_per_floor":["M","$","M","?","M","E","M","E"],"character_chosen":"THE_SILENT","items_purchased":["Lee\u0027s Waffle","Deadly Poison"],"campfire_rested":0,"item_purchase_floors":[2,2],"current_hp_per_floor":[58,77,77,77,73,16,6,6,6],"gold":181,"neow_bonus":"HUNDRED_GOLD","is_daily":false,"chose_seed":false,"campfire_upgraded":0,"win_rate":0.0,"timestamp":1611127096,"path_taken":["M","$","M","?","M","E","?","E"],"items_purchased_type":["Relic","Card"],"build_version":"2020-12-22","purchased_purges":0,"victory":false,"max_hp_per_floor":[70,77,77,77,77,77,77,77,77],"card_choices":[{"not_picked":["Outmaneuver","Underhanded Strike","Quick Slash"],"picked":"SKIP","floor":1},{"not_picked":["Flying Knee","Deflect","Escape Plan"],"picked":"SKIP","floor":3},{"not_picked":["Infinite Blades","All Out Attack"],"picked":"Terror","floor":5},{"not_picked":["Blur","Masterful Stab"],"picked":"Backstab","floor":6},{"not_picked":["Bane","Tactician","Terror"],"picked":"SKIP","floor":7}],"player_experience":718767,"relics_obtained":[{"floor":6,"key":"CaptainsWheel"}],"event_choices":[{"damage_healed":0,"gold_gain":100,"player_choice":"Pray","damage_taken":0,"max_hp_gain":0,"max_hp_loss":0,"event_name":"Golden Shrine","floor":4,"gold_loss":0}],"is_beta":false,"boss_relics":[],"items_purged_floors":[],"is_endless":false,"potions_floor_spawned":[5,6],"killed_by":"3 Sentries","ascension_level":9}}