{"host":"y193d0agu1dp5x1y","time":1611169548,"event":{"mods":["AchievementEnabler","BaseMod","Googly Eyes","Minty Spire (QoL Compilation)"],"gold_per_floor":[116,116,136,136,136,136,166,166,192,205,85,146,207,240,240,240,240],"floor_reached":16,"language":"ENG","playtime":618,"items_purged":["Strike_B"],"score":118,"play_id":"38be585b-34f9-47c7-9519-ff4b4127df6d","local_time":"20210120130548","is_ascension_mode":true,"campfire_choices":[{"data":"Zap","floor":6.0,"key":"SMITH"},{"floor":8.0,"key":"REST"},{"floor":15,"key":"REST"}],"circlet_count":0,"master_deck":["Strike_B","Strike_B","Strike_B","Defend_B","Defend_B","Defend_B","Defend_B","Zap+1","FTL","Gash","Conserve Battery","Leap","Redo","Gash","Gash"],"relics":["SlaversCollar","SsserpentHead","Art of War","Omamori","Ginger"],"acts_visited":["Exordium"],"potions_floor_usage":[14,14],"damage_taken":[{"damage":2.0,"enemies":"Small Slimes","floor":1.0,"turns":4.0},{"damage":0.0,"enemies":"Cultist","floor":3.0,"turns":2.0},{"damage":0.0,"enemies":"Jaw Worm","floor":4.0,"turns":1.0},{"damage":38.0,"enemies":"Gremlin Nob","floor":7.0,"turns":5.0},{"damage":19.0,"enemies":"Gremlin Gang","floor":10.0,"turns":6.0},{"damage":9.0,"enemies":"Lots of Slimes","floor":12.0,"turns":6.0},{"damage":2.0,"enemies":"2 Fungi Beasts","floor":13.0,"turns":5.0},{"damage":12,"enemies":"Lagavulin","floor":14,"turns":6},{"damage":41,"enemies":"Hexaghost","floor":16,"turns":8}],"seed_played":"-6170800428871683137","potions_obtained":[{"floor":1.0,"key":"Fire Potion"},{"floor":3.0,"key":"SmokeBomb"},{"floor":12.0,"key":"Block Potion"},{"floor":13.0,"key":"DuplicationPotion"}],"is_trial":false,"path_per_floor":["M","?","M","M","?","R","E","R","T","M","$","M","M","E","R","B"],"character_chosen":"DEFECT","items_purchased":["Leap"],"campfire_rested":2,"item_purchase_floors":[11],"current_hp_per_floor":[73,73,73,73,73,73,35,57,57,38,38,29,27,15,37,0,0],"gold":240,"neow_bonus":"BOSS_RELIC","is_daily":false,"chose_seed":false,"campfire_upgraded":1,"win_rate":0.0,"timestamp":1611169548,"path_taken":["M","?","?","M","?","R","E","R","T","M","$","?","?","E","R","BOSS"],"items_purchased_type":["Card"],"build_version":"2020-12-22","purchased_purges":1,"victory":false,"max_hp_per_floor":[75,75,75,75,75,75,75,75,75,75,75,75,75,75,75,75,75],"card_choices":[{"not_picked":["Static Discharge","Blizzard"],"picked":"FTL","floor":1.0},{"not_picked":["Barrage","Steam"],"picked":"Gash","floor":3.0},{"not_picked":["Sunder","Beam Cell"],"picked":"Conserve Battery","floor":7.0},{"not_picked":["Consume","Loop","Blizzard"],"picked":"SKIP","floor":10.0},{"not_picked":["Leap","Self Repair"],"picked":"Redo","floor":12.0},{"not_picked":["Sweeping Beam","Loop"],"picked":"Gash","floor":13.0},{"not_picked":["Redo","Blizzard"],"picked":"Gash","floor":14}],"player_experience":138308,"relics_obtained":[{"floor":7.0,"key":"Art of War"},{"floor":9.0,"key":"Omamori"},{"floor":14,"key":"Ginger"}],"event_choices":[{"cards_removed":["Dualcast"],"damage_healed":0.0,"max_hp_gain":0.0,"max_hp_loss":0.0,"gold_gain":0.0,"event_name":"Purifier","player_choice":"Purged","floor":2.0,"gold_loss":0.0,"damage_taken":0.0},{"damage_healed":0.0,"max_hp_gain":0.0,"max_hp_loss":0.0,"gold_gain":0.0,"event_name":"FaceTrader","player_choice":"Trade","floor":5.0,"gold_loss":0.0,"damage_taken":0.0,"relics_obtained":["SsserpentHead"]}],"is_beta":false,"boss_relics":[],"items_purged_floors":[11],"is_endless":false,"potions_floor_spawned":[1,3,12,13],"killed_by":"Hexaghost","ascension_level":1}}