{"host":"9v3x998ddbx8o276","time":1611108251,"event":{"mods":["AchievementEnabler","BaseMod","Colored Map","Colored Powertips","Highlight Path","Minty Spire (QoL Compilation)","Quick Restart","Rare Cards Sparkle"],"gold_per_floor":[360,360,376,386,403,403,403,432,432,432,3,14,14,14,14,143,143,156,156,156,156,139,139,177,177,177,177,177],"floor_reached":27,"language":"ENG","playtime":774,"items_purged":["Decay"],"score":321,"play_id":"f7261c27-88c0-43c8-a839-35f8f63c0409","local_time":"20210120123411","is_ascension_mode":true,"campfire_choices":[{"data":"Bash","floor":6,"key":"SMITH"},{"floor":10,"key":"REST"},{"data":"Apotheosis","floor":13,"key":"SMITH"},{"floor":15,"key":"REST"},{"floor":23,"key":"REST"},{"floor":25,"key":"REST"}],"circlet_count":0,"master_deck":["Strike_R","Strike_R","Strike_R","Strike_R","Defend_R","Defend_R","Defend_R","Defend_R","Bash+1","Intimidate","Headbutt","Cleave","Feel No Pain","Rage","Apotheosis+1","Fiend Fire","Second Wind","Feed","Shrug It Off","Clothesline","Dark Embrace","Reckless Charge+1","Feed"],"relics":["Burning Blood","Orichalcum","Omamori","Membership Card","Happy Flower","Golden Idol","Calling Bell","PreservedInsect","InkBottle","Prayer Wheel","Juzu Bracelet","Blue Candle","Self Forming Clay"],"acts_visited":["Exordium","TheCity"],"potions_floor_usage":[16,18],"damage_taken":[{"damage":10,"enemies":"Cultist","floor":1,"turns":4},{"damage":10,"enemies":"Jaw Worm","floor":3,"turns":4},{"damage":5,"enemies":"2 Louse","floor":4,"turns":2},{"damage":2,"enemies":"2 Fungi Beasts","floor":5,"turns":4},{"damage":46,"enemies":"Gremlin Nob","floor":8,"turns":5},{"damage":7,"enemies":"Exordium Wildlife","floor":12,"turns":4},{"damage":22,"enemies":"Hexaghost","floor":16,"turns":9},{"damage":17,"enemies":"3 Byrds","floor":18,"turns":5},{"damage":25,"enemies":"2 Thieves","floor":22,"turns":4},{"damage":58,"enemies":"Gremlin Leader","floor":24,"turns":7},{"damage":49,"enemies":"Slavers","floor":27,"turns":3}],"seed_played":"-9101491261635795189","potions_obtained":[{"floor":1,"key":"LiquidBronze"},{"floor":4,"key":"Explosive Potion"}],"is_trial":false,"path_per_floor":["M","?","M","M","M","R","?","E","T","R","$","M","R","?","R","B",null,"M","?","?","T","M","R","E","R","T","E"],"character_chosen":"IRONCLAD","items_purchased":["Membership Card","Apotheosis","Fiend Fire","Happy Flower"],"campfire_rested":4,"item_purchase_floors":[11,11,11,11],"current_hp_per_floor":[68,68,64,65,69,69,62,22,22,46,46,45,45,25,49,33,68,61,61,61,61,42,67,19,45,45,0,0],"gold":177,"neow_bonus":"TWO_FIFTY_GOLD","is_daily":false,"chose_seed":false,"campfire_upgraded":2,"win_rate":0.0,"timestamp":1611108251,"path_taken":["M","?","M","?","M","R","?","E","T","R","$","M","R","?","R","BOSS","M","?","?","?","M","R","E","R","T","E"],"items_purchased_type":["Relic","Card","Card","Relic"],"build_version":"2020-12-22","purchased_purges":1,"victory":false,"max_hp_per_floor":[80,80,80,80,80,80,80,80,80,80,80,80,80,80,80,80,80,84,84,84,84,84,84,88,88,88,92,92],"card_choices":[{"not_picked":["True Grit","Dark Embrace"],"picked":"Intimidate","floor":1},{"not_picked":["Shrug It Off","Flex"],"picked":"Headbutt","floor":3},{"not_picked":["Juggernaut","Twin Strike"],"picked":"Cleave","floor":4},{"not_picked":["Perfected Strike","Disarm"],"picked":"Feel No Pain","floor":5},{"not_picked":["Seeing Red","Fire Breathing"],"picked":"Rage","floor":8},{"not_picked":["Bloodletting","Havoc"],"picked":"Second Wind","floor":12},{"not_picked":["Reaper","Double Tap"],"picked":"Feed","floor":16},{"not_picked":["Carnage","Sword Boomerang"],"picked":"Shrug It Off","floor":18},{"not_picked":["Ghostly Armor","Warcry"],"picked":"Clothesline","floor":18},{"not_picked":["Shrug It Off","Clothesline"],"picked":"Dark Embrace","floor":22},{"not_picked":["Flex","Thunderclap"],"picked":"Reckless Charge+1","floor":22},{"not_picked":["Reckless Charge","Sword Boomerang"],"picked":"Feed","floor":24}],"player_experience":1675255,"relics_obtained":[{"floor":8,"key":"Orichalcum"},{"floor":9,"key":"Omamori"},{"floor":17,"key":"PreservedInsect"},{"floor":17,"key":"InkBottle"},{"floor":17,"key":"Prayer Wheel"},{"floor":21,"key":"Juzu Bracelet"},{"floor":24,"key":"Blue Candle"},{"floor":26,"key":"Self Forming Clay"}],"event_choices":[{"damage_healed":0,"gold_gain":0,"player_choice":"Cursed","damage_taken":0,"max_hp_gain":0,"max_hp_loss":0,"event_name":"Wheel of Change","floor":2,"gold_loss":0,"cards_obtained":["Decay"]},{"cards_removed":["Decay"],"damage_healed":0,"gold_gain":0,"player_choice":"Card Removal","damage_taken":7,"max_hp_gain":0,"max_hp_loss":0,"event_name":"Golden Wing","floor":7,"gold_loss":0},{"damage_healed":0,"gold_gain":0,"player_choice":"Take Damage","damage_taken":20,"relics_obtained":["Golden Idol"],"max_hp_gain":0,"max_hp_loss":0,"event_name":"Golden Idol","floor":14,"gold_loss":0},{"damage_healed":0,"gold_gain":0,"player_choice":"Ignored","damage_taken":0,"max_hp_gain":0,"max_hp_loss":0,"event_name":"Ghosts","floor":19,"gold_loss":0},{"cards_removed":["Strike_R"],"damage_healed":0,"gold_gain":0,"player_choice":"Elegance","damage_taken":0,"max_hp_gain":0,"max_hp_loss":0,"event_name":"Back to Basics","floor":20,"gold_loss":0}],"is_beta":false,"boss_relics":[{"not_picked":["Black Star","Philosopher\u0027s Stone"],"picked":"Calling Bell"}],"items_purged_floors":[11],"is_endless":false,"potions_floor_spawned":[1,4],"killed_by":"Slavers","ascension_level":8}}