{"host":"y8cpnk8u7pqs5ve6","time":1611116312,"event":{"mods":["Act Like it!","BaseMod","Gold Saver","Hallownest","Hermit","Minty Spire (QoL Compilation)","Quick Restart","StSLib","The Alterego","The Cursed","The Servant 0.9.4","WarShipGirlsR/战舰少女R mod","Yakumo Yukari mod"],"gold_per_floor":[499,509,149,129,7,36,49,78,78,78,78,113,113,123,123,221,221,232,232,246,261,11,11,11,31,31,51,51,51,67,84,84,186,186,200,200,200,200,100,100,112,112,137,151,151,151],"floor_reached":45,"language":"ZHS","playtime":3308,"items_purged":["alterego_mod:Strike","alterego_mod:Strike"],"score":523,"play_id":"d19b320d-64de-425e-a5f7-c270f08009f2","local_time":"20210120121832","is_ascension_mode":false,"campfire_choices":[{"data":"alterego_mod:Pet","floor":10.0,"key":"SMITH"},{"floor":13.0,"key":"REST"},{"data":"alterego_mod:Venus","floor":15.0,"key":"SMITH"},{"data":"alterego_mod:STier","floor":23.0,"key":"SMITH"},{"data":"alterego_mod:BiFurious","floor":29.0,"key":"SMITH"},{"data":"alterego_mod:BigMeatyClaws","floor":32.0,"key":"SMITH"},{"data":"alterego_mod:Tantrum","floor":40.0,"key":"SMITH"},{"data":"alterego_mod:Palingenesis","floor":42.0,"key":"SMITH"}],"circlet_count":0,"master_deck":["alterego_mod:Strike","alterego_mod:Strike","alterego_mod:Defend","alterego_mod:Defend","alterego_mod:Defend","alterego_mod:Impale","alterego_mod:BigMeatyClaws+1","alterego_mod:BrynhildrsRune","alterego_mod:Cooking","alterego_mod:Bounce","alterego_mod:Rake","alterego_mod:DiscoLights","alterego_mod:Exercise+1","alterego_mod:DeftHands","alterego_mod:Pet+1","alterego_mod:BusterCard","alterego_mod:Venus+1","alterego_mod:STier+1","J.A.X.","alterego_mod:BiFurious+1","alterego_mod:Complex","alterego_mod:Crossover+1","alterego_mod:Palingenesis+1","alterego_mod:BiFurious+1","Flash of Steel","alterego_mod:Tantrum+1","alterego_mod:Punishment+1","alterego_mod:Undulate+1"],"relics":["alterego_mod:MasochisticConstitution","NeowsBlessing","Vajra","FossilizedHelix","Odd Mushroom","Dead Branch","Shuriken","Sozu","Bottled Flame","alterego_mod:SomeoneToFightFor","Pantograph","SlaversCollar","Orichalcum"],"acts_visited":["Exordium","TheCity","TheBeyond"],"potions_floor_usage":[],"damage_taken":[{"damage":0.0,"enemies":"Cultist","floor":1.0,"turns":1.0},{"damage":0.0,"enemies":"Jaw Worm","floor":2.0,"turns":1.0},{"damage":0.0,"enemies":"Lagavulin","floor":6.0,"turns":2.0},{"damage":0.0,"enemies":"2 Louse","floor":7.0,"turns":1.0},{"damage":21.0,"enemies":"The Mushroom Lair","floor":8.0,"turns":5.0},{"damage":26.0,"enemies":"Gremlin Nob","floor":12.0,"turns":6.0},{"damage":9.0,"enemies":"Exordium Thugs","floor":14.0,"turns":5.0},{"damage":0.0,"enemies":"Slime Boss","floor":16.0,"turns":5.0},{"damage":17.0,"enemies":"Shell Parasite","floor":18.0,"turns":4.0},{"damage":0.0,"enemies":"Spheric Guardian","floor":20.0,"turns":2.0},{"damage":8.0,"enemies":"Centurion and Healer","floor":21.0,"turns":5.0},{"damage":4.0,"enemies":"Snecko","floor":25.0,"turns":2.0},{"damage":36.0,"enemies":"Cultist and Chosen","floor":27.0,"turns":5.0},{"damage":19.0,"enemies":"Snake Plant","floor":30.0,"turns":4.0},{"damage":19.0,"enemies":"Chosen and Byrds","floor":31.0,"turns":5.0},{"damage":44.0,"enemies":"Automaton","floor":33.0,"turns":5.0},{"damage":23.0,"enemies":"Orb Walker","floor":35.0,"turns":3.0},{"damage":16.0,"enemies":"3 Darklings","floor":41.0,"turns":4.0},{"damage":18,"enemies":"Sphere and 2 Shapes","floor":44,"turns":2},{"damage":32,"enemies":"Writhing Mass","floor":45,"turns":4}],"seed_played":"7530081837909850666","potions_obtained":[{"floor":1.0,"key":"PowerPotion"},{"floor":2.0,"key":"Regen Potion"},{"floor":4.0,"key":"Explosive Potion"}],"is_trial":false,"path_per_floor":["M","M","$","?","$","E","M","?","T","R","?","E","R","M","R","B",null,"M","?","M","M","$","R","?","M","T","M","?","R","M","M","R","B",null,"M","?","$","?","$","R","M","R","T","M","M"],"character_chosen":"The_Alterego","items_purchased":["alterego_mod:Rake","Vajra","alterego_mod:DiscoLights","alterego_mod:Exercise","Bottled Flame"],"campfire_rested":1,"item_purchase_floors":[3,3,5,5,22],"current_hp_per_floor":[70,70,70,70,70,70,70,50,50,50,50,25,46,41,41,44,73,57,57,57,50,50,50,50,47,47,23,48,48,30,22,22,21,80,58,58,58,58,58,58,43,43,43,26,0,0],"gold":151,"neow_bonus":"THREE_ENEMY_KILL","is_daily":false,"chose_seed":false,"campfire_upgraded":7,"win_rate":0.0,"timestamp":1611116312,"path_taken":["M","M","$","?","?","E","M","?","T","R","?","E","R","?","R","BOSS","M","?","M","M","$","R","?","M","T","M","?","R","M","M","R","BOSS","M","?","?","?","$","R","?","R","T","M","M"],"items_purchased_type":["Card","Relic","Card","Card","Relic"],"build_version":"2020-12-22","purchased_purges":2,"victory":false,"max_hp_per_floor":[70,70,70,70,70,70,70,71,71,71,71,72,72,73,73,73,73,74,74,74,75,75,75,75,76,76,77,77,77,78,79,79,80,80,81,81,81,81,81,81,82,82,82,83,83,83],"card_choices":[{"not_picked":["alterego_mod:PresenceConcealment","alterego_mod:Complex"],"picked":"alterego_mod:Cooking","floor":1.0},{"not_picked":["alterego_mod:Maid","alterego_mod:Complex"],"picked":"alterego_mod:Bounce","floor":2.0},{"not_picked":["alterego_mod:RingBreak","alterego_mod:Exercise","alterego_mod:DustData"],"picked":"SKIP","floor":6.0},{"not_picked":["alterego_mod:Bounce","alterego_mod:Cooking"],"picked":"alterego_mod:DeftHands","floor":7.0},{"not_picked":["alterego_mod:GoddessCore","alterego_mod:Cooking"],"picked":"alterego_mod:Pet","floor":8.0},{"not_picked":["alterego_mod:Mirror","alterego_mod:Pet"],"picked":"alterego_mod:BusterCard","floor":12.0},{"not_picked":["alterego_mod:BreastValley","alterego_mod:Belts"],"picked":"alterego_mod:Venus","floor":14.0},{"not_picked":["alterego_mod:Antipathy","alterego_mod:Alter"],"picked":"alterego_mod:STier","floor":16.0},{"not_picked":["alterego_mod:Jiggle","alterego_mod:Cooking","alterego_mod:Belts"],"picked":"SKIP","floor":18.0},{"not_picked":["alterego_mod:BreastValley","alterego_mod:Table+1","alterego_mod:Exercise"],"picked":"SKIP","floor":20.0},{"not_picked":["alterego_mod:Nekomimi","alterego_mod:Skirt"],"picked":"alterego_mod:BiFurious","floor":21.0},{"not_picked":["alterego_mod:Punishment","alterego_mod:Belle","alterego_mod:Belts"],"picked":"SKIP","floor":25.0},{"not_picked":["alterego_mod:Valentines","alterego_mod:Cushion"],"picked":"alterego_mod:Complex","floor":27.0},{"not_picked":["alterego_mod:PerceptionDisorder","alterego_mod:MagicResistance","alterego_mod:BreastValley"],"picked":"SKIP","floor":30.0},{"not_picked":["alterego_mod:Smother","alterego_mod:Cycle+1"],"picked":"alterego_mod:Crossover+1","floor":31.0},{"not_picked":["alterego_mod:Rake","alterego_mod:Lift"],"picked":"alterego_mod:Palingenesis","floor":33.0},{"not_picked":["alterego_mod:GachaTicket+1","alterego_mod:Schoolgirl+1"],"picked":"alterego_mod:BiFurious+1","floor":35.0},{"not_picked":["alterego_mod:GachaTicket","alterego_mod:Crossover+1"],"picked":"alterego_mod:Punishment+1","floor":41.0},{"not_picked":["alterego_mod:Complex","alterego_mod:Bounce"],"picked":"alterego_mod:Undulate+1","floor":44}],"player_experience":224476,"relics_obtained":[{"floor":6.0,"key":"FossilizedHelix"},{"floor":8.0,"key":"Odd Mushroom"},{"floor":9.0,"key":"Dead Branch"},{"floor":12.0,"key":"Shuriken"},{"floor":26.0,"key":"Pantograph"},{"floor":43.0,"key":"Orichalcum"}],"event_choices":[{"damage_healed":0.0,"max_hp_gain":0.0,"max_hp_loss":0.0,"gold_gain":0.0,"event_name":"The Woman in Blue","player_choice":"Bought 1 Potion","floor":4.0,"gold_loss":0.0,"damage_taken":0.0},{"damage_healed":0.0,"max_hp_gain":0.0,"max_hp_loss":0.0,"gold_gain":0.0,"event_name":"Mushrooms","player_choice":"Fought Mushrooms","floor":8.0,"gold_loss":0.0,"damage_taken":0.0},{"damage_healed":0.0,"max_hp_gain":0.0,"max_hp_loss":0.0,"gold_gain":0.0,"event_name":"Living Wall","player_choice":"Grow","floor":11.0,"gold_loss":0.0,"damage_taken":0.0,"cards_upgraded":["alterego_mod:Exercise"]},{"damage_healed":0.0,"max_hp_gain":0.0,"max_hp_loss":0.0,"gold_gain":0.0,"event_name":"Drug Dealer","player_choice":"Obtain J.A.X.","floor":19.0,"gold_loss":0.0,"damage_taken":0.0,"cards_obtained":["J.A.X."]},{"damage_healed":0.0,"max_hp_gain":0.0,"max_hp_loss":0.0,"gold_gain":0.0,"event_name":"爱的神圣花园","player_choice":"Choice 2","floor":24.0,"gold_loss":0.0,"damage_taken":0.0,"relics_obtained":["alterego_mod:SomeoneToFightFor"]},{"damage_healed":25.0,"max_hp_gain":0.0,"max_hp_loss":0.0,"gold_gain":0.0,"event_name":"The Library","player_choice":"Heal","floor":28.0,"gold_loss":0.0,"damage_taken":0.0},{"cards_removed":["alterego_mod:Defend"],"damage_healed":0.0,"max_hp_gain":0.0,"max_hp_loss":0.0,"gold_gain":0.0,"event_name":"Bonfire Elementals","player_choice":"Offered Basic","floor":36.0,"gold_loss":0.0,"damage_taken":0.0},{"damage_healed":0.0,"max_hp_gain":0.0,"max_hp_loss":0.0,"gold_gain":0.0,"event_name":"Match and Keep!","player_choice":"2 cards matched","floor":38.0,"gold_loss":0.0,"damage_taken":0.0,"cards_obtained":["Flash of Steel","alterego_mod:Tantrum"]}],"is_beta":false,"boss_relics":[{"not_picked":["Pandora\u0027s Box","Cursed Key"],"picked":"Sozu"},{"not_picked":["Astrolabe","Snecko Eye"],"picked":"SlaversCollar"}],"items_purged_floors":[3,39],"is_endless":false,"potions_floor_spawned":[1,2,8,12,20,25,30,33,41],"killed_by":"Writhing Mass","ascension_level":0}}