{"host":"y1oqg7uy0jc6f5mb","time":1611155388,"event":{"mods":["BaseMod","Better Altar","Better Match","Better Note","Better Sensory Stone","Better Skull","Better Third Choice","BetterRewards","Block Reminder","Colored Map","Colored Powertips","Custom Start","DeckTracker","Highlight Path","Minty Spire (QoL Compilation)","Permanent Neow","Quick Restart","Relic Sorter","Relic Stats","Shop Mod","StSLib"],"gold_per_floor":[114,114,114,139,162,196,196,209,232,182,182,225,254,272,272,272,272],"floor_reached":16,"language":"ENG","playtime":1134,"items_purged":[],"score":154,"play_id":"f9c3361d-ea81-4a2e-8706-bce571bcaf12","local_time":"20210120230948","is_ascension_mode":true,"campfire_choices":[{"data":"True Grit","floor":7,"key":"SMITH"},{"floor":11,"key":"REST"},{"data":"Armaments","floor":15,"key":"SMITH"}],"circlet_count":0,"master_deck":["Strike_R","Strike_R","Strike_R","Strike_R","Strike_R","Defend_R","Defend_R","Defend_R","Defend_R","Bash","True Grit+1","Body Slam","Battle Trance","Disarm","Armaments+1","True Grit","Disarm"],"relics":["Burning Blood","Lantern","Golden Idol","Strawberry","Boot","Pen Nib","Odd Mushroom"],"acts_visited":["Exordium"],"potions_floor_usage":[6,12,12,16,16],"damage_taken":[{"damage":5,"enemies":"Small Slimes","floor":1,"turns":4},{"damage":11,"enemies":"Cultist","floor":4,"turns":6},{"damage":8,"enemies":"Jaw Worm","floor":5,"turns":4},{"damage":25,"enemies":"Gremlin Nob","floor":6,"turns":4},{"damage":18,"enemies":"Exordium Thugs","floor":8,"turns":5},{"damage":24,"enemies":"3 Sentries","floor":12,"turns":12},{"damage":22,"enemies":"The Mushroom Lair","floor":13,"turns":6},{"damage":0,"enemies":"2 Fungi Beasts","floor":14,"turns":5},{"damage":48,"enemies":"Slime Boss","floor":16,"turns":6}],"seed_played":"3465945633190674999","potions_obtained":[{"floor":3,"key":"Strength Potion"},{"floor":3,"key":"PowerPotion"},{"floor":3,"key":"SneckoOil"},{"floor":4,"key":"Block Potion"},{"floor":6,"key":"Strength Potion"},{"floor":12,"key":"AttackPotion"}],"is_trial":false,"path_per_floor":["M","?","?","M","M","E","R","M","T","?","R","E","?","M","R","B"],"character_chosen":"IRONCLAD","items_purchased":[],"campfire_rested":1,"item_purchase_floors":[],"current_hp_per_floor":[73,73,73,68,66,54,54,42,42,42,68,50,34,40,40,0,0],"gold":272,"neow_bonus":"RANDOM_COMMON_RELIC","is_daily":false,"chose_seed":false,"campfire_upgraded":2,"win_rate":0.0,"timestamp":1611155388,"path_taken":["M","?","?","M","M","E","R","?","T","?","R","E","?","M","R","BOSS"],"items_purchased_type":[],"build_version":"2020-12-22","purchased_purges":0,"victory":false,"max_hp_per_floor":[80,80,80,80,80,87,87,87,87,87,87,87,87,87,87,87,87],"relic_stats":{"counters":[9,52],"Golden Idol":39,"Pen Nib":[2],"Boot":[0],"obtain_stats":[{"Lantern":0,"Golden Idol":2,"Strawberry":6,"Pen Nib":12,"Odd Mushroom":13,"Boot":9,"Burning Blood":0},{"Lantern":0,"Golden Idol":1,"Strawberry":4,"Pen Nib":6,"Odd Mushroom":7,"Boot":5,"Burning Blood":0},{"Lantern":0,"Golden Idol":4,"Strawberry":18,"Pen Nib":35,"Odd Mushroom":41,"Boot":23,"Burning Blood":0}],"Burning Blood":48},"card_choices":[{"not_picked":["Entrench","Warcry"],"picked":"True Grit","floor":1},{"not_picked":["Dual Wield","Warcry"],"picked":"Body Slam","floor":4},{"not_picked":["Evolve","Seeing Red"],"picked":"Battle Trance","floor":5},{"not_picked":["Headbutt","Metallicize","Warcry"],"picked":"SKIP","floor":6},{"not_picked":["Iron Wave","Havoc"],"picked":"Disarm","floor":8},{"not_picked":["Dropkick","Shockwave"],"picked":"Armaments","floor":12},{"not_picked":["Heavy Blade","Anger"],"picked":"True Grit","floor":13},{"not_picked":["Warcry","Pommel Strike"],"picked":"Disarm","floor":14}],"player_experience":107157,"relics_obtained":[{"floor":6,"key":"Strawberry"},{"floor":9,"key":"Boot"},{"floor":12,"key":"Pen Nib"},{"floor":13,"key":"Odd Mushroom"}],"event_choices":[{"damage_healed":0,"gold_gain":0,"player_choice":"Take Wound","damage_taken":0,"relics_obtained":["Golden Idol"],"max_hp_gain":0,"max_hp_loss":0,"event_name":"Golden Idol","floor":2,"gold_loss":0,"cards_obtained":["Injury"]},{"damage_healed":0,"gold_gain":0,"player_choice":"Got Potions","damage_taken":0,"max_hp_gain":0,"max_hp_loss":0,"event_name":"Lab","floor":3,"gold_loss":0},{"cards_removed":["Injury"],"damage_healed":0,"gold_gain":0,"player_choice":"Card Removal","damage_taken":0,"max_hp_gain":0,"max_hp_loss":0,"event_name":"The Cleric","floor":10,"gold_loss":50},{"damage_healed":0,"gold_gain":0,"player_choice":"Fought Mushrooms","damage_taken":0,"max_hp_gain":0,"max_hp_loss":0,"event_name":"Mushrooms","floor":13,"gold_loss":0}],"is_beta":false,"boss_relics":[],"items_purged_floors":[],"is_endless":false,"potions_floor_spawned":[4,6,8,12],"killed_by":"Slime Boss","ascension_level":8}}