{"host":"tf5skwcwe0vlu2md","time":1611142391,"event":{"mods":["BaseMod","Downfall","Highlight Path","Minty Spire (QoL Compilation)","Quick Restart","StSLib","The Hierophant"],"gold_per_floor":[116,127,202,202,54,81,95,95,118,144,174,187,187,212,212,317,317,333,353,368,368,385,420,420,445,445,472,484,484,502,54,54,156,156,169,188,93,113,130,130,130],"floor_reached":40,"playtime":2321,"items_purged":[],"score":567,"play_id":"ec9ee5bc-f073-4d09-b2f6-114e52ac1b2d","local_time":"20210120223311","is_ascension_mode":true,"campfire_choices":[{"data":"Shrug It Off","floor":8,"key":"SMITH"},{"floor":13,"key":"REST"},{"data":"Carnage","floor":15,"key":"SMITH"},{"floor":24,"key":"REST"},{"data":"Corruption","floor":29,"key":"SMITH"},{"data":"Rupture","floor":32,"key":"SMITH"}],"circlet_count":0,"master_deck":["Strike_R","Strike_R","Strike_R","Strike_R","Defend_R","Defend_R","Defend_R+1","Defend_R","Bash","Clash+1","Seeing Red+1","Uppercut","Shrug It Off+1","Carnage+1","Thunderclap","Brutality","Corruption+1","Flex+1","Sentinel+1","Clash","Heavy Blade+1","Infernal Blade+1","Dropkick+1","Twin Strike+1","Ghostly Armor+1","Rupture+1","Feed","Feed","Flex+1","Perfected Strike+1","Clash","Hemokinesis","Shrug It Off+1","Spot Weakness+1"],"relics":["Black Blood","ClockworkSouvenir","War Paint","MealTicket","Odd Mushroom","HornCleat","Lantern","Toxic Egg 2","Omamori","Blue Candle","Shuriken","Mark of Pain"],"acts_visited":["Exordium","TheCity","TheBeyond"],"potions_floor_usage":[25,25,28,30],"damage_taken":[{"damage":11,"enemies":"Jaw Worm","floor":1,"turns":4},{"damage":0,"enemies":"2 Louse","floor":2,"turns":3},{"damage":40,"enemies":"Lagavulin","floor":6,"turns":6},{"damage":0,"enemies":"Cultist","floor":7,"turns":2},{"damage":4,"enemies":"The Mushroom Lair","floor":10,"turns":5},{"damage":49,"enemies":"3 Sentries","floor":11,"turns":11},{"damage":3,"enemies":"Looter","floor":12,"turns":2},{"damage":0,"enemies":"Gremlin Nob","floor":14,"turns":3},{"damage":28,"enemies":"Hexaghost","floor":16,"turns":9},{"damage":13,"enemies":"3 Byrds","floor":18,"turns":5},{"damage":4,"enemies":"Chosen","floor":19,"turns":4},{"damage":46,"enemies":"Shelled Parasite and Fungi","floor":20,"turns":6},{"damage":21,"enemies":"Centurion and Healer","floor":22,"turns":4},{"damage":29,"enemies":"Slavers","floor":23,"turns":7},{"damage":7,"enemies":"Book of Stabbing","floor":25,"turns":3},{"damage":39,"enemies":"Slavers","floor":27,"turns":5},{"damage":11,"enemies":"Snake Plant","floor":28,"turns":3},{"damage":0,"enemies":"Snecko","floor":30,"turns":3},{"damage":69,"enemies":"Champ","floor":33,"turns":10},{"damage":18,"enemies":"3 Shapes","floor":35,"turns":5},{"damage":8,"enemies":"Orb Walker","floor":36,"turns":3},{"damage":43,"enemies":"Jaw Worm Horde","floor":38,"turns":4},{"damage":49,"enemies":"Transient","floor":39,"turns":5},{"damage":54,"enemies":"Giant Head","floor":40,"turns":5}],"seed_played":"2581334685749343333","potions_obtained":[{"floor":1,"key":"Ancient Potion"},{"floor":7,"key":"Strength Potion"},{"floor":11,"key":"Weak Potion"},{"floor":12,"key":"Slimebound:ThreeZeroPotion"},{"floor":20,"key":"FairyPotion"},{"floor":25,"key":"LiquidMemories"},{"floor":28,"key":"AttackPotion"},{"floor":38,"key":"Strength Potion"},{"floor":39,"key":"Dexterity Potion"}],"is_trial":false,"path_per_floor":["M","M","?","?","$","E","M","R","T","?","E","M","R","E","R","B",null,"M","M","M","?","M","E","R","E","T","E","M","R","M","$","R","B",null,"M","M","$","M","M","E"],"character_chosen":"IRONCLAD","items_purchased":["ClockworkSouvenir","Rupture","Shuriken","Feed","Clash","Hemokinesis"],"campfire_rested":2,"item_purchase_floors":[5,31,31,31,37,37],"current_hp_per_floor":[83,88,88,88,88,54,60,60,60,62,19,22,48,54,54,32,88,87,88,54,54,45,28,54,59,59,32,33,33,45,60,60,37,88,85,89,91,63,26,0,0],"gold":130,"neow_bonus":"TEN_PERCENT_HP_BONUS","is_daily":false,"chose_seed":false,"campfire_upgraded":4,"win_rate":0.0,"timestamp":1611142391,"path_taken":["M","M","?","?","$","E","?","R","T","?","E","M","R","E","R","BOSS","M","M","M","?","M","E","R","E","T","E","M","R","M","$","R","BOSS","M","M","?","M","M","E"],"items_purchased_type":["Relic","Card","Relic","Card","Card","Card"],"build_version":"2020-12-13","purchased_purges":0,"victory":false,"max_hp_per_floor":[88,88,88,88,88,88,88,88,88,88,88,88,88,88,88,88,88,88,88,88,88,88,88,88,88,88,88,88,88,88,88,88,88,88,91,91,91,94,94,94,94],"card_choices":[{"not_picked":["Armaments","True Grit"],"picked":"Clash","floor":1},{"not_picked":["Rupture","Perfected Strike"],"picked":"Seeing Red","floor":2},{"not_picked":["Dual Wield","Pommel Strike"],"picked":"Uppercut","floor":6},{"not_picked":["Twin Strike","Pummel"],"picked":"Shrug It Off","floor":7},{"not_picked":["Pommel Strike","Heavy Blade"],"picked":"Carnage","floor":10},{"not_picked":["Limit Break","Cleave"],"picked":"Thunderclap","floor":11},{"not_picked":["Disarm","Seeing Red","Clothesline"],"picked":"SKIP","floor":12},{"not_picked":["Iron Wave","Clothesline"],"picked":"Brutality","floor":14},{"not_picked":["Bludgeon","Barricade"],"picked":"Corruption","floor":16},{"not_picked":["Warcry","Wild Strike+1","Entrench"],"picked":"SKIP","floor":18},{"not_picked":["Clothesline","Havoc"],"picked":"Flex+1","floor":19},{"not_picked":["Shrug It Off+1","Rage"],"picked":"Sentinel+1","floor":20},{"not_picked":["Reaper","Spot Weakness"],"picked":"Clash","floor":22},{"not_picked":["Sword Boomerang","True Grit+1"],"picked":"Heavy Blade+1","floor":23},{"not_picked":["Perfected Strike","Feel No Pain+1"],"picked":"Infernal Blade+1","floor":25},{"not_picked":["Armaments+1","Warcry+1"],"picked":"Dropkick+1","floor":27},{"not_picked":["Perfected Strike","Combust"],"picked":"Twin Strike+1","floor":28},{"not_picked":["Entrench+1","Sword Boomerang"],"picked":"Ghostly Armor+1","floor":30},{"not_picked":["Limit Break+1","Impervious+1"],"picked":"Feed","floor":33},{"not_picked":["Entrench+1","Sever Soul+1"],"picked":"Flex+1","floor":35},{"not_picked":["Cleave","Anger"],"picked":"Perfected Strike+1","floor":36},{"not_picked":["Wild Strike","Fire Breathing"],"picked":"Shrug It Off+1","floor":38},{"not_picked":["Cleave","Shrug It Off+1"],"picked":"Spot Weakness+1","floor":39}],"player_experience":222040,"relics_obtained":[{"floor":6,"key":"War Paint"},{"floor":9,"key":"MealTicket"},{"floor":10,"key":"Odd Mushroom"},{"floor":11,"key":"HornCleat"},{"floor":14,"key":"Lantern"},{"floor":23,"key":"Toxic Egg 2"},{"floor":25,"key":"Omamori"},{"floor":27,"key":"Blue Candle"}],"event_choices":[{"damage_healed":0,"gold_gain":75,"player_choice":"Gained Gold","damage_taken":0,"max_hp_gain":0,"max_hp_loss":0,"event_name":"Golden Wing","floor":3,"gold_loss":0},{"damage_healed":0,"gold_gain":0,"player_choice":"Upgraded","damage_taken":0,"max_hp_gain":0,"max_hp_loss":0,"event_name":"Upgrade Shrine","floor":4,"gold_loss":0,"cards_upgraded":["Clash"]},{"damage_healed":0,"gold_gain":0,"player_choice":"Fought Mushrooms","damage_taken":0,"max_hp_gain":0,"max_hp_loss":0,"event_name":"Mushrooms","floor":10,"gold_loss":0},{"cards_removed":["Strike_R"],"damage_healed":0,"gold_gain":0,"player_choice":"Offered Basic","damage_taken":0,"max_hp_gain":0,"max_hp_loss":0,"event_name":"Bonfire Elementals","floor":21,"gold_loss":0}],"is_beta":false,"boss_relics":[{"not_picked":["Tiny House","Philosopher\u0027s Stone"],"picked":"Black Blood"},{"not_picked":["Velvet Choker","Sozu"],"picked":"Mark of Pain"}],"items_purged_floors":[],"is_endless":false,"potions_floor_spawned":[1,7,11,12,20,23,25,28,38,39],"killed_by":"Giant Head","ascension_level":3}}