{"host":"ewslc4o3o167ipk9","time":1611115383,"event":{"mods":["BaseMod","Colored Powertips","GifTheSpireLib","HexUI Lib","Minty Spire (QoL Compilation)","Quick Restart","Shop Mod","StSLib","The Bug Knight","The Trickster"],"gold_per_floor":[110,110,110,133,149,149,185,185,185,185,39,62,103,126,126,246,246,232,232,7,26,41,41,41],"floor_reached":23,"language":"ENG","playtime":2343,"items_purged":["Defend_G"],"score":201,"play_id":"2284dc49-00f9-4450-8a29-44f66dfec467","local_time":"20210119230303","is_ascension_mode":false,"campfire_choices":[{"data":"Deflect","floor":6,"key":"SMITH"},{"floor":8,"key":"REST"},{"floor":10,"key":"REST"},{"floor":15,"key":"REST"}],"circlet_count":0,"master_deck":["Strike_G","Strike_G","Strike_G","Strike_G","Defend_G","Defend_G","Defend_G","Survivor","Neutralize","Tactician","Deflect+1","Quick Slash","Dagger Throw","Adrenaline","Tactician","Reflex","Quick Slash","A Thousand Cuts","Noxious Fumes+1","Dagger Throw","Flying Knee","Blade Dance"],"relics":["Ring of the Snake","NeowsBlessing","Golden Idol","HollowMod:LifeEnderRelic","HollowMod:PaleOreRelic","Blood Vial","SacredBark","DollysMirror"],"acts_visited":["Exordium","TheCity"],"potions_floor_usage":[16,16,21],"damage_taken":[{"damage":0,"enemies":"Jaw Worm","floor":1,"turns":1},{"damage":0,"enemies":"Small Slimes","floor":4,"turns":1},{"damage":0,"enemies":"Cultist","floor":5,"turns":1},{"damage":42,"enemies":"3 Sentries","floor":7,"turns":12},{"damage":8,"enemies":"Gremlin Gang","floor":12,"turns":4},{"damage":14,"enemies":"Lagavulin","floor":13,"turns":7},{"damage":0,"enemies":"Blue Slaver","floor":14,"turns":3},{"damage":16,"enemies":"The Guardian","floor":16,"turns":15},{"damage":23,"enemies":"2 Thieves","floor":18,"turns":4},{"damage":15,"enemies":"3 Cultists","floor":21,"turns":5},{"damage":27,"enemies":"Snecko","floor":22,"turns":5},{"damage":47,"enemies":"Slavers","floor":23,"turns":3}],"seed_played":"4169806226906554456","potions_obtained":[{"floor":1,"key":"PowerPotion"},{"floor":4,"key":"Dexterity Potion"},{"floor":13,"key":"EssenceOfSteel"},{"floor":18,"key":"Strength Potion"},{"floor":21,"key":"Energy Potion"}],"is_trial":false,"path_per_floor":["M","?","?","M","M","R","E","R","T","R","$","M","E","M","R","B",null,"M","?","$","M","M","E"],"character_chosen":"THE_SILENT","items_purchased":["Tactician","DollysMirror","Regen Potion"],"campfire_rested":3,"item_purchase_floors":[11,20,20],"current_hp_per_floor":[70,53,53,53,53,53,11,32,32,53,53,45,31,33,54,40,70,47,47,47,66,41,0,0],"gold":41,"neow_bonus":"THREE_ENEMY_KILL","is_daily":false,"chose_seed":false,"campfire_upgraded":1,"win_rate":0.0,"timestamp":1611115383,"path_taken":["M","?","?","?","?","R","E","R","T","R","$","M","E","M","R","BOSS","M","?","?","M","M","E"],"items_purchased_type":["Card","Relic","Potion"],"build_version":"2020-12-22","purchased_purges":1,"victory":false,"max_hp_per_floor":[70,70,70,70,70,70,70,70,70,70,70,70,70,70,70,70,70,70,70,70,70,70,70,70],"card_choices":[{"not_picked":["Endless Agony","Skewer"],"picked":"Tactician","floor":1},{"not_picked":["Backflip","Dash"],"picked":"Quick Slash","floor":4},{"not_picked":["Slice","Flying Knee"],"picked":"Dagger Throw","floor":5},{"not_picked":["Terror","PiercingWail"],"picked":"Adrenaline","floor":7},{"not_picked":["Sucker Punch","Riddle With Holes","Slice"],"picked":"SKIP","floor":12},{"not_picked":["Footwork","Sucker Punch"],"picked":"Reflex","floor":13},{"not_picked":["Dagger Spray","Noxious Fumes"],"picked":"Quick Slash","floor":14},{"not_picked":["Burst","Bullet Time"],"picked":"A Thousand Cuts","floor":16},{"not_picked":["PiercingWail","Tactician"],"picked":"Noxious Fumes+1","floor":18},{"not_picked":["Slice","Doppelganger"],"picked":"Flying Knee","floor":21},{"not_picked":["Endless Agony","Poisoned Stab"],"picked":"Blade Dance","floor":22}],"player_experience":15954,"relics_obtained":[{"floor":7,"key":"HollowMod:LifeEnderRelic"},{"floor":9,"key":"HollowMod:PaleOreRelic"},{"floor":13,"key":"Blood Vial"}],"event_choices":[{"damage_healed":0,"gold_gain":0,"player_choice":"Take Damage","damage_taken":17,"relics_obtained":["Golden Idol"],"max_hp_gain":0,"max_hp_loss":0,"event_name":"Golden Idol","floor":2,"gold_loss":0},{"damage_healed":0,"gold_gain":0,"cards_transformed":["Strike_G"],"player_choice":"Transformed","damage_taken":0,"max_hp_gain":0,"max_hp_loss":0,"event_name":"Transmorgrifier","floor":3,"gold_loss":0,"cards_obtained":["Deflect"]},{"cards_removed":["Defend_G"],"damage_healed":0,"gold_gain":0,"player_choice":"Elegance","damage_taken":0,"max_hp_gain":0,"max_hp_loss":0,"event_name":"Back to Basics","floor":19,"gold_loss":0}],"is_beta":false,"boss_relics":[{"not_picked":["Snecko Eye","Velvet Choker"],"picked":"SacredBark"}],"items_purged_floors":[11],"is_endless":false,"potions_floor_spawned":[1,4,13,18,21],"killed_by":"Slavers","ascension_level":0}}