{"host":"hn99riirbf0lv0ml","time":1611184084,"event":{"mods":["AchievementEnabler","Act Like it!","Bard","BaseMod","Beaked The Cultist","Colored Map","Colored Powertips","Conspire","Duelist Mod","Friendly Minions","Gensokyo","GifTheSpireLib","Glutton Mod","Halation","Jorbs\u0027s Wanderer Trilogy","Mad Scientist","Marisa????????","Minty Spire (QoL Compilation)","Rare Cards Sparkle","Replay The Spire","StSLib","The Blackbeard","The Bug Knight","The Construct","The Cursed","The Disciple","The Mystic","The Runesmith","The Servant 0.9.4","The Witch"],"gold_per_floor":[119,130,27,41,61,61,75,94,166,166,177,177,177,177],"floor_reached":13,"language":"ENG","playtime":2292,"items_purged":[],"score":104,"play_id":"364111c1-4121-4d97-bef9-134b52c038b3","local_time":"20210120180804","is_ascension_mode":false,"campfire_choices":[{"floor":6,"key":"REST"},{"floor":10,"key":"REST"}],"circlet_count":0,"master_deck":["MadScienceMod:Strike_MadScience","MadScienceMod:Strike_MadScience","MadScienceMod:Strike_MadScience","MadScienceMod:Strike_MadScience","MadScienceMod:Defend_MadScience","MadScienceMod:Defend_MadScience","MadScienceMod:Defend_MadScience","MadScienceMod:Defend_MadScience","MadScienceMod:PoweredStrike","MadScienceMod:HideBehindJunk","MadScienceMod:AcidSpray","MadScienceMod:ShrinkRay","MadScienceMod:Redesign","MadScienceMod:Refuel","MadScienceMod:FlameThrower","MadScienceMod:Sprocket","MadScienceMod:Strafe"],"relics":["MadScienceMod:FuelTank","Gensokyo:Companionship","halation:EternalFortune"],"acts_visited":["Gensokyo:Gensokyo"],"potions_floor_usage":[5],"damage_taken":[{"damage":3,"enemies":"Gensokyo:Gryphon","floor":1,"turns":6},{"damage":4,"enemies":"Gensokyo:Python","floor":2,"turns":4},{"damage":0,"enemies":"Gensokyo:3_Fairies","floor":4,"turns":4},{"damage":37,"enemies":"Gensokyo:VengefulSpirit","floor":5,"turns":8},{"damage":52,"enemies":"Gensokyo:2_Rabbits","floor":7,"turns":8},{"damage":3,"enemies":"Gensokyo:LivingMonolith","floor":8,"turns":5},{"damage":22,"enemies":"Gensokyo:VengefulSpirit","floor":11,"turns":7},{"damage":32,"enemies":"Gensokyo:Aya","floor":13,"turns":6}],"seed_played":"-1193674776113544184","potions_obtained":[{"floor":2,"key":"BlessingOfTheForge"},{"floor":4,"key":"Fruit Juice"}],"is_trial":false,"path_per_floor":["M","M","COS","M","M","R","M","M","T","R","M","?","E"],"character_chosen":"MAD_SCIENTIST","items_purchased":[],"campfire_rested":2,"item_purchase_floors":[],"current_hp_per_floor":[79,75,75,75,43,69,17,14,14,40,18,21,0,0],"gold":177,"neow_bonus":"TEN_PERCENT_HP_BONUS","is_daily":false,"chose_seed":false,"campfire_upgraded":0,"win_rate":0.0,"timestamp":1611184084,"path_taken":["M","M","COS","M","?","R","M","M","T","R","M","?","E"],"items_purchased_type":[],"build_version":"2020-12-22","purchased_purges":0,"victory":false,"max_hp_per_floor":[82,82,82,82,87,87,87,87,87,87,87,90,90,90],"card_choices":[{"not_picked":["MadScienceMod:MakeOrBreak","MadScienceMod:FumeBlast"],"picked":"MadScienceMod:AcidSpray","floor":1},{"not_picked":["MadScienceMod:FlameCannon","MadScienceMod:NowOrNever"],"picked":"MadScienceMod:ShrinkRay","floor":2},{"not_picked":["MadScienceMod:Weaponize","MadScienceMod:ParticleBeam"],"picked":"MadScienceMod:Redesign","floor":4},{"not_picked":["MadScienceMod:EnergyBarrier","MadScienceMod:MechanicalClaw"],"picked":"MadScienceMod:Refuel","floor":5},{"not_picked":["MadScienceMod:NowOrNever","MadScienceMod:MechanicalClaw"],"picked":"MadScienceMod:FlameThrower","floor":7},{"not_picked":["MadScienceMod:GattlingGun","MadScienceMod:FlammableWall"],"picked":"MadScienceMod:Sprocket","floor":8},{"not_picked":["MadScienceMod:MechanicalClaw","MadScienceMod:Tune"],"picked":"MadScienceMod:Strafe","floor":11}],"player_experience":198991,"relics_obtained":[],"event_choices":[],"is_beta":false,"boss_relics":[],"items_purged_floors":[],"is_endless":false,"potions_floor_spawned":[2,4],"killed_by":"Gensokyo:Aya","ascension_level":0}}