{"host":"vyjryxuuuxkt43k4","time":1611114227,"event":{"mods":["AchievementEnabler","BaseMod","Colored Map","DeckTracker","Keyboard Shortcuts","Minty Spire (QoL Compilation)","Permanent Neow","Quick Restart","Rare Cards Sparkle","StSLib","SuperFastMode","everything is the same but u backflip on backflip"],"gold_per_floor":[114,114,114,130,140,140,172,172,172,198,198,221,221,221,221,334,334,361,388,399,417,51,51,321,344,344,344,367,380,401,401,401,505,505,529,35,49,49,149,190,190,216,216,216,231,272,272,283,283,283],"floor_reached":51,"language":"KOR","playtime":6890,"items_purged":["Strike_G","Defend_G"],"score":1083,"play_id":"015e6ad0-c8ab-4891-ad8c-925ec50071a2","local_time":"20210120124347","is_ascension_mode":true,"campfire_choices":[{"floor":6.0,"key":"REST"},{"data":"Neutralize","floor":8.0,"key":"SMITH"},{"data":"Noxious Fumes","floor":13.0,"key":"SMITH"},{"data":"Tactician","floor":15.0,"key":"SMITH"},{"data":"Grand Finale","floor":23.0,"key":"SMITH"},{"floor":27.0,"key":"REST"},{"data":"Well Laid Plans","floor":32.0,"key":"SMITH"},{"floor":41,"key":"RECALL"},{"floor":44,"key":"REST"},{"floor":47,"key":"REST"},{"floor":49,"key":"REST"}],"circlet_count":0,"master_deck":["Defend_G","Defend_G","Survivor","Neutralize+1","Tactician+1","Blade Dance+1","Blur+1","Underhanded Strike","Noxious Fumes+1","Grand Finale+1","Slice","Predator","Malaise","Dodge and Roll+1","Quick Slash","Glass Knife","Cloak And Dagger","Well Laid Plans+1","After Image","Acrobatics","Adrenaline","Prepared+1","Footwork","Acrobatics+1","Concentrate"],"relics":["Ring of the Snake","Ornamental Fan","CeramicFish","Du-Vu Doll","HoveringKite","Incense Burner","Torii","Fusion Hammer","Meat on the Bone","Bronze Scales","InkBottle","Calipers","Ancient Tea Set"],"acts_visited":["Exordium","TheCity","TheBeyond"],"potions_floor_usage":[48,50,50],"damage_taken":[{"damage":8.0,"enemies":"Jaw Worm","floor":1.0,"turns":4.0},{"damage":0.0,"enemies":"2 Louse","floor":4.0,"turns":3.0},{"damage":0.0,"enemies":"Small Slimes","floor":5.0,"turns":3.0},{"damage":8.0,"enemies":"Lagavulin","floor":7.0,"turns":9.0},{"damage":1.0,"enemies":"Exordium Wildlife","floor":10.0,"turns":3.0},{"damage":0.0,"enemies":"2 Fungi Beasts","floor":12.0,"turns":4.0},{"damage":0.0,"enemies":"Hexaghost","floor":16.0,"turns":8.0},{"damage":6.0,"enemies":"3 Byrds","floor":18.0,"turns":7.0},{"damage":0.0,"enemies":"Chosen","floor":19.0,"turns":3.0},{"damage":16.0,"enemies":"Snecko","floor":20.0,"turns":7.0},{"damage":4.0,"enemies":"Cultist and Chosen","floor":25.0,"turns":7.0},{"damage":1.0,"enemies":"Shelled Parasite and Fungi","floor":28.0,"turns":6.0},{"damage":1.0,"enemies":"Snecko","floor":29.0,"turns":7.0},{"damage":2.0,"enemies":"Snake Plant","floor":30.0,"turns":6.0},{"damage":33.0,"enemies":"Automaton","floor":33.0,"turns":12.0},{"damage":0.0,"enemies":"3 Darklings","floor":35.0,"turns":10.0},{"damage":0,"enemies":"Orb Walker","floor":37,"turns":3},{"damage":0,"enemies":"Reptomancer","floor":40,"turns":4},{"damage":6,"enemies":"Writhing Mass","floor":42,"turns":7},{"damage":2,"enemies":"4 Shapes","floor":45,"turns":6},{"damage":0,"enemies":"Giant Head","floor":46,"turns":7},{"damage":11,"enemies":"Jaw Worm Horde","floor":48,"turns":5},{"damage":29,"enemies":"Time Eater","floor":50,"turns":14}],"seed_played":"1256604761338511426","potions_obtained":[{"floor":1.0,"key":"DistilledChaos"},{"floor":10.0,"key":"LiquidMemories"},{"floor":12.0,"key":"Dexterity Potion"},{"floor":16.0,"key":"Energy Potion"},{"floor":19.0,"key":"Strength Potion"},{"floor":25.0,"key":"GamblersBrew"},{"floor":29.0,"key":"Dexterity Potion"},{"floor":40,"key":"BlessingOfTheForge"},{"floor":42,"key":"Fire Potion"},{"floor":48,"key":"BlessingOfTheForge"}],"is_trial":false,"path_per_floor":["M","?","?","M","M","R","E","R","T","M","?","M","R","?","R","B",null,"M","M","M","?","$","R","?","M","T","R","M","M","M","?","R","B",null,"M","$","M","?","?","E","R","M","T","R","M","E","R","M","R","B",null],"character_chosen":"THE_SILENT","items_purchased":["Incense Burner","Meat on the Bone","Bronze Scales"],"campfire_rested":5,"item_purchase_floors":[22,36,36],"current_hp_per_floor":[37,23,16,16,16,37,29,29,29,28,28,28,28,21,21,21,58,52,52,36,36,36,36,9,5,5,26,25,24,22,45,45,12,56,56,56,56,56,56,56,56,50,50,70,68,68,70,59,70,41],"gold":283,"neow_bonus":"TRANSFORM_TWO_CARDS","is_daily":false,"chose_seed":false,"campfire_upgraded":5,"win_rate":0.0,"timestamp":1611114227,"path_taken":["M","?","?","M","M","R","E","R","T","M","?","?","R","?","R","BOSS","M","M","M","?","$","R","?","M","T","R","?","M","M","?","R","BOSS","M","$","M","?","?","E","R","?","T","R","M","E","R","M","R","BOSS"],"items_purchased_type":["Relic","Relic","Relic"],"build_version":"2020-12-22","purchased_purges":2,"victory":true,"max_hp_per_floor":[70,70,70,70,70,70,70,70,70,70,70,70,70,70,70,70,70,70,70,70,70,70,70,70,70,70,70,70,70,70,70,70,70,70,70,70,70,70,70,70,70,70,70,70,70,70,70,70,70,70],"card_choices":[{"not_picked":["Caltrops","Underhanded Strike"],"picked":"Blur","floor":1.0},{"not_picked":["Poisoned Stab","Deflect"],"picked":"Underhanded Strike","floor":4.0},{"not_picked":["Catalyst","Bane"],"picked":"Noxious Fumes","floor":5.0},{"not_picked":["Flying Knee","Blade Dance"],"picked":"Grand Finale","floor":7.0},{"not_picked":["Setup","Blade Dance"],"picked":"Slice","floor":10.0},{"not_picked":["Eviscerate","Sucker Punch"],"picked":"Predator","floor":12.0},{"not_picked":["Die Die Die","Corpse Explosion"],"picked":"Malaise","floor":16.0},{"not_picked":["Masterful Stab+1","Backflip"],"picked":"Dodge and Roll+1","floor":18.0},{"not_picked":["Riddle With Holes","Underhanded Strike"],"picked":"Quick Slash","floor":19.0},{"not_picked":["Slice","Outmaneuver","Sucker Punch+1"],"picked":"SKIP","floor":20.0},{"not_picked":["Blade Dance+1","Poisoned Stab+1"],"picked":"Well Laid Plans","floor":25.0},{"not_picked":["Skewer","Dagger Spray"],"picked":"After Image","floor":28.0},{"not_picked":["Noxious Fumes","Skewer","Dagger Throw"],"picked":"SKIP","floor":29.0},{"not_picked":["Skewer+1","Cloak And Dagger+1"],"picked":"Acrobatics","floor":30.0},{"not_picked":["Envenom","Corpse Explosion"],"picked":"Adrenaline","floor":33.0},{"not_picked":["Cloak And Dagger+1","Slice"],"picked":"Prepared+1","floor":35.0},{"not_picked":["Poisoned Stab+1","Deflect","Slice"],"picked":"SKIP","floor":37},{"not_picked":["Deflect","Leg Sweep+1"],"picked":"Footwork","floor":40},{"not_picked":["Accuracy","Heel Hook+1"],"picked":"Acrobatics+1","floor":42},{"not_picked":["Choke","Sucker Punch+1","Accuracy+1"],"picked":"SKIP","floor":45},{"not_picked":["Bane","Cloak And Dagger+1"],"picked":"Concentrate","floor":46},{"not_picked":["Outmaneuver","Venomology","PiercingWail"],"picked":"SKIP","floor":48}],"player_experience":129534,"relics_obtained":[{"floor":7.0,"key":"Ornamental Fan"},{"floor":9.0,"key":"CeramicFish"},{"floor":26.0,"key":"Torii"},{"floor":40,"key":"InkBottle"},{"floor":43,"key":"Calipers"},{"floor":46,"key":"Ancient Tea Set"}],"event_choices":[{"damage_healed":0.0,"max_hp_gain":0.0,"max_hp_loss":0.0,"gold_gain":0.0,"event_name":"Shining Light","player_choice":"Entered Light","floor":2.0,"gold_loss":0.0,"damage_taken":14.0,"cards_upgraded":["Defend_G","Blur"]},{"cards_removed":["Strike_G"],"damage_healed":0.0,"max_hp_gain":0.0,"max_hp_loss":0.0,"gold_gain":0.0,"event_name":"Golden Wing","player_choice":"Card Removal","floor":3.0,"gold_loss":0.0,"damage_taken":7.0},{"damage_healed":0.0,"max_hp_gain":0.0,"max_hp_loss":0.0,"gold_gain":0.0,"event_name":"Upgrade Shrine","player_choice":"Upgraded","floor":11.0,"gold_loss":0.0,"damage_taken":0.0,"cards_upgraded":["Blade Dance"]},{"damage_healed":0.0,"max_hp_gain":0.0,"max_hp_loss":0.0,"gold_gain":0.0,"event_name":"Scrap Ooze","player_choice":"Success","floor":14.0,"gold_loss":0.0,"damage_taken":7.0,"relics_obtained":["Du-Vu Doll"]},{"damage_healed":0.0,"max_hp_gain":0.0,"max_hp_loss":0.0,"gold_gain":0.0,"cards_transformed":["Strike_G","Strike_G"],"event_name":"Drug Dealer","player_choice":"Became Test Subject","floor":21.0,"gold_loss":0.0,"damage_taken":0.0,"cards_obtained":["Glass Knife","Cloak And Dagger"]},{"damage_healed":0.0,"max_hp_gain":0.0,"max_hp_loss":0.0,"gold_gain":270.0,"event_name":"Knowing Skull","player_choice":"GOLD GOLD GOLD ","floor":24.0,"potions_obtained":[],"gold_loss":0.0,"damage_taken":27.0,"cards_obtained":[]},{"damage_healed":23.0,"max_hp_gain":0.0,"max_hp_loss":0.0,"gold_gain":0.0,"event_name":"The Library","player_choice":"Heal","floor":31.0,"gold_loss":0.0,"damage_taken":0.0},{"cards_removed":["Defend_G"],"damage_healed":0,"gold_gain":0,"player_choice":"Removed Skill","damage_taken":0,"max_hp_gain":0,"max_hp_loss":0,"event_name":"Falling","floor":38,"gold_loss":0},{"damage_healed":0,"gold_gain":100,"player_choice":"Pray","damage_taken":0,"max_hp_gain":0,"max_hp_loss":0,"event_name":"Golden Shrine","floor":39,"gold_loss":0}],"is_beta":false,"boss_relics":[{"not_picked":["Snecko Eye","Ectoplasm"],"picked":"HoveringKite"},{"not_picked":["WristBlade","Black Star"],"picked":"Fusion Hammer"}],"items_purged_floors":[22,36],"is_endless":false,"potions_floor_spawned":[1,10,12,16,19,25,29,40,42,48],"ascension_level":7}}