{"host":"1ecbliur7lfoj0sl","time":1611117902,"event":{"mods":["BaseMod","Downfall","Minty Spire (QoL Compilation)","StSLib","The Senshi","Waifu the Spire"],"gold_per_floor":[99,109,259,272,272,272,272,272,291,291,302,302,316,331,346,346,346,346],"floor_reached":16,"language":"ZHS","playtime":617,"items_purged":[],"score":94,"play_id":"468e1f23-605c-449a-9018-7a6dd1da89b9","local_time":"20210120124502","is_ascension_mode":false,"campfire_choices":[{"data":"bronze:Goto","floor":1,"key":"SMITH"},{"data":"bronze:Branch","floor":10,"key":"SMITH"},{"data":"bronze:ChosenStrike","floor":12,"key":"SMITH"}],"circlet_count":0,"master_deck":["bronze:Strike","bronze:Strike","bronze:Strike","bronze:Defend","bronze:Defend","bronze:Defend","bronze:Defend","bronze:Replicate","bronze:Goto+1","downfall:Icky","bronze:Fortify","bronze:Branch+1","bronze:ChosenStrike+1","bronze:DigitalCarnage","bronze:Invalidate"],"relics":["bronze:BronzeCore","Darkstone Periapt","Boot"],"acts_visited":["Exordium"],"potions_floor_usage":[16],"damage_taken":[{"damage":9,"enemies":"Small Slimes","floor":2,"turns":4},{"damage":10,"enemies":"Jaw Worm","floor":4,"turns":4},{"damage":0,"enemies":"2 Louse","floor":9,"turns":2},{"damage":5,"enemies":"Exordium Thugs","floor":11,"turns":3},{"damage":2,"enemies":"3 Louse","floor":13,"turns":3},{"damage":6,"enemies":"Exordium Wildlife","floor":14,"turns":3},{"damage":0,"enemies":"Large Slime","floor":15,"turns":3},{"damage":38,"enemies":"IC_STATUS_ARCHETYPE","floor":16,"turns":4}],"seed_played":"-1132204689724553486","potions_obtained":[{"floor":2,"key":"Fire Potion"},{"floor":14,"key":"LiquidMemories"},{"floor":15,"key":"bronze:FreeFunctionsPotion"}],"is_trial":false,"path_per_floor":["R","M","?","M","?","?","T","?","M","R","M","R","M","M","M","B"],"character_chosen":"THE_AUTOMATON","items_purchased":[],"campfire_rested":0,"item_purchase_floors":[],"current_hp_per_floor":[77,68,68,58,58,58,58,51,51,51,46,46,44,38,38,0,0,0],"gold":346,"neow_bonus":"TEN_PERCENT_HP_BONUS","is_daily":false,"chose_seed":false,"campfire_upgraded":3,"win_rate":0.0,"timestamp":1611117902,"path_taken":["R","M","?","M","?","?","T","?","M","R","M","R","M","?","M","BOSS"],"items_purchased_type":[],"build_version":"2020-12-22","purchased_purges":0,"victory":false,"max_hp_per_floor":[77,77,77,77,77,77,77,77,77,77,77,77,77,77,77,77,77,77],"card_choices":[{"not_picked":["bronze:Optimize","bronze:DelayedSlice","bronze:OilSpill"],"picked":"SKIP","floor":2},{"not_picked":["bronze:Turbo","bronze:ForLoop","bronze:OilSpill"],"picked":"SKIP","floor":4},{"not_picked":["bronze:Deprecate","bronze:Optimize"],"picked":"bronze:Branch","floor":9},{"not_picked":["bronze:Flail","bronze:Deprecate"],"picked":"bronze:ChosenStrike","floor":11},{"not_picked":["bronze:Turbo","bronze:Overheat"],"picked":"bronze:DigitalCarnage","floor":13},{"not_picked":["bronze:Shield","bronze:WildBeam"],"picked":"bronze:Invalidate","floor":14},{"not_picked":["bronze:Shield","bronze:Turbo","bronze:Break"],"picked":"SKIP","floor":15}],"player_experience":68368,"relics_obtained":[{"floor":7,"key":"Darkstone Periapt"}],"event_choices":[{"damage_healed":0,"gold_gain":0,"player_choice":"Success","damage_taken":7,"relics_obtained":["Boot"],"max_hp_gain":0,"max_hp_loss":0,"event_name":"Scrap Ooze","floor":8,"gold_loss":0}],"is_beta":false,"boss_relics":[],"items_purged_floors":[],"is_endless":false,"potions_floor_spawned":[2,14,15],"killed_by":"IC_STATUS_ARCHETYPE","ascension_level":0}}