{"host":"rgy6n2eoa9ji6d0c","time":1611139624,"event":{"mods":["BaseMod","Downfall","Minty Spire (QoL Compilation)","Quick Restart","StSLib"],"gold_per_floor":[99,112,112,130,147,147,218,218,228,248,56,85,85,150,162,260,260,260,345,345,345,345,255,255,255,255,255],"floor_reached":25,"language":"ENG","playtime":2778,"items_purged":["bronze:Strike"],"score":197,"play_id":"d7cb6667-bedd-4602-b6f8-1c514f67ba52","local_time":"20210120114704","is_ascension_mode":false,"campfire_choices":[{"floor":1,"key":"RECALL"},{"data":"bronze:Deprecate","floor":6,"key":"SMITH"},{"data":"bronze:Goto","floor":8,"key":"SMITH"},{"data":"bronze:Format","floor":18,"key":"SMITH"}],"circlet_count":0,"master_deck":["bronze:Strike","bronze:Strike","bronze:Defend","bronze:Defend","bronze:Defend","bronze:Replicate","bronze:Goto+1","bronze:Deprecate+1","bronze:FineTuning","bronze:BronzeArmor","bronze:Flail","bronze:SpaghettiCode","bronze:ClassDefault","bronze:DelayedSlice","bronze:DelayedSlice","bronze:Format+1","bronze:AlphaBuild"],"relics":["bronze:PlatinumCore","Sundial","Pear","Toy Ornithopter","Frozen Egg 2","Ice Cream"],"acts_visited":["Exordium","TheCity"],"potions_floor_usage":[14,16],"damage_taken":[{"damage":1,"enemies":"Cultist","floor":2,"turns":4},{"damage":0,"enemies":"Small Slimes","floor":4,"turns":3},{"damage":7,"enemies":"2 Louse","floor":5,"turns":3},{"damage":1,"enemies":"Large Slime","floor":9,"turns":6},{"damage":9,"enemies":"Exordium Thugs","floor":10,"turns":5},{"damage":0,"enemies":"downfall:FleeingMerchant","floor":11,"turns":4},{"damage":13,"enemies":"3 Sentries","floor":12,"turns":4},{"damage":28,"enemies":"Gremlin Nob","floor":14,"turns":4},{"damage":0,"enemies":"2 Fungi Beasts","floor":15,"turns":2},{"damage":11,"enemies":"WA_ARCHETYPE_RETAIN","floor":16,"turns":7},{"damage":0,"enemies":"Chosen","floor":22,"turns":1},{"damage":14,"enemies":"downfall:FleeingMerchant","floor":23,"turns":4},{"damage":51,"enemies":"Slavers","floor":25,"turns":5}],"seed_played":"7825386624421600056","potions_obtained":[{"floor":5,"key":"GamblersBrew"},{"floor":10,"key":"Energy Potion"},{"floor":12,"key":"EssenceOfSteel"},{"floor":14,"key":"Fruit Juice"},{"floor":15,"key":"Ancient Potion"}],"is_trial":false,"path_per_floor":["R","M","?","M","M","R","T","R","M","M","$","E","?","?","M","B",null,"R","?","T","?","M","$","T","E"],"character_chosen":"THE_AUTOMATON","items_purchased":["bronze:SpaghettiCode","bronze:ClassDefault"],"campfire_rested":0,"item_purchase_floors":[11,11],"current_hp_per_floor":[63,62,62,62,55,55,55,55,54,45,45,42,42,24,24,18,78,78,64,64,64,64,50,50,0,0,0],"gold":255,"neow_bonus":"REMOVE_TWO","is_daily":false,"chose_seed":false,"campfire_upgraded":3,"win_rate":0.0,"timestamp":1611139624,"path_taken":["R","?","?","M","M","R","T","R","M","M","$","E","?","?","M","BOSS","R","?","?","?","M","$","T","E"],"items_purchased_type":["Card","Card"],"build_version":"2020-12-22","purchased_purges":1,"victory":false,"max_hp_per_floor":[63,63,63,63,63,63,63,63,63,63,63,73,73,78,78,78,78,78,78,78,78,78,78,78,78,78,78],"card_choices":[{"not_picked":["bronze:BugBarrage","bronze:Safeguard"],"picked":"bronze:Deprecate","floor":2},{"not_picked":["bronze:Flail","bronze:BitShift","bronze:Turbo"],"picked":"SKIP","floor":4},{"not_picked":["bronze:Turbo","bronze:DarkDash","bronze:Flail"],"picked":"SKIP","floor":5},{"not_picked":["bronze:Repair","bronze:CutThrough"],"picked":"bronze:FineTuning","floor":9},{"not_picked":["bronze:ChosenStrike","bronze:Deprecate"],"picked":"bronze:BronzeArmor","floor":10},{"not_picked":["bronze:Boost","bronze:Safeguard"],"picked":"bronze:Flail","floor":11},{"not_picked":["bronze:Overheat","bronze:DigitalCarnage"],"picked":"bronze:DelayedSlice","floor":12},{"not_picked":["bronze:OilSpill","bronze:Frontload"],"picked":"bronze:DelayedSlice","floor":15},{"not_picked":["bronze:RecursiveStrike","bronze:HardenedForm"],"picked":"bronze:Format","floor":16},{"not_picked":["bronze:WildBeam","bronze:Safeguard","bronze:CutThrough"],"picked":"SKIP","floor":22},{"not_picked":["bronze:Repair","bronze:BronzeOrb"],"picked":"bronze:AlphaBuild","floor":23}],"player_experience":1463425,"relics_obtained":[{"floor":7,"key":"Sundial"},{"floor":12,"key":"Pear"},{"floor":14,"key":"Toy Ornithopter"},{"floor":20,"key":"Frozen Egg 2"},{"floor":24,"key":"Ice Cream"}],"event_choices":[{"damage_healed":0,"gold_gain":0,"player_choice":"Ignored","damage_taken":0,"max_hp_gain":0,"max_hp_loss":0,"event_name":"Vampires","floor":21,"gold_loss":0}],"is_beta":false,"boss_relics":[{"not_picked":["SlaversCollar","Snecko Eye"],"picked":"bronze:PlatinumCore"}],"items_purged_floors":[23],"is_endless":false,"potions_floor_spawned":[5,10,12,14,15],"killed_by":"Slavers","ascension_level":0}}