{"host":"iphsb0ccnjx0pfn6","time":1611125534,"event":{"mods":["2.2 Compatiblity","AchievementEnabler","BaseMod","Colored Map","DeckTracker","Keyboard Shortcuts","Minty Spire (QoL Compilation)","Permanent Neow","Quick Restart","Relic Stats","StSLib","SuperFastMode","Uncapped","everything is the same but u backflip on backflip"],"gold_per_floor":[112,130,13,88,98,98,117,117,170,202,12,12,12,12],"floor_reached":13,"language":"KOR","playtime":331,"items_purged":["Strike_G","Strike_G"],"score":166,"play_id":"97baca5f-955d-46e3-b3d4-895d08ede59d","local_time":"20210120155214","is_ascension_mode":true,"campfire_choices":[{"data":"Terror","floor":6.0,"key":"SMITH"},{"data":"Dash","floor":8.0,"key":"SMITH"},{"data":"Prepared","floor":12,"key":"SMITH"}],"circlet_count":0,"master_deck":["AscendersBane","Strike_G","Strike_G","Defend_G","Defend_G","Defend_G","Defend_G","Defend_G","Survivor","Neutralize","Quick Slash","Poisoned Stab","Terror+1","Dash+1","Reflex","Prepared+1","Tactician"],"relics":["Ring of the Snake","Happy Flower","Juzu Bracelet"],"acts_visited":["Exordium"],"potions_floor_usage":[10],"damage_taken":[{"damage":0.0,"enemies":"Cultist","floor":1.0,"turns":4.0},{"damage":0.0,"enemies":"Small Slimes","floor":2.0,"turns":3.0},{"damage":2.0,"enemies":"Jaw Worm","floor":5.0,"turns":3.0},{"damage":0.0,"enemies":"Looter","floor":7.0,"turns":3.0},{"damage":16,"enemies":"Lagavulin","floor":10,"turns":7},{"damage":25,"enemies":"3 Sentries","floor":13,"turns":13}],"seed_played":"-8646988147493034160","potions_obtained":[{"floor":2.0,"key":"Ancient Potion"}],"is_trial":false,"path_per_floor":["M","M","$","?","M","R","M","R","T","E","$","R","E"],"character_chosen":"THE_SILENT","items_purchased":["Terror","Tactician"],"campfire_rested":0,"item_purchase_floors":[3,11],"current_hp_per_floor":[59,59,59,48,46,46,46,46,46,30,30,30,5,5],"gold":12,"neow_bonus":"TRANSFORM_CARD","is_daily":false,"chose_seed":false,"campfire_upgraded":3,"win_rate":0.0,"timestamp":1611125534,"path_taken":["M","M","?","?","M","R","M","R","T","E","?","R","E"],"items_purchased_type":["Card","Card"],"build_version":"2020-12-22","purchased_purges":2,"victory":false,"max_hp_per_floor":[66,66,66,66,66,66,66,66,66,66,66,66,66,66],"relic_stats":{"Happy Flower":[6],"counters":[6,33],"Juzu Bracelet":0,"obtain_stats":[{"Happy Flower":9,"Juzu Bracelet":10,"Ring of the Snake":0},{"Happy Flower":4,"Juzu Bracelet":5,"Ring of the Snake":0},{"Happy Flower":13,"Juzu Bracelet":20,"Ring of the Snake":0}],"Ring of the Snake":[12]},"card_choices":[{"not_picked":["PiercingWail","Underhanded Strike"],"picked":"Poisoned Stab","floor":1.0},{"not_picked":["Caltrops","Deflect","Sucker Punch"],"picked":"SKIP","floor":2.0},{"not_picked":["Poisoned Stab","Sucker Punch"],"picked":"Dash","floor":5.0},{"not_picked":["Blade Dance","Quick Slash"],"picked":"Reflex","floor":7.0},{"not_picked":["Underhanded Strike","Sucker Punch"],"picked":"Prepared","floor":10}],"player_experience":1271261,"relics_obtained":[{"floor":9.0,"key":"Happy Flower"},{"floor":10,"key":"Juzu Bracelet"}],"event_choices":[{"damage_healed":0.0,"max_hp_gain":0.0,"max_hp_loss":0.0,"gold_gain":75.0,"event_name":"World of Goop","player_choice":"Gather Gold","floor":4.0,"gold_loss":0.0,"damage_taken":11.0}],"is_beta":false,"boss_relics":[],"items_purged_floors":[3,11],"is_endless":false,"potions_floor_spawned":[2],"killed_by":"3 Sentries","ascension_level":20}}