{"host":"3mt4w4o4jnuk8q1t","time":1611118694,"event":{"mods":["Act Like it!","BaseMod","Colored Map","Colored Powertips","Decade(王小明)","GungeonMod","Hermit","Jedi Mod","Lobotomy","LobotomyExtend","Marisa（F雨　魔理沙）","Minty Spire (QoL Compilation)","Red Circlet Mod","Reimu（博丽灵梦）","Remilia（蕾米莉亚）","Replay The Spire","RumiaBox-露米娅的神秘盒子","Shop Mod","Spicy Shops","StSLib","TestMod","The Bug Knight","The Marked","Waifu the Spire","Yakumo Yukari mod","Youmu（魂魄妖梦）","[IsaacMod]以撒尖塔","【功能Mod】混沌之环修复补丁","【功能Mod】聪明的最终Boss"],"gold_per_floor":[113,123,8,18,35,35,46,146,222,255,255,255,285,317,329,438,438],"floor_reached":16,"language":"ZHS","playtime":2699,"items_purged":[],"score":162,"play_id":"d4ea02c2-19d9-488e-a94a-3b427c00befd","local_time":"20210120125814","is_ascension_mode":false,"campfire_choices":[{"floor":6,"key":"RECALL"},{"floor":12,"key":"REST"},{"data":"KamenRideBlade","floor":15,"key":"SMITH"}],"circlet_count":0,"master_deck":["Decade_Attack","Decade_Attack","Decade_Attack","Decade_Attack","KamenRide","Decade_SpecialSkill","Decade_Defend","Decade_Defend","Decade_Defend","Decade_Defend","Amnesia","Sickly","ReplayTheSpireMod:Doomed","EpicFetus","Kuuga_Rising","Blade_Mach","DragClaw","UnarmedAttack3","RideBooker_Skill_1","FormRide","KamenRideAgito+1","UnarmedAttack5","FormRideFlame","KamenRideKuuga","KamenRideBlade+1","Kuuga_GouramAttack","RideBooker_Skill_1","NMDAZYYGL"],"relics":["Decadriver","TOEIDeficitBill","HushsDoor","testmod-TestBox","GuppysTail","testmod-Laevatain","Baka","LetterFromLob","DemoMod:GnawedKey","Anchor","MawBank"],"acts_visited":["Exordium"],"potions_floor_usage":[10,10,14],"damage_taken":[{"damage":0,"enemies":"Cultist","floor":1,"turns":3},{"damage":18,"enemies":"Small Slimes","floor":2,"turns":2},{"damage":5,"enemies":"2 Louse","floor":4,"turns":2},{"damage":12,"enemies":"2 Fungi Beasts","floor":5,"turns":6},{"damage":7,"enemies":"Gremlin Gang","floor":7,"turns":3},{"damage":24,"enemies":"3 Sentries","floor":10,"turns":6},{"damage":4,"enemies":"Replay:BlueRogue","floor":13,"turns":5},{"damage":6,"enemies":"Looter","floor":14,"turns":3},{"damage":16,"enemies":"Slime Boss","floor":16,"turns":9}],"seed_played":"2272767717634810370","potions_obtained":[{"floor":1,"key":"Strength Potion"},{"floor":2,"key":"Fire Potion"},{"floor":4,"key":"Dexterity Potion"},{"floor":13,"key":"Adrenaline Potion"},{"floor":14,"key":"Swift Potion"}],"is_trial":false,"path_per_floor":["M","M","$","M","M","R","M","?","T","E","?","R","E","M","R","B"],"character_chosen":"Decade","items_purchased":["DemoMod:GnawedKey"],"campfire_rested":1,"item_purchase_floors":[3],"current_hp_per_floor":[56,38,38,33,49,49,42,42,42,18,18,34,30,36,36,20,20],"gold":438,"neow_bonus":"ONE_RANDOM_RARE_CARD","is_daily":false,"chose_seed":false,"campfire_upgraded":1,"win_rate":0.0,"timestamp":1611118694,"path_taken":["M","M","?","M","?","R","M","?","T","E","?","R","E","M","R","BOSS"],"items_purchased_type":["Relic"],"build_version":"2020-12-22","purchased_purges":0,"victory":false,"max_hp_per_floor":[56,56,56,56,56,56,56,56,56,56,56,56,56,56,56,56,56],"card_choices":[{"not_picked":[],"picked":"EpicFetus","floor":0},{"not_picked":["Kuuga_GouramAttack","FormRideFlame"],"picked":"Blade_Mach","floor":1},{"not_picked":["KamenRideAgito","Bomb"],"picked":"DragClaw","floor":1},{"not_picked":["FormRideFlame","UnarmedAttack1"],"picked":"UnarmedAttack3","floor":2},{"not_picked":["Bomb","RideBooker_Skill_3"],"picked":"RideBooker_Skill_1","floor":5},{"not_picked":["UnarmedAttack3","FormRideGaruru"],"picked":"FormRide","floor":5},{"not_picked":["AutoVajin","Decade_Defend3"],"picked":"KamenRideAgito","floor":7},{"not_picked":["RideBooker_Skill_3","Hibiki_Attack3","Decade_Defend3"],"picked":"SKIP","floor":7},{"not_picked":["Decade_Illusion","Decade_Dash2"],"picked":"UnarmedAttack5","floor":8},{"not_picked":["RideBooker","DecadeViolentEmotion"],"picked":"FormRideFlame","floor":10},{"not_picked":["RideBooker_Skill_3","KamenRideFaiz"],"picked":"KamenRideKuuga","floor":10},{"not_picked":["Hibiki_FEVER","FormRideDogga"],"picked":"KamenRideBlade","floor":13},{"not_picked":["DenO_Sword","FormRideFlame"],"picked":"Kuuga_GouramAttack","floor":13},{"not_picked":["FormRideGaruru","Decade_Defend2"],"picked":"RideBooker_Skill_1","floor":14},{"not_picked":["RideBooker_Skill_2","DenO_Sword","Decade_Dash2"],"picked":"SKIP","floor":14},{"not_picked":["DenO_Climax","Kiva_Eat"],"picked":"NMDAZYYGL","floor":16}],"player_experience":185279,"relics_obtained":[{"floor":1,"key":"Baka"},{"floor":1,"key":"LetterFromLob"},{"floor":10,"key":"Anchor"},{"floor":13,"key":"MawBank"}],"event_choices":[],"is_beta":false,"boss_relics":[],"items_purged_floors":[],"is_endless":false,"potions_floor_spawned":[1,2,4,13,14],"killed_by":"Slime Boss","ascension_level":0}}