{"host":"oigynbtg272c19pw","time":1611172682,"event":{"mods":["BaseMod","Colored Map","Minty Spire (QoL Compilation)","Relic Stats","Slay the Relics Exporter","StSLib"],"gold_per_floor":[109,124,23,23,39,39,68,33,58,58,75,102,102,119,119,195,195,211,227,227,63,63,97,97,132,132,166,166,166,182,207,207,281,281,291,308,308,218,218,218,251,281,281,281,292,292,305,335,335,335,335,335],"floor_reached":51,"playtime":3981,"items_purged":["Decay","Strike_G+1"],"score":1638,"play_id":"09d47e5a-9fc7-4628-984c-f15e3800ab57","local_time":"20210120205802","is_ascension_mode":true,"campfire_choices":[{"data":"Wraith Form v2","floor":6.0,"key":"SMITH"},{"floor":13.0,"key":"REST"},{"data":"Well Laid Plans","floor":15.0,"key":"SMITH"},{"data":"Eviscerate","floor":24.0,"key":"SMITH"},{"data":"Skewer","floor":29.0,"key":"SMITH"},{"data":"Leg Sweep","floor":32.0,"key":"SMITH"},{"data":"Crippling Poison","floor":40.0,"key":"SMITH"},{"floor":44.0,"key":"RECALL"},{"floor":46.0,"key":"REST"},{"floor":49.0,"key":"REST"}],"circlet_count":0,"master_deck":["AscendersBane","Strike_G+1","Strike_G+1","Defend_G+1","Defend_G+1","Defend_G+1","Defend_G+1","Defend_G+1","Survivor","Neutralize","Malaise+1","Leg Sweep+1","Flying Knee","Blade Dance+1","Wraith Form v2+1","Flechettes+1","Skewer+1","Well Laid Plans+1","Crippling Poison+1","Phantasmal Killer","Escape Plan+1","Terror","Cloak And Dagger","Eviscerate+1","Tactician","Calculated Gamble+1","Riddle With Holes","Reflex","After Image","Acrobatics","Caltrops","Concentrate"],"relics":["Ring of the Snake","War Paint","Ancient Tea Set","Bronze Scales","Snecko Eye","ClockworkSouvenir","Bag of Preparation","Smiling Mask","Kunai","StrikeDummy","Turnip","Calling Bell","Juzu Bracelet","Singing Bowl","WingedGreaves","Blue Candle","Pantograph","Shuriken","Prayer Wheel"],"acts_visited":["Exordium","TheCity","TheBeyond"],"potions_floor_usage":[],"damage_taken":[{"damage":10.0,"enemies":"Small Slimes","floor":1.0,"turns":5.0},{"damage":22.0,"enemies":"Cultist","floor":2.0,"turns":7.0},{"damage":0.0,"enemies":"Jaw Worm","floor":5.0,"turns":4.0},{"damage":3.0,"enemies":"Gremlin Nob","floor":7.0,"turns":6.0},{"damage":0.0,"enemies":"Looter","floor":11.0,"turns":3.0},{"damage":6.0,"enemies":"3 Sentries","floor":12.0,"turns":7.0},{"damage":6.0,"enemies":"Exordium Wildlife","floor":14.0,"turns":5.0},{"damage":8.0,"enemies":"The Guardian","floor":16.0,"turns":16.0},{"damage":1.0,"enemies":"Chosen","floor":18.0,"turns":4.0},{"damage":0.0,"enemies":"3 Byrds","floor":19.0,"turns":3.0},{"damage":2.0,"enemies":"Slavers","floor":23.0,"turns":5.0},{"damage":1.0,"enemies":"Gremlin Leader","floor":25.0,"turns":4.0},{"damage":7.0,"enemies":"Book of Stabbing","floor":27.0,"turns":6.0},{"damage":11.0,"enemies":"Centurion and Healer","floor":30.0,"turns":4.0},{"damage":0.0,"enemies":"Slavers","floor":31.0,"turns":3.0},{"damage":13.0,"enemies":"Champ","floor":33.0,"turns":12.0},{"damage":2.0,"enemies":"3 Shapes","floor":35.0,"turns":13.0},{"damage":2.0,"enemies":"Orb Walker","floor":36.0,"turns":5.0},{"damage":18.0,"enemies":"Nemesis","floor":41.0,"turns":7.0},{"damage":0.0,"enemies":"Giant Head","floor":42.0,"turns":8.0},{"damage":2.0,"enemies":"Jaw Worm Horde","floor":45.0,"turns":5.0},{"damage":2.0,"enemies":"Spire Growth","floor":47.0,"turns":5.0},{"damage":40.0,"enemies":"Reptomancer","floor":48.0,"turns":7.0},{"damage":42.0,"enemies":"Donu and Deca","floor":50.0,"turns":9.0},{"damage":65,"enemies":"Time Eater","floor":51,"turns":10}],"seed_played":"-968775793014308354","potions_obtained":[{"floor":7.0,"key":"AttackPotion"},{"floor":11.0,"key":"Poison Potion"},{"floor":16.0,"key":"Fire Potion"},{"floor":23.0,"key":"Poison Potion"},{"floor":30.0,"key":"AttackPotion"},{"floor":41.0,"key":"EntropicBrew"},{"floor":42.0,"key":"BlessingOfTheForge"},{"floor":45.0,"key":"CultistPotion"},{"floor":48.0,"key":"CunningPotion"}],"is_trial":false,"path_per_floor":["M","M","$","?","M","R","E","?","T","?","M","E","R","M","R","B",null,"M","M","?","$","?","E","R","E","T","E","T","R","M","E","R","B",null,"M","M","?","$","?","R","E","E","T","R","M","R","M","E","R","B","B"],"character_chosen":"THE_SILENT","items_purchased":["Blade Dance","ClockworkSouvenir","Caltrops"],"campfire_rested":3,"item_purchase_floors":[3,21,38],"current_hp_per_floor":[49,27,27,27,27,27,24,40,40,20,20,14,33,27,27,19,54,53,53,53,53,53,51,51,50,50,43,43,43,32,32,32,19,54,54,52,52,52,52,52,34,36,36,36,36,56,56,18,39,22,0,0],"gold":335,"neow_bonus":"THREE_RARE_CARDS","is_daily":false,"chose_seed":false,"campfire_upgraded":6,"win_rate":0.0,"timestamp":1611172682,"path_taken":["M","M","$","?","?","R","E","?","T","?","M","E","R","M","R","BOSS","M","M","?","$","?","E","R","E","T","E","?","R","?","E","R","BOSS","M","M","?","$","?","R","E","E","T","R","M","R","M","E","R","BOSS","BOSS"],"items_purchased_type":["Card","Relic","Card"],"build_version":"2020-12-13","purchased_purges":2,"victory":false,"max_hp_per_floor":[66,66,66,66,66,66,66,66,66,66,66,66,66,66,66,66,66,66,66,66,66,66,66,66,66,66,66,66,66,66,66,66,66,66,68,68,65,65,65,65,65,67,67,67,69,69,71,73,73,73,73,73],"relic_stats":{"Singing Bowl":10,"counters":[25,163],"Blue Candle":[0],"Bag of Preparation":[14],"Juzu Bracelet":0,"War Paint":["Malaise","Defend_G"],"Smiling Mask":50,"Shuriken":[13],"Bronze Scales":[473],"Pantograph":50,"Snecko Eye":[201,194,201,202],"Prayer Wheel":0,"Turnip":[5],"Kunai":[32],"obtain_stats":[{"Singing Bowl":34,"Blue Candle":41,"Bag of Preparation":23,"Juzu Bracelet":34,"War Paint":7,"Ancient Tea Set":9,"Smiling Mask":25,"ClockworkSouvenir":21,"Calling Bell":34,"Shuriken":43,"Bronze Scales":12,"Pantograph":42,"Snecko Eye":17,"Prayer Wheel":48,"Turnip":31,"WingedGreaves":34,"Kunai":26,"StrikeDummy":27,"Ring of the Snake":0},{"Singing Bowl":16,"Blue Candle":19,"Bag of Preparation":11,"Juzu Bracelet":16,"War Paint":4,"Ancient Tea Set":4,"Smiling Mask":12,"ClockworkSouvenir":10,"Calling Bell":16,"Shuriken":20,"Bronze Scales":6,"Pantograph":20,"Snecko Eye":8,"Prayer Wheel":23,"Turnip":15,"WingedGreaves":16,"Kunai":12,"StrikeDummy":13,"Ring of the Snake":0},{"Singing Bowl":94,"Blue Candle":119,"Bag of Preparation":65,"Juzu Bracelet":94,"War Paint":22,"Ancient Tea Set":22,"Smiling Mask":69,"ClockworkSouvenir":60,"Calling Bell":94,"Shuriken":127,"Bronze Scales":32,"Pantograph":127,"Snecko Eye":53,"Prayer Wheel":144,"Turnip":82,"WingedGreaves":94,"Kunai":69,"StrikeDummy":75,"Ring of the Snake":0}],"Ring of the Snake":[50]},"card_choices":[{"not_picked":["Adrenaline","Venomology"],"picked":"Malaise","floor":0.0},{"not_picked":["Flying Knee","Sucker Punch"],"picked":"Leg Sweep","floor":1.0},{"not_picked":["Outmaneuver","Backflip"],"picked":"Flying Knee","floor":2.0},{"not_picked":["Dagger Throw","Backflip"],"picked":"Wraith Form v2","floor":5.0},{"not_picked":["Acrobatics","Distraction"],"picked":"Flechettes","floor":7.0},{"not_picked":["Predator","Quick Slash"],"picked":"Skewer","floor":11.0},{"not_picked":["Dagger Throw","Heel Hook"],"picked":"Well Laid Plans","floor":12.0},{"not_picked":["Heel Hook","Skewer"],"picked":"Crippling Poison","floor":14.0},{"not_picked":["A Thousand Cuts","Storm of Steel"],"picked":"Phantasmal Killer","floor":16.0},{"not_picked":["Choke","Backstab+1"],"picked":"Escape Plan+1","floor":18.0},{"not_picked":["Distraction","Quick Slash"],"picked":"Terror","floor":19.0},{"not_picked":["Prepared","Acrobatics"],"picked":"Tactician","floor":23.0},{"not_picked":["Distraction","Poisoned Stab","Expertise"],"picked":"SKIP","floor":25.0},{"not_picked":["Poisoned Stab+1","Caltrops"],"picked":"Calculated Gamble+1","floor":27.0},{"not_picked":["Expertise","Flying Knee"],"picked":"Riddle With Holes","floor":30.0},{"not_picked":["Cloak And Dagger","Doppelganger"],"picked":"Reflex","floor":31.0},{"not_picked":["Envenom","Doppelganger"],"picked":"After Image","floor":33.0},{"not_picked":["Distraction+1","Sucker Punch","Cloak And Dagger"],"picked":"Singing Bowl","floor":35.0},{"not_picked":["Choke","Bane"],"picked":"Acrobatics","floor":36.0},{"not_picked":["Cloak And Dagger+1","Acrobatics"],"picked":"Concentrate","floor":41.0},{"not_picked":["Deflect","Slice+1","Deadly Poison"],"picked":"Singing Bowl","floor":42.0},{"not_picked":["Well Laid Plans+1","Sucker Punch+1","Prepared"],"picked":"Singing Bowl","floor":45.0},{"not_picked":["Sucker Punch","Prepared","Expertise"],"picked":"Singing Bowl","floor":47.0},{"not_picked":["Expertise","Dodge and Roll","Finisher"],"picked":"Singing Bowl","floor":48.0}],"player_experience":1448919,"relics_obtained":[{"floor":7.0,"key":"War Paint"},{"floor":9.0,"key":"Ancient Tea Set"},{"floor":12.0,"key":"Bronze Scales"},{"floor":23.0,"key":"Bag of Preparation"},{"floor":25.0,"key":"Smiling Mask"},{"floor":26.0,"key":"Kunai"},{"floor":27.0,"key":"StrikeDummy"},{"floor":31.0,"key":"Turnip"},{"floor":34.0,"key":"Juzu Bracelet"},{"floor":34.0,"key":"Singing Bowl"},{"floor":34.0,"key":"WingedGreaves"},{"floor":41.0,"key":"Blue Candle"},{"floor":42.0,"key":"Pantograph"},{"floor":43.0,"key":"Shuriken"},{"floor":48.0,"key":"Prayer Wheel"}],"event_choices":[{"damage_healed":0.0,"max_hp_gain":0.0,"max_hp_loss":0.0,"gold_gain":0.0,"event_name":"Accursed Blacksmith","player_choice":"Forge","floor":4.0,"gold_loss":0.0,"damage_taken":0.0,"cards_upgraded":["Blade Dance"]},{"damage_healed":16.0,"max_hp_gain":0.0,"max_hp_loss":0.0,"gold_gain":0.0,"event_name":"The Cleric","player_choice":"Healed","floor":8.0,"gold_loss":35.0,"damage_taken":0.0},{"damage_healed":0.0,"max_hp_gain":0.0,"max_hp_loss":0.0,"gold_gain":0.0,"event_name":"Shining Light","player_choice":"Entered Light","floor":10.0,"gold_loss":0.0,"damage_taken":20.0,"cards_upgraded":["Flechettes","Defend_G"]},{"damage_healed":0.0,"max_hp_gain":0.0,"max_hp_loss":0.0,"gold_gain":0.0,"event_name":"Back to Basics","player_choice":"Simplicity","floor":20.0,"gold_loss":0.0,"damage_taken":0.0,"cards_upgraded":["Strike_G","Strike_G","Strike_G","Strike_G","Strike_G","Defend_G","Defend_G","Defend_G"]},{"damage_healed":0.0,"max_hp_gain":0.0,"max_hp_loss":0.0,"gold_gain":0.0,"cards_transformed":["Strike_G","Strike_G"],"event_name":"Drug Dealer","player_choice":"Became Test Subject","floor":22.0,"gold_loss":0.0,"damage_taken":0.0,"cards_obtained":["Cloak And Dagger","Eviscerate"]},{"damage_healed":0.0,"max_hp_gain":0.0,"max_hp_loss":3.0,"gold_gain":0.0,"event_name":"Winding Halls","player_choice":"Max HP","floor":37.0,"gold_loss":0.0,"damage_taken":0.0},{"damage_healed":0.0,"max_hp_gain":0.0,"max_hp_loss":0.0,"gold_gain":0.0,"event_name":"Tomb of Lord Red Mask","player_choice":"Ignored","floor":39.0,"gold_loss":0.0,"damage_taken":0.0}],"is_beta":false,"boss_relics":[{"not_picked":["SacredBark","Coffee Dripper"],"picked":"Snecko Eye"},{"not_picked":["HoveringKite","Tiny House"],"picked":"Calling Bell"}],"items_purged_floors":[3,38],"is_endless":false,"potions_floor_spawned":[7,11,16,23,27,30,31,41,42,45,48],"killed_by":"Time Eater","ascension_level":20}}