{"host":"sav7uxregyirlf69","time":1611145657,"event":{"mods":["AchievementEnabler","BaseMod","Colored Map","DeckTracker","Keyboard Shortcuts","Minty Spire (QoL Compilation)","READ ME - Guardian Mod","StSLib","SuperFastMode"],"gold_per_floor":[368,388,388,402,429,112,112,147,147,174,190,190,216,229,229,302,302,302,252,152,152,152,152,152,77,77,77,77,77,77,77,77,77,77,77,77,77,77,77,77,77,77,77,77,77,77,77,77,77,77,77],"floor_reached":50,"language":"KOR","playtime":1182,"items_purged":["Strike_R","Strike_R"],"score":1308,"play_id":"6556510b-cc11-4d03-b064-d52f54049384","local_time":"20210120212737","is_ascension_mode":true,"campfire_choices":[{"data":"Apotheosis","floor":7.0,"key":"SMITH"},{"data":"Fire Breathing","floor":15,"key":"SMITH"},{"floor":23,"key":"RECALL"},{"floor":32,"key":"DIG"},{"floor":41,"key":"DIG"},{"floor":45,"key":"DIG"},{"floor":49,"key":"DIG"}],"circlet_count":0,"master_deck":["AscendersBane","Defend_R+1","Defend_R","Defend_R","Bash","Shrug It Off","Fire Breathing+1","Wild Strike","Apotheosis+1","Feed","Pommel Strike","Infernal Blade","Shockwave+1","Cleave","Corruption","Armaments","Body Slam","Power Through","Exhume","Shrug It Off","Exhume","Shrug It Off","Power Through+1"],"relics":["Burning Blood","Omamori","WingedGreaves","Meat on the Bone","Centennial Puzzle","Ectoplasm","Shovel","Blood Vial","Gremlin Horn","Red Mask","Enchiridion","War Paint","Calling Bell","Anchor","Darkstone Periapt","Pocketwatch","Charon\u0027s Ashes","Pen Nib","Strawberry","PreservedInsect","Oddly Smooth Stone","Akabeko","Toxic Egg 2","Bottled Lightning","Orichalcum"],"acts_visited":["Exordium","TheCity","TheBeyond"],"potions_floor_usage":[8,16,24,33,33,50,50],"damage_taken":[{"damage":8.0,"enemies":"Jaw Worm","floor":1.0,"turns":6.0},{"damage":6.0,"enemies":"Cultist","floor":2.0,"turns":4.0},{"damage":1.0,"enemies":"Small Slimes","floor":4.0,"turns":4.0},{"damage":8,"enemies":"Gremlin Nob","floor":8,"turns":3},{"damage":18,"enemies":"Lagavulin","floor":10,"turns":8},{"damage":0,"enemies":"Blue Slaver","floor":11,"turns":5},{"damage":7,"enemies":"2 Fungi Beasts","floor":14,"turns":4},{"damage":29,"enemies":"Hexaghost","floor":16,"turns":9},{"damage":19,"enemies":"Spheric Guardian","floor":18,"turns":6},{"damage":1,"enemies":"Chosen","floor":22,"turns":3},{"damage":35,"enemies":"Book of Stabbing","floor":24,"turns":5},{"damage":12,"enemies":"Snake Plant","floor":27,"turns":3},{"damage":32,"enemies":"Slavers","floor":28,"turns":4},{"damage":7,"enemies":"Masked Bandits","floor":29,"turns":4},{"damage":11,"enemies":"Snecko","floor":30,"turns":5},{"damage":55,"enemies":"Collector","floor":33,"turns":7},{"damage":15,"enemies":"3 Darklings","floor":35,"turns":4},{"damage":22,"enemies":"2 Orb Walkers","floor":36,"turns":4},{"damage":0,"enemies":"3 Shapes","floor":39,"turns":2},{"damage":31,"enemies":"Giant Head","floor":40,"turns":6},{"damage":12,"enemies":"Reptomancer","floor":42,"turns":4},{"damage":5,"enemies":"Nemesis","floor":44,"turns":3},{"damage":27,"enemies":"Giant Head","floor":46,"turns":5},{"damage":0,"enemies":"Maw","floor":48,"turns":6},{"damage":92,"enemies":"Awakened One","floor":50,"turns":9}],"seed_played":"-8666671588072640311","potions_obtained":[{"floor":4.0,"key":"BloodPotion"},{"floor":11,"key":"Swift Potion"},{"floor":18,"key":"HeartOfIron"},{"floor":28,"key":"ElixirPotion"},{"floor":30,"key":"ColorlessPotion"},{"floor":39,"key":"LiquidBronze"},{"floor":42,"key":"LiquidMemories"}],"is_trial":false,"path_per_floor":["M","M","?","M","T","$","R","E","T","E","M","?","T","M","R","B",null,"M","?","$","?","M","R","E","?","T","M","E","?","M","?","R","B",null,"M","?","$","?","M","E","R","E","T","E","R","E","?","M","R","B"],"character_chosen":"IRONCLAD","items_purchased":["Apotheosis","PowerPotion"],"campfire_rested":0,"item_purchase_floors":[6,6],"current_hp_per_floor":[48,48,48,53,53,53,53,51,51,43,53,53,53,56,56,45,77,64,64,64,64,73,73,56,56,56,56,44,61,58,37,37,21,80,73,59,59,45,65,54,61,69,69,76,76,73,73,81,81,0,0],"gold":77,"neow_bonus":"TWO_FIFTY_GOLD","is_daily":false,"chose_seed":false,"campfire_upgraded":2,"win_rate":0.0,"timestamp":1611145657,"path_taken":["M","M","?","?","?","$","R","E","T","E","M","?","?","M","R","BOSS","M","?","$","?","M","R","E","?","T","M","E","?","M","?","R","BOSS","M","?","$","?","?","E","R","E","T","E","R","E","?","M","R","BOSS"],"items_purchased_type":["Card","Potion"],"build_version":"2020-12-22","purchased_purges":2,"victory":false,"max_hp_per_floor":[75,75,75,75,75,75,75,75,75,79,83,83,83,87,87,87,87,87,87,87,87,91,91,91,91,91,95,95,99,99,99,99,99,99,99,99,99,99,99,99,106,106,106,110,110,114,114,114,114,114,114],"card_choices":[{"not_picked":["Twin Strike","Rampage"],"picked":"Shrug It Off","floor":1.0},{"not_picked":["Dual Wield","Bloodletting"],"picked":"Fire Breathing","floor":2.0},{"not_picked":["Entrench","Flex"],"picked":"Wild Strike","floor":4.0},{"not_picked":["Heavy Blade","Juggernaut"],"picked":"Feed","floor":8},{"not_picked":["Thunderclap","Flame Barrier"],"picked":"Pommel Strike","floor":10},{"not_picked":["Pommel Strike","Perfected Strike","Iron Wave"],"picked":"SKIP","floor":11},{"not_picked":["Heavy Blade","Inflame"],"picked":"Shockwave","floor":14},{"not_picked":["Flex+1","Wild Strike","Anger"],"picked":"SKIP","floor":18},{"not_picked":["Headbutt+1","Twin Strike","Thunderclap"],"picked":"SKIP","floor":22},{"not_picked":["Body Slam","Havoc"],"picked":"Corruption","floor":24},{"not_picked":["Warcry","True Grit"],"picked":"Armaments","floor":27},{"not_picked":["Armaments","Bloodletting"],"picked":"Body Slam","floor":28},{"not_picked":["Combust","Perfected Strike"],"picked":"Power Through","floor":29},{"not_picked":["Thunderclap","Sword Boomerang","Clothesline"],"picked":"SKIP","floor":30},{"not_picked":["Reaper","Demon Form"],"picked":"Exhume","floor":33},{"not_picked":["Reckless Charge+1","Intimidate","Pommel Strike"],"picked":"SKIP","floor":35},{"not_picked":["Cleave+1","Pommel Strike+1","Infernal Blade"],"picked":"SKIP","floor":39},{"not_picked":["Berserk","Metallicize"],"picked":"Shrug It Off","floor":40},{"not_picked":["Body Slam","Pommel Strike+1"],"picked":"Exhume","floor":42},{"not_picked":["Havoc+1","Burning Pact"],"picked":"Shrug It Off","floor":44},{"not_picked":["Dropkick+1","True Grit+1","Perfected Strike"],"picked":"SKIP","floor":46},{"not_picked":["Havoc+1","Flex+1"],"picked":"Power Through+1","floor":48}],"player_experience":1331912,"relics_obtained":[{"floor":8,"key":"Omamori"},{"floor":9,"key":"WingedGreaves"},{"floor":10,"key":"Meat on the Bone"},{"floor":13,"key":"Centennial Puzzle"},{"floor":24,"key":"Shovel"},{"floor":26,"key":"Blood Vial"},{"floor":28,"key":"Gremlin Horn"},{"floor":29,"key":"Red Mask"},{"floor":31,"key":"Enchiridion"},{"floor":32,"key":"War Paint"},{"floor":34,"key":"Anchor"},{"floor":34,"key":"Darkstone Periapt"},{"floor":34,"key":"Pocketwatch"},{"floor":36,"key":"Charon\u0027s Ashes"},{"floor":40,"key":"Pen Nib"},{"floor":41,"key":"Strawberry"},{"floor":42,"key":"PreservedInsect"},{"floor":43,"key":"Oddly Smooth Stone"},{"floor":44,"key":"Akabeko"},{"floor":45,"key":"Toxic Egg 2"},{"floor":46,"key":"Bottled Lightning"},{"floor":49,"key":"Orichalcum"}],"event_choices":[{"cards_removed":["Strike_R"],"damage_healed":0.0,"max_hp_gain":0.0,"max_hp_loss":0.0,"gold_gain":0.0,"event_name":"Purifier","player_choice":"Purged","floor":3.0,"gold_loss":0.0,"damage_taken":0.0},{"damage_healed":0,"gold_gain":0,"cards_transformed":["Strike_R"],"player_choice":"Change","damage_taken":0,"max_hp_gain":0,"max_hp_loss":0,"event_name":"Living Wall","floor":12,"gold_loss":0,"cards_obtained":["Infernal Blade"]},{"damage_healed":0,"gold_gain":100,"player_choice":"Bet on Murderer","damage_taken":0,"max_hp_gain":0,"max_hp_loss":0,"event_name":"The Joust","floor":19,"gold_loss":50},{"damage_healed":0,"gold_gain":0,"cards_transformed":["Strike_R","Defend_R"],"player_choice":"Became Test Subject","damage_taken":0,"max_hp_gain":0,"max_hp_loss":0,"event_name":"Drug Dealer","floor":21,"gold_loss":0,"cards_obtained":["Cleave","Sever Soul"]},{"cards_removed":["Sever Soul"],"damage_healed":0,"gold_gain":0,"player_choice":"Gave Gold","damage_taken":0,"max_hp_gain":0,"max_hp_loss":0,"event_name":"Beggar","floor":25,"gold_loss":75},{"damage_healed":0,"gold_gain":0,"player_choice":"Fought Bandits","damage_taken":0,"max_hp_gain":0,"max_hp_loss":0,"event_name":"Masked Bandits","floor":29,"gold_loss":0},{"damage_healed":0,"gold_gain":0,"player_choice":"Obtained Book","damage_taken":21,"max_hp_gain":0,"max_hp_loss":0,"event_name":"Cursed Tome","floor":31,"gold_loss":0},{"damage_healed":0,"gold_gain":0,"player_choice":"Fight","damage_taken":0,"max_hp_gain":0,"max_hp_loss":0,"event_name":"Mysterious Sphere","floor":36,"gold_loss":0},{"damage_healed":0,"gold_gain":0,"player_choice":"Damaged","damage_taken":14,"max_hp_gain":0,"max_hp_loss":0,"event_name":"Wheel of Change","floor":38,"gold_loss":0},{"damage_healed":0,"gold_gain":0,"player_choice":"Ignored","damage_taken":0,"max_hp_gain":0,"max_hp_loss":0,"event_name":"Golden Shrine","floor":47,"gold_loss":0}],"is_beta":false,"boss_relics":[{"not_picked":["Tiny House","SacredBark"],"picked":"Ectoplasm"},{"not_picked":["Velvet Choker","Busted Crown"],"picked":"Calling Bell"}],"items_purged_floors":[6,20],"is_endless":false,"potions_floor_spawned":[4,11,14,18,28,30,39,42,44],"killed_by":"Awakened One","ascension_level":20}}