{"host":"e6sgj53qqwx3piqv","time":1611157685,"event":{"mods":["AchievementEnabler","Aspiration","BaseMod","BetterRewards","Colored Powertips","Downfall","Hermit","Highlight Path","Hubris","Infinite Spire","Minty Spire (QoL Compilation)","Quick Restart","Rare Cards Sparkle","Shop Mod","StSLib","The Cursed","The Disciple","The Jungle","The Runesmith"],"gold_per_floor":[110,210,230,305,305,336,355,373,396,396,396],"floor_reached":10,"language":"ENG","playtime":307,"items_purged":[],"score":93,"play_id":"040f8a16-7b13-4735-ab6e-f6aacc57cad6","local_time":"20210120104805","is_ascension_mode":false,"campfire_choices":[],"circlet_count":0,"master_deck":["Strike_G","Strike_G","Strike_G","Strike_G","Strike_G","Defend_G","Defend_G","Defend_G","Defend_G","Defend_G","Survivor","Neutralize","PiercingWail","Riddle With Holes","Distraction","Caltrops","Predator"],"relics":["Ring of the Snake","NeowsBlessing","Blood Vial","Boot"],"acts_visited":["Exordium"],"potions_floor_usage":[10,10],"damage_taken":[{"damage":0,"enemies":"Small Slimes","floor":1,"turns":1},{"damage":0,"enemies":"Cultist","floor":3,"turns":1},{"damage":0,"enemies":"Lagavulin","floor":6,"turns":1},{"damage":3,"enemies":"Jaw Worm","floor":7,"turns":4},{"damage":7,"enemies":"Blue Slaver","floor":8,"turns":5},{"damage":66,"enemies":"Gremlin Nob","floor":10,"turns":5}],"seed_played":"-852509091361476590","potions_obtained":[{"floor":6,"key":"GamblersBrew"},{"floor":7,"key":"SteroidPotion"},{"floor":8,"key":"PowerPotion"}],"is_trial":false,"path_per_floor":["M","?","M","?","T","E","M","M","T","E"],"character_chosen":"THE_SILENT","items_purchased":[],"campfire_rested":0,"item_purchase_floors":[],"current_hp_per_floor":[70,70,70,59,59,59,58,53,53,0,0],"gold":396,"neow_bonus":"THREE_ENEMY_KILL","is_daily":false,"chose_seed":false,"campfire_upgraded":0,"win_rate":0.0,"timestamp":1611157685,"path_taken":["M","?","?","?","?","E","M","?","T","E"],"items_purchased_type":[],"build_version":"2020-12-22","purchased_purges":0,"victory":false,"max_hp_per_floor":[70,70,70,70,70,70,70,70,70,70,70],"card_choices":[{"not_picked":["Distraction","Bane"],"picked":"PiercingWail","floor":1},{"not_picked":["Cloak And Dagger","Prepared"],"picked":"Riddle With Holes","floor":3},{"not_picked":["PiercingWail","Bane"],"picked":"Distraction","floor":6},{"not_picked":["Dodge and Roll","hubris:SlightOfHand"],"picked":"Caltrops","floor":7},{"not_picked":["Well Laid Plans","Skewer"],"picked":"Predator","floor":8}],"player_experience":200533,"relics_obtained":[{"floor":6,"key":"Blood Vial"},{"floor":9,"key":"Boot"}],"event_choices":[{"damage_healed":0,"gold_gain":100,"player_choice":"Pray","damage_taken":0,"max_hp_gain":0,"max_hp_loss":0,"event_name":"Golden Shrine","floor":2,"gold_loss":0},{"damage_healed":0,"gold_gain":75,"player_choice":"Gather Gold","damage_taken":11,"max_hp_gain":0,"max_hp_loss":0,"event_name":"World of Goop","floor":4,"gold_loss":0}],"is_beta":false,"boss_relics":[],"items_purged_floors":[],"is_endless":false,"potions_floor_spawned":[6,7,8],"killed_by":"Gremlin Nob","ascension_level":0}}