{"host":"Teixeira","time":1611115673,"event":{"mods":["2.2 Compatiblity","AchievementEnabler","Aspiration","BaseMod","Better Match","Better Note","Better Sensory Stone","Better Skull","Better Third Choice","Colored Map","Colored Powertips","Downfall","Hermit","Hubris","Infinite Spire","Minty Spire (QoL Compilation)","Permanent Neow","Quick Restart","Rare Cards Sparkle","Relic Filter","Spicy Shops","StS++","StSLib","SuperFastMode"],"gold_per_floor":[99,123,137,137,10,23,50,93,93,78,78,103,103,88,109,237,237,137,152,152,152,170,170,219,119,153,153,173,187,211,244,263,393,393,393,412,397,397,418,443,470,485,524,524,47,83,0,0,13,13,13,54,54,54,54,54,54,54],"floor_reached":56,"language":"ENG","playtime":8800,"items_purged":["bronze:Defend","bronze:Defend","bronze:Defend"],"score":822,"play_id":"6e2e6a9a-6999-46d0-bcf4-1e5824701f6c","local_time":"20210120010753","is_ascension_mode":false,"campfire_choices":[{"data":"bronze:HardenedForm","floor":1.0,"key":"SMITH"},{"data":"bronze:Goto","floor":11.0,"key":"SMITH"},{"data":"bronze:Shell","floor":13.0,"key":"SMITH"},{"floor":18.0,"key":"RECALL"},{"data":"bronze:Verify","floor":25.0,"key":"SMITH"},{"data":"bronze:HardenedForm","floor":27.0,"key":"SMITH"},{"data":"bronze:Shell","floor":35.0,"key":"SMITH"},{"data":"Mayhem","floor":47,"key":"SMITH"},{"data":"Violence","floor":54,"key":"SMITH"}],"circlet_count":0,"master_deck":["bronze:Strike","bronze:Strike","bronze:Strike","bronze:Strike","bronze:Defend","bronze:Replicate","bronze:Goto+1","bronze:HardenedForm+1","bronze:OilSpill","bronze:DelayedGuard","bronze:ChildClass","bronze:Repair","bronze:Repair","bronze:FollowUp","bronze:Branch","bronze:Shell+1","bronze:Frontload","bronze:HardenedForm+1","bronze:Verify+1","bronze:Replicate+1","bronze:AlphaBuild","bronze:Branch","bronze:Shell+1","bronze:DelayedSlice","Violence+1","Mayhem+1"],"relics":["bronze:BronzeCore","Golden Idol","MealTicket","hubris:ToyBattleship","infinitespire:Beetle Shell","aspiration:PoetsPen_weak","downfall:HeartBlessingBlue","infinitespire:ShieldingShard","Omamori","downfall:HeartBlessingRed","Orichalcum","hubris:BottledRain","Philosopher\u0027s Stone","infinitespire:Lucky Rock","infinitespire:Joker Card","Centennial Puzzle","infinitespire:Satchel","Molten Egg 2","Ice Cream","downfall:HeartBlessingGreen","infinitespire:PuzzleCube"],"acts_visited":["Exordium","TheCity","TheBeyond","TheEnding"],"potions_floor_usage":[50,55,56,56,56],"damage_taken":[{"damage":5.0,"enemies":"Cultist","floor":2.0,"turns":4.0},{"damage":11.0,"enemies":"Jaw Worm","floor":3.0,"turns":2.0},{"damage":0.0,"enemies":"downfall:FleeingMerchant","floor":5.0,"turns":4.0},{"damage":1.0,"enemies":"Small Slimes","floor":6.0,"turns":3.0},{"damage":0.0,"enemies":"Gremlin Nob","floor":8.0,"turns":3.0},{"damage":0.0,"enemies":"downfall:FleeingMerchant","floor":10.0,"turns":4.0},{"damage":0.0,"enemies":"Exordium Wildlife","floor":12.0,"turns":4.0},{"damage":0.0,"enemies":"downfall:FleeingMerchant","floor":14.0,"turns":4.0},{"damage":0.0,"enemies":"Blue Slaver","floor":15.0,"turns":4.0},{"damage":16.0,"enemies":"SI_SHIV_ARCHETYPE","floor":16.0,"turns":10.0},{"damage":0.0,"enemies":"Chosen","floor":19.0,"turns":3.0},{"damage":0.0,"enemies":"Snake Plant","floor":22.0,"turns":4.0},{"damage":26.0,"enemies":"Slavers","floor":26.0,"turns":5.0},{"damage":17.0,"enemies":"Centurion and Healer","floor":28.0,"turns":5.0},{"damage":2.0,"enemies":"Snecko","floor":29.0,"turns":6.0},{"damage":17.0,"enemies":"Snake Plant","floor":30.0,"turns":5.0},{"damage":6.0,"enemies":"Book of Stabbing","floor":31.0,"turns":4.0},{"damage":0.0,"enemies":"Chosen and Byrds","floor":32.0,"turns":5.0},{"damage":52.0,"enemies":"DF_ARCHETYPE_CLAW","floor":33.0,"turns":11.0},{"damage":0.0,"enemies":"3 Shapes","floor":36.0,"turns":3.0},{"damage":3.0,"enemies":"downfall:FleeingMerchant","floor":37.0,"turns":4.0},{"damage":0,"enemies":"Orb Walker","floor":39,"turns":2},{"damage":32,"enemies":"Transient","floor":40,"turns":5},{"damage":0,"enemies":"Writhing Mass","floor":42,"turns":5},{"damage":8,"enemies":"Nemesis","floor":43,"turns":9},{"damage":11,"enemies":"downfall:FleeingMerchant","floor":45,"turns":3},{"damage":2,"enemies":"Giant Head","floor":46,"turns":7},{"damage":0,"enemies":"Maw","floor":49,"turns":6},{"damage":67,"enemies":"IC_BLOCK_ARCHETYPE","floor":50,"turns":10},{"damage":0,"enemies":"downfall:CharBossMerchant","floor":52,"turns":7},{"damage":49,"enemies":"downfall:NeowBoss","floor":55,"turns":13},{"damage":49,"enemies":"downfall:NeowBossFinal","floor":56,"turns":3}],"seed_played":"-134615980499079480","potions_obtained":[{"floor":3.0,"key":"Slimebound:ThreeZeroPotion"},{"floor":8.0,"key":"PowerPotion"},{"floor":12.0,"key":"Fruit Juice"},{"floor":15.0,"key":"Strength Potion"},{"floor":16.0,"key":"Energy Potion"},{"floor":26.0,"key":"Weak Potion"},{"floor":43,"key":"StSpp:ScatteredWeakPotion"},{"floor":46,"key":"LiquidMemories"},{"floor":49,"key":"champ:CounterPotion"}],"is_trial":false,"path_per_floor":["R","M","M","T","$","M","T","E","T","$","R","M","R","$","M","B",null,"R","M","?","AVR","M","?","T","R","E","R","M","M","M","E","M","B",null,"R","M","$","?","M","M","T","M","E","?","$","E","R","$","M","B",null,"E","$","R","B","B"],"character_chosen":"THE_AUTOMATON","items_purchased":["bronze:Repair","Centennial Puzzle","infinitespire:Satchel","Molten Egg 2","Mayhem"],"campfire_rested":0,"item_purchase_floors":[5,45,45,45,45],"current_hp_per_floor":[70,65,54,54,54,60,60,67,67,70,70,70,70,75,75,59,75,85,85,85,85,85,85,85,85,66,66,49,61,51,45,52,14,85,85,85,85,85,85,53,53,67,73,73,74,79,79,85,85,25,85,85,85,85,36,0,0,0],"gold":54,"neow_bonus":"ONE_RANDOM_RARE_CARD","is_daily":false,"chose_seed":false,"campfire_upgraded":8,"win_rate":0.0,"timestamp":1611115673,"path_taken":["R","M","M","?","$","M","T","E","?","?","R","M","R","$","M","BOSS","R","M","?","AVR","M","?","T","R","E","R","M","M","M","E","M","BOSS","R","M","$","?","M","M","T","M","E","?","$","E","R","?","M","BOSS","E","$","R","BOSS","BOSS"],"items_purchased_type":["Card","Relic","Relic","Relic","Card"],"build_version":"2020-11-17","purchased_purges":3,"victory":false,"max_hp_per_floor":[70,70,70,70,70,70,70,70,70,70,70,70,70,75,75,75,75,85,85,85,85,85,85,85,85,85,85,85,85,85,85,85,85,85,85,85,85,85,85,85,85,85,85,85,85,85,85,85,85,85,85,85,85,85,85,85,85,85],"card_choices":[{"not_picked":["bronze:Iterate","bronze:ItsAFeature"],"picked":"bronze:OilSpill","floor":2.0},{"not_picked":["bronze:DarkDash","bronze:Overload"],"picked":"bronze:DelayedGuard","floor":3.0},{"not_picked":["bronze:Backtrace","bronze:CutThrough"],"picked":"bronze:ChildClass","floor":5.0},{"not_picked":["bronze:CleanCode","bronze:ForceShield"],"picked":"bronze:Repair","floor":6.0},{"not_picked":["bronze:Philosophize","bronze:Backtrace"],"picked":"bronze:FollowUp","floor":8.0},{"not_picked":["bronze:CloningBeam","bronze:Deprecate"],"picked":"bronze:Branch","floor":10.0},{"not_picked":["bronze:Overheat","bronze:FineTuning"],"picked":"bronze:Shell","floor":12.0},{"not_picked":["bronze:FineTuning","bronze:Backtrace"],"picked":"bronze:Frontload","floor":14.0},{"not_picked":["bronze:CutThrough","bronze:Turbo"],"picked":"bronze:HardenedForm","floor":15.0},{"not_picked":["bronze:ThunderWave","bronze:Format"],"picked":"bronze:Verify","floor":16.0},{"not_picked":["bronze:DelayedSlice","bronze:Repair","bronze:Frontload"],"picked":"SKIP","floor":19.0},{"not_picked":["bronze:Branch","bronze:OilSpill","bronze:Allocate"],"picked":"SKIP","floor":22.0},{"not_picked":["bronze:BurnOut","bronze:HardenedForm"],"picked":"bronze:AlphaBuild","floor":26.0},{"not_picked":["bronze:WhirlingStrike","bronze:Invalidate","bronze:Safeguard"],"picked":"SKIP","floor":28.0},{"not_picked":["bronze:WhirlingStrike","bronze:Invalidate","bronze:Safeguard"],"picked":"SKIP","floor":28.0},{"not_picked":["bronze:Turbo","bronze:BugBarrage"],"picked":"bronze:Branch","floor":29.0},{"not_picked":["bronze:Iterate","bronze:Return+1","bronze:OilSpill+1"],"picked":"SKIP","floor":30.0},{"not_picked":["bronze:Iterate","bronze:Return+1","bronze:OilSpill+1"],"picked":"SKIP","floor":30.0},{"not_picked":["bronze:Optimize+1","bronze:CloningBeam","bronze:Safeguard"],"picked":"SKIP","floor":31.0},{"not_picked":["bronze:Deprecate","bronze:Shield+1"],"picked":"bronze:Shell","floor":32.0},{"not_picked":["bronze:WildBeam","bronze:Optimize","bronze:BugBarrage+1"],"picked":"SKIP","floor":36.0},{"not_picked":["bronze:SpaghettiCode","bronze:CloningBeam+1"],"picked":"bronze:DelayedSlice","floor":37},{"not_picked":["bronze:ForLoop+1","bronze:DelayedGuard","bronze:BronzeOrb"],"picked":"SKIP","floor":39},{"not_picked":["bronze:Backtrace+1","bronze:Frontload","bronze:WildBeam+1"],"picked":"SKIP","floor":40},{"not_picked":["bronze:OilSpill+1","bronze:Overheat","bronze:Return+1"],"picked":"SKIP","floor":42},{"not_picked":["bronze:Backtrace+1","bronze:ItsAFeature+1","bronze:Verify"],"picked":"SKIP","floor":43},{"not_picked":["The Bomb","Forethought"],"picked":"Violence","floor":44},{"not_picked":["bronze:ChosenStrike+1","bronze:CutThrough","bronze:OilSpill+1"],"picked":"SKIP","floor":45},{"not_picked":["bronze:Turbo+1","bronze:FollowUp+1","bronze:BugBarrage+1"],"picked":"SKIP","floor":46},{"not_picked":["bronze:DelayedSlice+1","bronze:BugBarrage+1","bronze:Flail+1"],"picked":"SKIP","floor":49},{"not_picked":["bronze:Deprecate+1","bronze:RecursiveStrike+1","bronze:OilSpill+1"],"picked":"SKIP","floor":52}],"player_experience":137848,"relics_obtained":[{"floor":7.0,"key":"MealTicket"},{"floor":8.0,"key":"hubris:ToyBattleship"},{"floor":9.0,"key":"infinitespire:Beetle Shell"},{"floor":24.0,"key":"Omamori"},{"floor":26.0,"key":"Orichalcum"},{"floor":31.0,"key":"hubris:BottledRain"},{"floor":41,"key":"infinitespire:Lucky Rock"},{"floor":43,"key":"infinitespire:Joker Card"},{"floor":46,"key":"Ice Cream"},{"floor":52,"key":"infinitespire:PuzzleCube"}],"event_choices":[{"cards_removed":["bronze:Shell"],"damage_healed":0.0,"max_hp_gain":0.0,"max_hp_loss":0.0,"gold_gain":0.0,"event_name":"betterNote:BetterNote","player_choice":"Take \u0026 Give","floor":20.0,"gold_loss":0.0,"damage_taken":0.0,"cards_obtained":["bronze:Replicate"]},{"damage_healed":0.0,"max_hp_gain":0.0,"max_hp_loss":0.0,"gold_gain":0.0,"event_name":"Vampires","player_choice":"Ignored","floor":23.0,"gold_loss":0.0,"damage_taken":0.0},{"damage_healed":0,"gold_gain":3,"player_choice":"1","damage_taken":0,"max_hp_gain":0,"max_hp_loss":0,"event_name":"betterStone:BetterStone","floor":44,"gold_loss":0}],"is_beta":true,"boss_relics":[{"not_picked":["Astrolabe","StSpp:PileOfSugar"],"picked":"aspiration:PoetsPen_weak"},{"not_picked":["Runic Dome","Sozu"],"picked":"Philosopher\u0027s Stone"}],"items_purged_floors":[5,21,45],"is_endless":false,"potions_floor_spawned":[3,8,12,15,16,22,26,28,31,43,46,49],"killed_by":"downfall:NeowBossFinal","ascension_level":0}}