{"host":"mai03x2ekbjy4059","time":1611111233,"event":{"mods":["2.2 Compatiblity","BaseMod","Colored Map","DeckTracker","Keyboard Shortcuts","Minty Spire (QoL Compilation)","Permanent Neow","Quick Restart","SuperFastMode","everything is the same but u backflip on backflip"],"gold_per_floor":[19,34,309,319,319,319,354,354,400,19,45,64,99,117,117,222,222,222],"floor_reached":17,"language":"KOR","playtime":473,"items_purged":["Regret"],"score":184,"play_id":"1307c73c-fa9f-4376-9f47-966d01946591","local_time":"20210120115353","is_ascension_mode":true,"campfire_choices":[{"data":"Gash","floor":6.0,"key":"SMITH"},{"data":"Chill","floor":8,"key":"SMITH"},{"data":"Scrape","floor":15,"key":"SMITH"}],"circlet_count":0,"master_deck":["Strike_B","Strike_B","Strike_B","Strike_B","Defend_B","Defend_B","Defend_B","Defend_B","Zap","Dualcast","Gash+1","Chill+1","Steam","Core Surge","Steam","Go for the Eyes","Scrape+1","Electrodynamics"],"relics":["Cracked Core","Torii","Ancient Tea Set","Tiny Chest","ClockworkSouvenir","Strawberry","HornCleat","Black Star"],"acts_visited":["Exordium","TheCity"],"potions_floor_usage":[7,7,11,16],"damage_taken":[{"damage":1.0,"enemies":"2 Louse","floor":1.0,"turns":2.0},{"damage":1.0,"enemies":"Cultist","floor":2.0,"turns":3.0},{"damage":1.0,"enemies":"Small Slimes","floor":4.0,"turns":3.0},{"damage":33,"enemies":"Gremlin Nob","floor":7,"turns":4},{"damage":16,"enemies":"Lagavulin","floor":11,"turns":7},{"damage":0,"enemies":"Gremlin Gang","floor":12,"turns":5},{"damage":1,"enemies":"3 Sentries","floor":13,"turns":11},{"damage":1,"enemies":"Looter","floor":14,"turns":3},{"damage":1,"enemies":"Hexaghost","floor":16,"turns":9}],"seed_played":"-69494744464680622","potions_obtained":[{"floor":1.0,"key":"ColorlessPotion"},{"floor":4.0,"key":"LiquidMemories"},{"floor":5.0,"key":"PowerPotion"},{"floor":5.0,"key":"DuplicationPotion"},{"floor":13,"key":"SmokeBomb"},{"floor":14,"key":"ColorlessPotion"}],"is_trial":false,"path_per_floor":["M","M","?","M","?","R","E","R","T","$","E","M","E","M","R","B",null],"character_chosen":"DEFECT","items_purchased":["Core Surge","Steam","ClockworkSouvenir"],"campfire_rested":0,"item_purchase_floors":[10,10,10],"current_hp_per_floor":[74,73,73,72,72,72,39,39,39,39,30,30,29,28,28,27,82,82],"gold":222,"neow_bonus":"ONE_RARE_RELIC","is_daily":false,"chose_seed":false,"campfire_upgraded":3,"win_rate":0.0,"timestamp":1611111233,"path_taken":["M","M","?","?","?","R","E","R","T","$","E","M","E","?","R","BOSS"],"items_purchased_type":["Card","Card","Relic"],"build_version":"2020-12-22","purchased_purges":1,"victory":false,"max_hp_per_floor":[75,75,75,75,75,75,75,75,75,75,82,82,82,82,82,82,82,82],"card_choices":[{"not_picked":["Storm","Go for the Eyes"],"picked":"Gash","floor":1.0},{"not_picked":["Cold Snap","Conserve Battery"],"picked":"Chill","floor":2.0},{"not_picked":["Compile Driver","Loop","Darkness"],"picked":"SKIP","floor":4.0},{"not_picked":["Hello World","Self Repair"],"picked":"Steam","floor":7},{"not_picked":["Chill","Steam Power","Loop"],"picked":"SKIP","floor":11},{"not_picked":["Recycle","Rebound"],"picked":"Go for the Eyes","floor":12},{"not_picked":["Hello World","Meteor Strike","Buffer"],"picked":"SKIP","floor":13},{"not_picked":["Cold Snap","Compile Driver"],"picked":"Scrape","floor":14},{"not_picked":["Meteor Strike","Seek"],"picked":"Electrodynamics","floor":16}],"player_experience":1101104,"relics_obtained":[{"floor":7,"key":"Ancient Tea Set"},{"floor":9,"key":"Tiny Chest"},{"floor":11,"key":"Strawberry"},{"floor":13,"key":"HornCleat"}],"event_choices":[{"damage_healed":0.0,"max_hp_gain":0.0,"max_hp_loss":0.0,"gold_gain":275.0,"event_name":"Golden Shrine","player_choice":"Desecrate","floor":3.0,"gold_loss":0.0,"damage_taken":0.0,"cards_obtained":["Regret"]},{"damage_healed":0.0,"max_hp_gain":0.0,"max_hp_loss":0.0,"gold_gain":0.0,"event_name":"Lab","player_choice":"Got Potions","floor":5.0,"gold_loss":0.0,"damage_taken":0.0}],"is_beta":false,"boss_relics":[{"not_picked":["Tiny House","FrozenCore"],"picked":"Black Star"}],"items_purged_floors":[10],"is_endless":false,"potions_floor_spawned":[1,4,13,14],"ascension_level":1}}