{"host":"obplhmlw33xb91v8","time":1611104625,"event":{"mods":["BaseMod","Block Reminder","Curses Come First","Dio Mod","Evolution","Friendly Minions","HololiveMod","Koishi","Minty Spire (QoL Compilation)","Quick Restart","Relic Stats","Shop Mod","Spicy Shops","StSLib","The IronCluck","The Servant 0.9.4","Uncapped","Waifu the Spire","Yakumo Yukari mod","Yohane!","Youmu??????","Yuyuko","egg"],"gold_per_floor":[78,96,106,124,142,142,175,29,29,41,57,79,79,109,109,217,217,237,310,360,373,423,465,465,514,514,367,367,367],"floor_reached":28,"language":"ENG","playtime":1127,"items_purged":[],"score":417,"play_id":"1d1f33eb-0e6c-4aac-9b95-4138da2f67a4","local_time":"20210119200345","is_ascension_mode":true,"campfire_choices":[{"data":"Hololive_CallAkaiHaato","floor":6,"key":"SMITH"},{"data":"Hololive_CallTokoyamiTowa","floor":15,"key":"SMITH"},{"floor":24,"key":"REST"}],"circlet_count":0,"master_deck":["Hololive_OvertimeWork","Hololive_CallHoshimachiSuisei","Hololive_CallNekomataOkayu","Hololive_CallShiroganeNoel","Hololive_CallOkamiMio","Hololive_CallKiryuuCoco","Hololive_SoulCatcher","Hololive_ManjiGathering","Hololive_Rebound","Hololive_Watashimo","Hololive_CallHimemoriLuna","Hololive_CallAkaiHaato+1","Hololive_CocoNews","Hololive_CallShiranuiFlare","Hololive_CallHoushouMarine","Hololive_CallYogiri","Hololive_ILoveYou+1","Hololive_RevenueBasedLive+1","Hololive_CallTokoyamiTowa+1","Hololive_Breathe+1","Hololive_Thief+1","Hololive_CallDoris"],"relics":["EVO:Axolotl","Pandora\u0027s Box","Toxic Egg 2","Hololive_FriedShrimpLion","SsserpentHead","Oddly Smooth Stone","Hololive_TopUpMoneyS","Bottled Tornado","Question Card","Frozen Egg 2","Medical Kit"],"acts_visited":["Exordium","TheCity"],"potions_floor_usage":[21,23,28],"damage_taken":[{"damage":0,"enemies":"Cultist","floor":1,"turns":4},{"damage":3,"enemies":"Small Slimes","floor":2,"turns":3},{"damage":0,"enemies":"2 Louse","floor":3,"turns":1},{"damage":0,"enemies":"2 Fungi Beasts","floor":4,"turns":3},{"damage":0,"enemies":"Looter","floor":5,"turns":3},{"damage":0,"enemies":"Lagavulin","floor":7,"turns":6},{"damage":0,"enemies":"Blue Slaver","floor":10,"turns":3},{"damage":0,"enemies":"3 Louse","floor":11,"turns":3},{"damage":0,"enemies":"2 Fungi Beasts","floor":12,"turns":3},{"damage":0,"enemies":"Gremlin Nob","floor":14,"turns":4},{"damage":0,"enemies":"Slime Boss","floor":16,"turns":5},{"damage":0,"enemies":"3 Byrds","floor":18,"turns":4},{"damage":0,"enemies":"Shell Parasite","floor":19,"turns":4},{"damage":6,"enemies":"Snake Plant","floor":21,"turns":4},{"damage":20,"enemies":"Slavers","floor":23,"turns":6},{"damage":0,"enemies":"Gremlin Leader","floor":25,"turns":4},{"damage":23,"enemies":"Slavers","floor":28,"turns":2}],"seed_played":"-778089027410933137","potions_obtained":[{"floor":1,"key":"SkillPotion"},{"floor":2,"key":"Swift Potion"},{"floor":5,"key":"Weak Potion"},{"floor":23,"key":"PowerPotion"}],"is_trial":false,"path_per_floor":["M","M","M","M","M","R","E","$","T","M","M","M","?","E","R","B",null,"M","M","?","M","?","E","R","E","T","$","E"],"character_chosen":"Hololive_HololiveCharacter","items_purchased":["Hololive_FriedShrimpLion","Medical Kit"],"campfire_rested":1,"item_purchase_floors":[8,27],"current_hp_per_floor":[35,32,32,32,32,32,32,32,32,32,32,32,32,32,32,32,35,35,35,35,29,29,9,19,19,19,19,0,0],"gold":367,"neow_bonus":"BOSS_RELIC","is_daily":false,"chose_seed":false,"campfire_upgraded":2,"win_rate":0.0,"timestamp":1611104625,"path_taken":["M","M","M","M","M","R","E","?","T","M","M","?","?","E","R","BOSS","M","?","?","M","?","E","R","E","T","$","E"],"items_purchased_type":["Relic","Relic"],"build_version":"2020-12-22","purchased_purges":0,"victory":false,"max_hp_per_floor":[35,35,35,35,35,35,35,35,35,35,35,35,35,35,35,35,35,35,35,35,35,35,35,35,35,35,35,35,35],"relic_stats":{"SsserpentHead":150,"counters":[17,62],"Pandora\u0027s Box":["Hololive_SoulCatcher","Hololive_ManjiGathering","Hololive_Rebound","Hololive_Watashimo"],"Question Card":0,"Medical Kit":[0],"obtain_stats":[{"SsserpentHead":13,"Hololive_TopUpMoneyS":17,"Hololive_TheStar":0,"Oddly Smooth Stone":14,"Pandora\u0027s Box":0,"Hololive_FriedShrimpLion":8,"EVO:Axolotl":0,"Toxic Egg 2":7,"Bottled Tornado":23,"Frozen Egg 2":26,"Question Card":25,"Medical Kit":27},{"SsserpentHead":9,"Hololive_TopUpMoneyS":11,"Hololive_TheStar":0,"Oddly Smooth Stone":10,"Pandora\u0027s Box":0,"Hololive_FriedShrimpLion":6,"EVO:Axolotl":0,"Toxic Egg 2":6,"Bottled Tornado":15,"Frozen Egg 2":16,"Question Card":16,"Medical Kit":16},{"SsserpentHead":29,"Hololive_TopUpMoneyS":38,"Hololive_TheStar":0,"Oddly Smooth Stone":33,"Pandora\u0027s Box":0,"Hololive_FriedShrimpLion":20,"EVO:Axolotl":0,"Toxic Egg 2":20,"Bottled Tornado":56,"Frozen Egg 2":60,"Question Card":60,"Medical Kit":60}]},"card_choices":[{"not_picked":["Hololive_StrengthChampion","Hololive_CallMurasakiShion"],"picked":"Hololive_CallHimemoriLuna","floor":1},{"not_picked":["Hololive_CocoNews","Hololive_ManjiGathering"],"picked":"Hololive_CallAkaiHaato","floor":2},{"not_picked":["Hololive_Trident","Hololive_Rebound"],"picked":"Hololive_CocoNews","floor":3},{"not_picked":["Hololive_StrengthChampion","Hololive_CocoNews"],"picked":"Hololive_CallShiranuiFlare","floor":4},{"not_picked":["Hololive_Psychosis","Hololive_OvertimeWork"],"picked":"Hololive_CallHoushouMarine","floor":5},{"not_picked":["Hololive_Drill","Hololive_Breathe+1"],"picked":"Hololive_CallYogiri","floor":7},{"not_picked":["Hololive_CallShishiroBotan","Hololive_StrengthChampion"],"picked":"Hololive_ILoveYou+1","floor":10},{"not_picked":["Hololive_Drill","Hololive_BeCareful+1"],"picked":"Hololive_RevenueBasedLive+1","floor":11},{"not_picked":["Hololive_StrengthChampion","Hololive_Breathe+1"],"picked":"Hololive_CallTokoyamiTowa","floor":12},{"not_picked":["Hololive_CocoNews","Hololive_Rebound+1"],"picked":"Hololive_Breathe+1","floor":14},{"not_picked":["Hololive_AWSL","Hololive_MaximGun"],"picked":"Hololive_Thief+1","floor":16}],"player_experience":226841,"relics_obtained":[{"floor":7,"key":"Toxic Egg 2"},{"floor":14,"key":"Oddly Smooth Stone"},{"floor":23,"key":"Bottled Tornado"},{"floor":25,"key":"Question Card"},{"floor":26,"key":"Frozen Egg 2"}],"event_choices":[{"damage_healed":0,"gold_gain":0,"player_choice":"Trade","damage_taken":0,"relics_obtained":["SsserpentHead"],"max_hp_gain":0,"max_hp_loss":0,"event_name":"FaceTrader","floor":13,"gold_loss":0},{"damage_healed":0,"gold_gain":0,"player_choice":"Ignored","damage_taken":0,"max_hp_gain":0,"max_hp_loss":0,"event_name":"Ghosts","floor":20,"gold_loss":0},{"damage_healed":0,"gold_gain":0,"player_choice":"Read","damage_taken":0,"max_hp_gain":0,"max_hp_loss":0,"event_name":"The Library","floor":22,"gold_loss":0,"cards_obtained":["Hololive_CallDoris"]}],"is_beta":false,"boss_relics":[{"not_picked":["Empty Cage","Coffee Dripper"],"picked":"Hololive_TopUpMoneyS"}],"items_purged_floors":[],"is_endless":false,"potions_floor_spawned":[1,2,5,7,14,19,23],"killed_by":"Slavers","ascension_level":1}}