{"host":"b1dzdo8uo7e6jx8g","time":1611167842,"event":{"mods":["AchievementEnabler","BaseMod","BetterRewards","Colored Map","Highlight Path","Minty Spire (QoL Compilation)","StSLib"],"gold_per_floor":[115,80,80,80,80,80,19,19,19,44,74,40,40,65,65,185,185,209,233,233,248,28,71,71,92,92,92,116,141,141,162,162,292,292,308,641,641,658,670,670,670,670,670,32,32,17,17,17,17,17,17,17,17,44,44,44],"floor_reached":55,"language":"ENG","playtime":1780,"items_purged":["Regret","Injury","Writhe"],"score":896,"play_id":"93cef09e-620e-47da-a04d-bf927c29a377","local_time":"20210120193722","is_ascension_mode":false,"campfire_choices":[{"data":"Apotheosis","floor":6,"key":"SMITH"},{"floor":8,"key":"REST"},{"floor":13,"key":"RECALL"},{"data":"Infinite Blades","floor":15,"key":"SMITH"},{"floor":27,"key":"REST"},{"data":"Accuracy","floor":30,"key":"SMITH"},{"floor":32,"key":"REST"},{"floor":40,"key":"REST"},{"floor":42,"key":"REST"},{"data":"Accuracy","floor":45,"key":"SMITH"},{"data":"A Thousand Cuts","floor":49,"key":"SMITH"},{"data":"Blind","floor":52,"key":"SMITH"}],"circlet_count":0,"master_deck":["Strike_G","Strike_G","Strike_G","Strike_G","Defend_G+1","Defend_G+1","Defend_G","Survivor+1","Neutralize+1","Apotheosis+1","Blade Dance","Blade Dance","Infinite Blades+1","Blade Dance","After Image+1","Malaise","Accuracy+1","Malaise","Choke+1","A Thousand Cuts+1","Blade Dance+1","Bullet Time","Blind+1","Accuracy+1","Backstab","Accuracy+1","Infinite Blades"],"relics":["Ring of the Serpent","Membership Card","Tingsha","Bag of Preparation","Pocketwatch","Mango","Blue Candle","Question Card","Bronze Scales","DollysMirror","Lantern","The Courier","Paper Crane","Empty Cage","Lee\u0027s Waffle","War Paint","Blood Vial","Potion Belt","Pen Nib","Bag of Marbles","Happy Flower","Sundial","Akabeko"],"acts_visited":["Exordium","TheCity","TheBeyond","TheEnding"],"potions_floor_usage":[25,39,55,55,55],"damage_taken":[{"damage":7,"enemies":"Small Slimes","floor":1,"turns":3},{"damage":0,"enemies":"Jaw Worm","floor":10,"turns":2},{"damage":1,"enemies":"Cultist","floor":14,"turns":2},{"damage":36,"enemies":"Slime Boss","floor":16,"turns":10},{"damage":2,"enemies":"Shell Parasite","floor":18,"turns":4},{"damage":1,"enemies":"3 Byrds","floor":19,"turns":4},{"damage":5,"enemies":"3 Cultists","floor":21,"turns":6},{"damage":28,"enemies":"Book of Stabbing","floor":23,"turns":6},{"damage":1,"enemies":"Shelled Parasite and Fungi","floor":25,"turns":3},{"damage":3,"enemies":"Snake Plant","floor":28,"turns":4},{"damage":0,"enemies":"3 Cultists","floor":29,"turns":3},{"damage":14,"enemies":"Centurion and Healer","floor":31,"turns":3},{"damage":22,"enemies":"Collector","floor":33,"turns":9},{"damage":32,"enemies":"3 Shapes","floor":35,"turns":3},{"damage":8,"enemies":"Orb Walker","floor":38,"turns":3},{"damage":29,"enemies":"Transient","floor":39,"turns":5},{"damage":40,"enemies":"Donu and Deca","floor":50,"turns":5},{"damage":37,"enemies":"Shield and Spear","floor":54,"turns":5},{"damage":102,"enemies":"The Heart","floor":55,"turns":5}],"seed_played":"-1052490716066502858","potions_obtained":[{"floor":10,"key":"FairyPotion"},{"floor":18,"key":"SkillPotion"},{"floor":25,"key":"Fire Potion"},{"floor":28,"key":"BlessingOfTheForge"},{"floor":33,"key":"CunningPotion"}],"is_trial":false,"path_per_floor":["M","?","?","?","?","R","$","R","T","M","?","$","R","M","R","B",null,"M","M","?","M","$","E","T","M","T","R","M","M","R","M","R","B",null,"M","?","?","M","M","R","?","R","T","$","R","$","?","?","R","B",null,"R","$","E","B"],"character_chosen":"THE_SILENT","items_purchased":["Membership Card","Apotheosis","Blade Dance","Bag of Preparation","Blade Dance","Infinite Blades","Accuracy","Bronze Scales","DollysMirror","Lee\u0027s Waffle","Accuracy","War Paint","Blood Vial","Potion Belt","Pen Nib","Bag of Marbles","Happy Flower","Sundial","FearPotion","ColorlessPotion","Backstab"],"campfire_rested":5,"item_purchase_floors":[0,0,0,0,7,12,22,22,22,44,44,44,44,44,44,44,44,44,44,44,46],"current_hp_per_floor":[40,57,43,43,57,57,57,82,82,82,82,82,82,81,81,45,84,82,81,81,76,76,48,48,47,47,72,69,69,69,55,80,58,84,52,52,73,65,36,61,61,84,84,91,91,91,91,91,91,51,91,91,91,54,0,0],"gold":44,"neow_bonus":"","is_daily":false,"chose_seed":false,"campfire_upgraded":6,"win_rate":0.0,"timestamp":1611167842,"path_taken":["M","?","?","?","?","R","$","R","T","M","?","?","R","M","R","BOSS","M","?","?","M","?","E","?","M","T","R","M","M","R","M","R","BOSS","M","?","?","M","?","R","?","R","T","$","R","$","?","?","R","BOSS","R","$","E","BOSS"],"items_purchased_type":["Relic","Card","Card","Relic","Card","Card","Card","Relic","Relic","Relic","Card","Relic","Relic","Relic","Relic","Relic","Relic","Relic","Potion","Potion","Card"],"build_version":"2020-12-22","purchased_purges":3,"victory":false,"max_hp_per_floor":[70,70,70,70,84,84,84,84,84,84,84,84,84,84,84,84,84,84,84,84,84,84,84,84,84,84,84,84,84,84,84,84,84,84,84,84,84,84,84,84,84,84,84,91,91,91,91,91,91,91,91,91,91,91,91,91],"card_choices":[{"not_picked":["PiercingWail","Well Laid Plans","Riddle With Holes"],"picked":"SKIP","floor":1},{"not_picked":["Bane","Escape Plan","Underhanded Strike"],"picked":"SKIP","floor":10},{"not_picked":["All Out Attack","Deflect","Cloak And Dagger"],"picked":"Blade Dance","floor":14},{"not_picked":["Glass Knife","Doppelganger","Adrenaline"],"picked":"After Image","floor":16},{"not_picked":["Quick Slash","Poisoned Stab","Deadly Poison","Dash"],"picked":"SKIP","floor":18},{"not_picked":["Crippling Poison","Deadly Poison+1","Outmaneuver","PiercingWail"],"picked":"SKIP","floor":19},{"not_picked":["Riddle With Holes","Dodge and Roll","Distraction+1"],"picked":"Malaise","floor":21},{"not_picked":["Bane","Masterful Stab","Blade Dance","Underhanded Strike"],"picked":"SKIP","floor":23},{"not_picked":["Slice","Quick Slash","Bouncing Flask","Outmaneuver"],"picked":"SKIP","floor":25},{"not_picked":["PiercingWail","Dagger Throw","Prepared","Dagger Spray"],"picked":"SKIP","floor":28},{"not_picked":["PiercingWail","Tools of the Trade","Masterful Stab","Well Laid Plans"],"picked":"SKIP","floor":29},{"not_picked":["Dagger Spray","Deflect","Acrobatics"],"picked":"Choke+1","floor":31},{"not_picked":["Corpse Explosion","Adrenaline","Night Terror"],"picked":"A Thousand Cuts","floor":33},{"not_picked":["Dagger Spray","Underhanded Strike","Deflect+1"],"picked":"Blade Dance+1","floor":35},{"not_picked":["Deflect","Bane","Backflip","Outmaneuver+1"],"picked":"SKIP","floor":38},{"not_picked":["Dagger Throw","Tactician","Outmaneuver"],"picked":"Bullet Time","floor":39},{"not_picked":["Mind Blast","Metamorphosis","Chrysalis"],"picked":"Blind","floor":41},{"not_picked":["Outmaneuver","Calculated Gamble","Poisoned Stab+1"],"picked":"Infinite Blades","floor":54}],"player_experience":217056,"relics_obtained":[{"floor":9,"key":"Blue Candle"},{"floor":23,"key":"Lantern"},{"floor":24,"key":"The Courier"},{"floor":26,"key":"Paper Crane"},{"floor":54,"key":"Akabeko"}],"event_choices":[{"damage_healed":17,"gold_gain":0,"player_choice":"Healed","damage_taken":0,"max_hp_gain":0,"max_hp_loss":0,"event_name":"The Cleric","floor":2,"gold_loss":35},{"damage_healed":0,"gold_gain":0,"player_choice":"Entered Light","damage_taken":14,"max_hp_gain":0,"max_hp_loss":0,"event_name":"Shining Light","floor":3,"gold_loss":0,"cards_upgraded":["Neutralize","Defend_G"]},{"damage_healed":0,"gold_gain":0,"player_choice":"Take Wound","damage_taken":0,"relics_obtained":["Golden Idol"],"max_hp_gain":0,"max_hp_loss":0,"event_name":"Golden Idol","floor":4,"gold_loss":0,"cards_obtained":["Injury"]},{"damage_healed":0,"gold_gain":0,"player_choice":"Box","damage_taken":0,"relics_obtained":["Mango"],"max_hp_gain":0,"max_hp_loss":0,"event_name":"Big Fish","floor":5,"gold_loss":0,"cards_obtained":["Regret"]},{"damage_healed":0,"gold_gain":30,"player_choice":"Searched \u00272\u0027 times","damage_taken":0,"relics_obtained":["Question Card"],"max_hp_gain":0,"max_hp_loss":0,"event_name":"Dead Adventurer","floor":11,"gold_loss":0},{"damage_healed":0,"gold_gain":0,"player_choice":"Forge","damage_taken":0,"max_hp_gain":0,"max_hp_loss":0,"event_name":"Accursed Blacksmith","floor":20,"gold_loss":0,"cards_upgraded":["After Image"]},{"damage_healed":0,"gold_gain":333,"player_choice":"Gave Idol","damage_taken":0,"max_hp_gain":0,"max_hp_loss":0,"event_name":"The Moai Head","floor":36,"relics_lost":["Golden Idol"],"gold_loss":0},{"damage_healed":21,"gold_gain":0,"player_choice":"Writhe","damage_taken":0,"max_hp_gain":0,"max_hp_loss":0,"event_name":"Winding Halls","floor":37,"gold_loss":0,"cards_obtained":["Writhe"]},{"damage_healed":0,"gold_gain":0,"player_choice":"Memory 1","damage_taken":0,"max_hp_gain":0,"max_hp_loss":0,"event_name":"SensoryStone","floor":41,"gold_loss":0},{"cards_removed":["Strike_G"],"damage_healed":0,"gold_gain":0,"player_choice":"Removed Attack","damage_taken":0,"max_hp_gain":0,"max_hp_loss":0,"event_name":"Falling","floor":47,"gold_loss":0},{"damage_healed":0,"gold_gain":0,"player_choice":"Copied","damage_taken":0,"max_hp_gain":0,"max_hp_loss":0,"event_name":"Duplicator","floor":48,"gold_loss":0,"cards_obtained":["Accuracy"]}],"is_beta":false,"boss_relics":[{"not_picked":["Runic Dome","HoveringKite"],"picked":"Ring of the Serpent"},{"not_picked":["Black Star","Runic Pyramid"],"picked":"Empty Cage"}],"items_purged_floors":[7,22,44],"is_endless":false,"potions_floor_spawned":[10,18,25,28,33],"killed_by":"The Heart","ascension_level":0}}