{"host":"fghh6uc8siqeqraf","time":1611146865,"event":{"mods":["AchievementEnabler","BaseMod","Colored Powertips","Googly Eyes","Gremlin Mod","Hermit","Jorbs\u0027s Wanderer Trilogy","Lobotomy","Marisa£®ÏF”Í°°ƒß¿Ì…≥£©","Minty Spire (QoL Compilation)","Quick Restart","Replay The Spire","Shop Mod","StSLib","The Cursed","The Hierophant","The Runesmith","The Servant 0.9.4"],"gold_per_floor":[118,43,57,71,87,87,119,119,119,133,153,183,200,219,219,324,324,342,357,371,389,85,85,112,124,172,172,172,172],"floor_reached":28,"language":"ZHS","playtime":2397,"items_purged":["Strike_R","Strike_R"],"score":337,"play_id":"7cea82a7-4476-4007-b853-51a7cb83bd62","local_time":"20210120204745","is_ascension_mode":true,"campfire_choices":[{"data":"ReplayTheSpireMod:LeadingStrike","floor":6.0,"key":"SMITH"},{"data":"Body Slam","floor":6.0,"key":"SMITH"},{"data":"Impervious","floor":15,"key":"SMITH"},{"data":"Power Through","floor":15,"key":"SMITH"},{"data":"Shrug It Off","floor":23,"key":"SMITH"},{"data":"Offering","floor":23,"key":"SMITH"},{"data":"True Grit","floor":27,"key":"SMITH"},{"data":"Second Wind","floor":27,"key":"SMITH"}],"circlet_count":0,"master_deck":["Strike_R","Strike_R","Strike_R+1","Defend_R","Defend_R","Defend_R","Defend_R","Bash+1","ReplayTheSpireMod:LeadingStrike+1","Power Through+1","Body Slam+1","Abandon+1","Second Wind+1","Impervious+1","Offering+1","Shrug It Off+1","Double Tap","True Grit+1"],"relics":["Burning Blood","Replay:Arrowhead","Toy Ornithopter","Strawberry","Ornamental Fan","Coffee Dripper","Replay:Wax Seal","ReplayTheSpireMod:TigerMarble","Whetstone","Boot"],"acts_visited":["Exordium","TheCity"],"potions_floor_usage":[28],"damage_taken":[{"damage":6.0,"enemies":"Jaw Worm","floor":1.0,"turns":5.0},{"damage":1.0,"enemies":"Cultist","floor":3.0,"turns":4.0},{"damage":2.0,"enemies":"2 Louse","floor":4.0,"turns":3.0},{"damage":2.0,"enemies":"Exordium Wildlife","floor":5.0,"turns":4.0},{"damage":25.0,"enemies":"3 Sentries","floor":7.0,"turns":12.0},{"damage":11.0,"enemies":"2 Fungi Beasts","floor":10.0,"turns":4.0},{"damage":5.0,"enemies":"Gremlin Gang","floor":11.0,"turns":5.0},{"damage":0.0,"enemies":"Gremlin Nob","floor":12.0,"turns":2.0},{"damage":15,"enemies":"Large Slime","floor":13,"turns":7},{"damage":1,"enemies":"Looter","floor":14,"turns":2},{"damage":33,"enemies":"Hexaghost","floor":16,"turns":10},{"damage":6,"enemies":"Spheric Guardian","floor":18,"turns":2},{"damage":9,"enemies":"3 Byrds","floor":19,"turns":5},{"damage":17,"enemies":"Centurion and Healer","floor":20,"turns":5},{"damage":22,"enemies":"3 Cultists","floor":21,"turns":5},{"damage":6,"enemies":"Book of Stabbing","floor":24,"turns":4},{"damage":15,"enemies":"Cultist and Chosen","floor":25,"turns":6},{"damage":59,"enemies":"Slavers","floor":28,"turns":5}],"seed_played":"7367214375699273264","potions_obtained":[{"floor":3.0,"key":"Fire Potion"},{"floor":4.0,"key":"GamblersBrew"},{"floor":7.0,"key":"Cursed Concoction"},{"floor":11.0,"key":"SteroidPotion"},{"floor":16,"key":"ElixirPotion"},{"floor":19,"key":"FairyPotion"},{"floor":20,"key":"Adrenaline Potion"}],"is_trial":false,"path_per_floor":["M","$","M","M","M","R","E","?","T","M","M","E","M","M","R","B",null,"M","M","M","M","$","R","E","M","T","R","E"],"character_chosen":"IRONCLAD","items_purchased":["Replay:Wax Seal","ReplayTheSpireMod:TigerMarble"],"campfire_rested":0,"item_purchase_floors":[22,22],"current_hp_per_floor":[72,72,72,72,72,72,53,53,60,55,56,72,63,68,68,41,79,79,76,65,49,49,49,49,40,40,40,0,0],"gold":172,"neow_bonus":"ONE_RARE_RELIC","is_daily":false,"chose_seed":false,"campfire_upgraded":8,"win_rate":0.0,"timestamp":1611146865,"path_taken":["M","$","M","M","M","R","E","?","T","M","M","E","M","M","R","BOSS","M","M","M","?","$","R","E","M","T","R","E"],"items_purchased_type":["Relic","Relic"],"build_version":"2020-12-22","purchased_purges":2,"victory":false,"max_hp_per_floor":[72,72,72,72,72,72,72,72,79,79,79,79,79,79,79,79,79,79,79,79,79,79,79,79,79,79,79,79,79],"card_choices":[{"not_picked":["Thunderclap","Dual Wield"],"picked":"ReplayTheSpireMod:LeadingStrike","floor":1.0},{"not_picked":["Reckless Charge","Body Slam"],"picked":"Power Through","floor":3.0},{"not_picked":["Evolve","Pommel Strike","Thunderclap"],"picked":"SKIP","floor":4.0},{"not_picked":["Metallicize","Warcry"],"picked":"Body Slam","floor":5.0},{"not_picked":["ReplayTheSpireMod:Muscle Training","Sever Soul"],"picked":"Abandon","floor":7.0},{"not_picked":["Rage","True Grit"],"picked":"Second Wind","floor":10.0},{"not_picked":["Body Slam","Life Link","Clash"],"picked":"SKIP","floor":11.0},{"not_picked":["Run Through","Havoc","Headbutt"],"picked":"SKIP","floor":12.0},{"not_picked":["Whirlwind","Infernal Blade","ReplayReversal"],"picked":"SKIP","floor":13},{"not_picked":["Iron Wave","Abandon"],"picked":"Impervious","floor":14},{"not_picked":["Replay:Many Hands","Hemogenesis"],"picked":"Offering","floor":16},{"not_picked":["Iron Wave+1","ReplayTheSpireMod:Stacked+1","Perfected Strike"],"picked":"SKIP","floor":18},{"not_picked":["ReplayTheSpireMod:Strike From Hell","Twin Strike","Clash"],"picked":"SKIP","floor":19},{"not_picked":["Clothesline+1","Wild Strike","Rampage"],"picked":"SKIP","floor":20},{"not_picked":["Replay:Undeath\u0027s Touch","True Grit"],"picked":"Shrug It Off","floor":21},{"not_picked":["Massacre","ReplayTheSpireMod:Muscle Training"],"picked":"Double Tap","floor":24},{"not_picked":["Anger+1","Flex"],"picked":"True Grit","floor":25}],"player_experience":95713,"relics_obtained":[{"floor":7.0,"key":"Toy Ornithopter"},{"floor":9.0,"key":"Strawberry"},{"floor":12.0,"key":"Ornamental Fan"},{"floor":24,"key":"Whetstone"},{"floor":26,"key":"Boot"}],"event_choices":[{"damage_healed":0.0,"max_hp_gain":0.0,"max_hp_loss":0.0,"gold_gain":0.0,"event_name":"Accursed Blacksmith","player_choice":"Forge","floor":8.0,"gold_loss":0.0,"damage_taken":0.0,"cards_upgraded":["Abandon"]}],"is_beta":false,"boss_relics":[{"not_picked":["Fusion Hammer","Runic Cube"],"picked":"Coffee Dripper"}],"items_purged_floors":[2,22],"is_endless":false,"potions_floor_spawned":[3,4,7,11,16,19,20,24],"killed_by":"Slavers","ascension_level":2}}