{"host":"vm38gssijriejdfn","time":1611171761,"event":{"mods":["100% Spire Juice","AchievementEnabler","Act Like it!","BaseMod","Better Match","Better Note","Better Sensory Stone","Better Synergies","Better Vampires","CCEM","Colored Map","Colored Powertips","Fireblade Mod","Gensokyo","GifTheSpireLib","Gold Saver","Hallownest","Infinite Spire","Magitek Elite","Minty Spire (QoL Compilation)","Rare Cards Sparkle","Reimu??????","Spicy Shops","StSLib","The Administrix","The Animator","The Exalted","The Marked","Wandering Minibosses","???Mod?????????"],"gold_per_floor":[1255,1277,723,740,762,791,398,398,421,421,421,421,421,431,431,535,535,555,480,480,499,151,151,151,151,174,190,190,202,214,261,261,365,365,379,379,394,405,423,423,454,464,464,485,508,534,534,534,534,538,538,538,384,425,425,425],"floor_reached":55,"language":"ENG","playtime":10584,"items_purged":["animator:Jibril","animator:SakuraMatou"],"score":782,"play_id":"b06875ae-c4e1-42ee-967d-420c0009b6cf","local_time":"20210120134241","is_ascension_mode":true,"campfire_choices":[{"data":"animator:AcuraShin","floor":8.0,"key":"SMITH"},{"data":"animator:Shalltear","floor":10.0,"key":"SMITH"},{"data":"animator:Cocytus","floor":13.0,"key":"SMITH"},{"data":"animator:Chung","floor":15.0,"key":"SMITH"},{"data":"animator:Priestess","floor":23.0,"key":"SMITH"},{"floor":25.0,"key":"RECALL"},{"data":"infinitespire:FutureSight","floor":32,"key":"SMITH"},{"data":"animator:Shalltear","floor":40,"key":"SMITH"},{"floor":49,"key":"REST"},{"data":"animator:CowGirl","floor":52,"key":"SMITH"}],"circlet_count":0,"master_deck":["animator:Cocytus+1","animator:KyokoSakura","animator:Chung+1","animator:Megumin+20","animator:Cocytus+1","animator:Shalltear+1","animator:KyokoSakura","animator:Demiurge","animator:Priestess+1","animator:Mitsurugi","animator:LizardPriest+1","animator:Chung+1","animator:Ainz","animator:MisaKurobane+1","animator:MisaKurobane","infinitespire:FutureSight+1","animator:PandorasActor","animator:Ainz","animator:SayakaMiki+1","animator:GuildGirl+1","animator:Shalltear+1","animator:Zero+1","animator:Shalltear","animator:Zero+1","animator:CowGirl+1"],"relics":["animator:TheMissingPiece","animator:PurgingStone","Pandora\u0027s Box","War Paint","Strawberry","Whetstone","PreservedInsect","animator:HolyGrailRelic","Gensokyo:MosesMiracle","Anchor","CCEMRelics:TechnogenicHelmet","Angel_Ring","Bromod:ArcaneEnergize","CCEMRelics:FestiveHat","Bromod:ArcaneNullifier","CCEMRelics:CocoNut","infinitespire:ShieldingShard","Strange Spoon","CloakClasp"],"acts_visited":["Hallownest:Greenpath","Gensokyo:Gensokyoer","Gensokyo:Gensokyoest","TheEnding"],"potions_floor_usage":[33,37,41,41,46,50,55],"damage_taken":[{"damage":4.0,"enemies":"Hallownest:2_MossCreeps","floor":1.0,"turns":3.0},{"damage":8.0,"enemies":"Hallownest:2_Baldur","floor":2.0,"turns":3.0},{"damage":0.0,"enemies":"Hallownest:monsterHuskWarrior","floor":4.0,"turns":2.0},{"damage":0.0,"enemies":"Hallownest:Wandering_and_Horned","floor":5.0,"turns":3.0},{"damage":15.0,"enemies":"Hallownest:eliteCrystalGuardian","floor":6.0,"turns":4.0},{"damage":3.0,"enemies":"Hallownest:2_Tiktiks_1_Baldur_1_Crawlid","floor":14.0,"turns":2.0},{"damage":1.0,"enemies":"Hallownest:BossBrokenVessel","floor":16.0,"turns":6.0},{"damage":0.0,"enemies":"Gensokyo:CosmicMonolith","floor":18.0,"turns":4.0},{"damage":0.0,"enemies":"Gensokyo:3_Dogs","floor":21.0,"turns":2.0},{"damage":4.0,"enemies":"Gensokyo:Chomper_and_Gloop","floor":27.0,"turns":4.0},{"damage":0,"enemies":"Gensokyo:Swordslinger","floor":29,"turns":4},{"damage":0,"enemies":"Gensokyo:Wraith","floor":30,"turns":3},{"damage":0,"enemies":"Gensokyo:Koishi","floor":31,"turns":4},{"damage":14,"enemies":"Gensokyo:Kaguya","floor":33,"turns":8},{"damage":0,"enemies":"Gensokyo:AncientGuardian","floor":35,"turns":4},{"damage":8,"enemies":"Gensokyo:3_Boulders","floor":37,"turns":3},{"damage":19,"enemies":"Gensokyo:Sharpion","floor":38,"turns":5},{"damage":6,"enemies":"Gensokyo:Rafflesia","floor":39,"turns":7},{"damage":33,"enemies":"Nightmare","floor":41,"turns":6},{"damage":0,"enemies":"Gensokyo:4_Bats","floor":42,"turns":2},{"damage":0,"enemies":"Gensokyo:AtlasGolem","floor":44,"turns":5},{"damage":0,"enemies":"Gensokyo:Dusk_and_Dawn","floor":45,"turns":3},{"damage":5,"enemies":"Gensokyo:Marisa","floor":46,"turns":4},{"damage":14,"enemies":"Gensokyo:Yuyuko","floor":50,"turns":8},{"damage":0,"enemies":"Shield and Spear","floor":54,"turns":3},{"damage":84,"enemies":"The Heart","floor":55,"turns":9}],"seed_played":"3527257895146468329","potions_obtained":[{"floor":1.0,"key":"SkillPotion"},{"floor":14.0,"key":"AttackPotion"},{"floor":16.0,"key":"Fire Potion"},{"floor":18.0,"key":"ZuzhouPotion:ReiMu"},{"floor":37,"key":"SteroidPotion"},{"floor":44,"key":"Dexterity Potion"},{"floor":45,"key":"Dexterity Potion"},{"floor":46,"key":"BlessingOfTheForge"}],"is_trial":false,"path_per_floor":["M","M","$","M","M","E","$","R","T","R","?","?","R","M","R","B",null,"M","?","?","M","$","R","?","R","T","M","AVR","M","M","E","R","B",null,"M","?","M","M","M","R","NM","M","T","M","M","E","?","T","R","B",null,"R","$","E","B"],"character_chosen":"THE_ANIMATOR","items_purchased":["animator:Megumin","animator:KyokoSakura","War Paint","animator:Cirno","animator:Mitsurugi","animator:LizardPriest","Whetstone","PowerPotion","animator:MisaKurobane","Anchor","Strange Spoon"],"campfire_rested":1,"item_purchase_floors":[3,3,3,3,7,7,7,7,22,22,53],"current_hp_per_floor":[62,54,54,54,54,46,46,46,46,46,46,46,46,43,43,43,75,77,77,77,74,74,74,74,74,74,72,72,74,76,78,78,64,79,81,81,75,59,55,55,22,22,22,22,22,27,27,27,51,51,81,81,81,83,0,0],"gold":425,"neow_bonus":"BOSS_RELIC","is_daily":false,"chose_seed":false,"campfire_upgraded":8,"win_rate":0.0,"timestamp":1611171761,"path_taken":["M","M","$","M","M","E","$","R","T","R","?","?","R","?","R","BOSS","M","?","?","M","$","R","?","R","T","M","AVR","M","?","E","R","BOSS","M","?","M","M","M","R","NM","M","T","M","?","E","?","?","R","BOSS","R","$","E","BOSS"],"items_purchased_type":["Card","Card","Relic","Card","Card","Card","Relic","Potion","Card","Relic","Relic"],"build_version":"2020-12-22","purchased_purges":2,"victory":false,"max_hp_per_floor":[66,66,66,66,66,73,73,73,73,73,66,66,66,66,66,67,75,77,77,77,74,74,74,74,74,74,76,76,78,80,82,82,79,79,81,81,83,86,88,88,85,82,82,79,76,83,83,83,83,81,81,81,81,83,74,74],"card_choices":[{"not_picked":["animator:DolaStephanie","animator:Genos"],"picked":"animator:Cocytus","floor":1.0},{"not_picked":["animator:Cocytus","animator:YuiTsuruno"],"picked":"animator:Shalltear","floor":2.0},{"not_picked":["animator:YaoHaDucy","animator:OrikoMikuni"],"picked":"animator:Demiurge","floor":4.0},{"not_picked":["animator:HighElfArcher","animator:CowGirl"],"picked":"animator:Priestess","floor":5.0},{"not_picked":["animator:MetalKnight","animator:FielNirvalen","animator:Illya"],"picked":"SKIP","floor":6.0},{"not_picked":["animator:Lu","animator:SayakaMiki"],"picked":"animator:Chung","floor":14.0},{"not_picked":["animator:MadokaKaname","animator:HomuraAkemi"],"picked":"animator:Ainz","floor":16.0},{"not_picked":["animator:Demiurge","animator:ShinjiMatou","animator:Elsword"],"picked":"SKIP","floor":18.0},{"not_picked":["animator:LimeBell+1","animator:QuestionMark+1"],"picked":"animator:MisaKurobane+1","floor":19.0},{"not_picked":["animator:SayakaMiki","animator:Ainz","animator:Priestess"],"picked":"SKIP","floor":27.0},{"not_picked":["animator:Elsword+1","animator:Kuribayashi","animator:Vanir"],"picked":"SKIP","floor":29},{"not_picked":["animator:Witch","animator:Bozes","animator:Priestess"],"picked":"SKIP","floor":30},{"not_picked":["animator:Evileye","animator:Shalltear"],"picked":"animator:PandorasActor","floor":31},{"not_picked":["animator:Eris","animator:Gilgamesh"],"picked":"animator:Ainz","floor":33},{"not_picked":["animator:Elsword","animator:Gillette+1","animator:DolaCouronne"],"picked":"SKIP","floor":35},{"not_picked":["animator:CowGirl","animator:Chris"],"picked":"animator:SayakaMiki+1","floor":37},{"not_picked":["animator:DolaCouronne+1","animator:ChlammyZell"],"picked":"animator:GuildGirl+1","floor":38},{"not_picked":["animator:PandorasActor","animator:Entoma"],"picked":"animator:Shalltear","floor":39},{"not_picked":["animator:Entoma","animator:GuildGirl+1","animator:OrikoMikuni"],"picked":"SKIP","floor":41},{"not_picked":["animator:MisaKurobane+1","animator:Shimakaze+1"],"picked":"animator:Zero+1","floor":42},{"not_picked":["animator:Raven","animator:DolaCouronne"],"picked":"animator:Shalltear","floor":42},{"not_picked":["animator:Shimakaze+1","animator:MisakiNakahara+1"],"picked":"animator:Zero+1","floor":44},{"not_picked":["animator:Elsword","animator:Verdia","animator:Assassin+1"],"picked":"SKIP","floor":44},{"not_picked":["animator:Verdia","animator:Chris"],"picked":"animator:Megumin","floor":45},{"not_picked":["animator:Illya","animator:Elsword+1"],"picked":"animator:CowGirl","floor":45},{"not_picked":["animator:Mitsurugi+1","animator:Aqua","animator:DolaSchwi"],"picked":"SKIP","floor":46},{"not_picked":["animator:Chung","animator:ChaikaTrabant","animator:Elsword"],"picked":"SKIP","floor":54}],"player_experience":2766334,"relics_obtained":[{"floor":6.0,"key":"Strawberry"},{"floor":9.0,"key":"PreservedInsect"},{"floor":29,"key":"Gensokyo:MosesMiracle"},{"floor":31,"key":"Angel_Ring"},{"floor":41,"key":"CCEMRelics:FestiveHat"},{"floor":43,"key":"Bromod:ArcaneNullifier"},{"floor":46,"key":"CCEMRelics:CocoNut"},{"floor":48,"key":"infinitespire:ShieldingShard"},{"floor":54,"key":"CloakClasp"}],"event_choices":[{"damage_healed":0.0,"max_hp_gain":0.0,"max_hp_loss":0.0,"gold_gain":0.0,"event_name":"betterMatch:BetterMatch","player_choice":"2","floor":19.0,"gold_loss":0.0,"damage_taken":0.0,"cards_obtained":["betterMatch:ColorlessUncommonCard"]},{"damage_healed":0,"gold_gain":0,"player_choice":"2","damage_taken":0,"max_hp_gain":0,"max_hp_loss":0,"event_name":"betterMatch:BetterMatch","floor":36,"gold_loss":0,"cards_obtained":[]}],"is_beta":false,"boss_relics":[{"not_picked":["Bromod:ArcaneBarrier","CCEMRelics:GreenEgg"],"picked":"animator:HolyGrailRelic"},{"not_picked":["Tiny House","SlaversCollar"],"picked":"Bromod:ArcaneEnergize"}],"items_purged_floors":[3,3],"is_endless":false,"potions_floor_spawned":[1,14,16,18,27,37,44,45,46],"killed_by":"The Heart","ascension_level":1}}