{"host":"6drv1qzpbnls60z2","time":1611151453,"event":{"mods":["ATMod(°¢èªMod)","Act Like it!","Arknights The Spire","BaseMod","Hallownest","Luminous","Minty Spire (QoL Compilation)","Reimu£¨²©ÀöÁéÃÎ£©","Replay The Spire","Shop Mod","Spicy Shops","StSLib","TheWitcher","Uncapped","¡¾ÒÅÎï¿¨ÅÆ¡¿REMEMod","²ÐÁôÖ®Îï","óô»ðÖ¸ÄÏ"],"gold_per_floor":[111,121,22,34,34,34,66,79,79,89,104,124,137,147,147,219,219,232,244,149,161,161,161],"floor_reached":22,"language":"ZHS","playtime":2127,"items_purged":[],"score":588,"play_id":"5d33b7a7-ba26-4c74-afdc-b38d416c1f9c","local_time":"20210120220413","is_ascension_mode":true,"campfire_choices":[{"data":"AT_LightSaberMaster","floor":6,"key":"SMITH"},{"data":"ats:Emotion Absorption","floor":15,"key":"SMITH"}],"circlet_count":0,"master_deck":["AscendersBane","ats:Strike C","ats:Strike G","ats:Strike S","ats:Strike V","ats:Armor Crushing Shot","ats:Defend","ats:Defend","ats:Defend","ats:Emotion Absorption+1","AT_LightSaberMaster+1","ats:Magnetic Hammer","ats:Song Of Battle","SnafuTest:SpellLifeDrain","PlaceholderMod:HardStinger","SnafuTest:PowerCrimsonRitual","ats:Closed Bolt Burst Fire","Meditation:ReiMu+1","ats:Thermite Blade","PlaceholderMod:StressReaction","ats:Healing Drone","SubAcupoint:ReiMu","ats:Closed Bolt Burst Fire","ats:Magnetic Hammer","PlaceholderMod:SelfCoupling","SubcavityInstant:ReiMu","PlaceholderMod:ParasiteChange","Specialist"],"relics":["ats:Sanity","AT_ATBox","REME_ComplimentaryCards","ats:Originium","AT_GreenNoBalance","Singing Bowl","AT_TrinityForce"],"acts_visited":["Exordium","TheCity"],"potions_floor_usage":[7,7,8,13,16,16,22],"damage_taken":[{"damage":7,"enemies":"2 Louse","floor":1,"turns":4},{"damage":16,"enemies":"Small Slimes","floor":2,"turns":6},{"damage":1,"enemies":"Cultist","floor":4,"turns":4},{"damage":26,"enemies":"Replay:BlueRogue","floor":7,"turns":8},{"damage":14,"enemies":"Looter","floor":8,"turns":3},{"damage":19,"enemies":"Blue Slaver","floor":10,"turns":4},{"damage":37,"enemies":"Large Slime","floor":11,"turns":7},{"damage":6,"enemies":"Exordium Thugs","floor":12,"turns":4},{"damage":44,"enemies":"Lots of Slimes","floor":13,"turns":6},{"damage":7,"enemies":"Blue Slaver","floor":14,"turns":3},{"damage":36,"enemies":"Fading Forest","floor":16,"turns":13},{"damage":29,"enemies":"3 Byrds","floor":18,"turns":4},{"damage":21,"enemies":"Shell Parasite","floor":19,"turns":5},{"damage":12,"enemies":"Chosen and Byrds","floor":21,"turns":5},{"damage":11,"enemies":"3 Cultists","floor":22,"turns":2}],"seed_played":"8723344149118882124","potions_obtained":[{"floor":1,"key":"EssenceOfSteel"},{"floor":2,"key":"LifebloodPotion"},{"floor":7,"key":"AttackPotion"},{"floor":8,"key":"SteroidPotion"},{"floor":10,"key":"Regen Potion"},{"floor":14,"key":"AttackPotion"},{"floor":18,"key":"GrandPatriotsElixir:ReiMu"}],"is_trial":true,"path_per_floor":["M","M","$","M","?","R","E","M","T","M","M","M","M","M","R","B",null,"M","M","$","M","M"],"character_chosen":"DOCTOR_CLASS","items_purchased":["PlaceholderMod:HardStinger","SnafuTest:PowerCrimsonRitual","Specialist"],"campfire_rested":0,"item_purchase_floors":[3,3,20],"current_hp_per_floor":[58,42,42,41,41,41,15,22,22,17,13,37,14,30,30,6,57,28,13,13,3,0,0],"gold":161,"neow_bonus":"","is_daily":false,"chose_seed":false,"campfire_upgraded":2,"win_rate":0.0,"timestamp":1611151453,"path_taken":["M","M","$","M","?","R","E","M","T","M","M","M","M","M","R","BOSS","M","M","$","M","M"],"items_purchased_type":["Card","Card","Card"],"build_version":"2020-12-22","purchased_purges":0,"victory":false,"max_hp_per_floor":[72,72,72,72,72,72,72,72,72,72,74,74,74,74,74,74,74,74,74,74,76,76,76],"card_choices":[{"not_picked":["ats:Demon Strength","SnafuTest:SignYrden"],"picked":"ats:Song Of Battle","floor":1},{"not_picked":["SnafuTest:ScholarsIntrigue","ats:Support Order"],"picked":"SnafuTest:SpellLifeDrain","floor":2},{"not_picked":["SnafuTest:BattleCry","SnafuTest:BombMoonDust"],"picked":"ats:Closed Bolt Burst Fire","floor":4},{"not_picked":["SnafuTest:PowerCrimsonRitual","SnafuTest:BattleCry"],"picked":"ats:Thermite Blade","floor":7},{"not_picked":["SnafuTest:MCMockAndRun","SnafuTest:BlueWhale"],"picked":"PlaceholderMod:StressReaction","floor":8},{"not_picked":["SnafuTest:AncestralRitual","PlaceholderMod:PoisonExcitation"],"picked":"ats:Healing Drone","floor":10},{"not_picked":["TakeOff:ReiMu","SnafuTest:Siege","ats:Leaping Hammer"],"picked":"Singing Bowl","floor":11},{"not_picked":["SnafuTest:Siege","SnafuTest:FlashingRaid"],"picked":"SubAcupoint:ReiMu","floor":12},{"not_picked":["SnafuTest:ShieldUp","ats:Ignite"],"picked":"ats:Closed Bolt Burst Fire","floor":13},{"not_picked":["ats:Burning Ground","SnafuTest:RecklessBlow"],"picked":"ats:Magnetic Hammer","floor":14},{"not_picked":["SnafuTest:PowerMahakam","CleanRite:ReiMu"],"picked":"PlaceholderMod:SelfCoupling","floor":16},{"not_picked":["SnafuTest:PowerCounterAttack","ats:Magnetic Hammer"],"picked":"SubcavityInstant:ReiMu","floor":18},{"not_picked":["SnafuTest:PowerAlwaysOnRoads","SnafuTest:BombMoonDust"],"picked":"PlaceholderMod:ParasiteChange","floor":19},{"not_picked":["ats:Hammer On","SnafuTest:CareTaker","SnafuTest:SpellLivingArmor"],"picked":"Singing Bowl","floor":21}],"player_experience":89252,"relics_obtained":[{"floor":7,"key":"ats:Originium"},{"floor":7,"key":"AT_SilverBalance"},{"floor":9,"key":"Singing Bowl"}],"event_choices":[],"is_beta":false,"boss_relics":[{"not_picked":["REME_LowDesire","Runic Pyramid"],"picked":"AT_TrinityForce"}],"items_purged_floors":[],"is_endless":true,"potions_floor_spawned":[1,2,7,8,10,14,18],"killed_by":"3 Cultists","ascension_level":20}}