{"host":"a0jvtjlr4867li78","time":1611114531,"event":{"mods":["BaseMod","Colored Powertips","Consume Value Calculator","Minty Spire (QoL Compilation)","StSLib","The Animator"],"gold_per_floor":[127,153,177,177,252,252,264,43,43,90,102,126,138,174,186,299,311,340,365,81,81,81,81,91,91,138,158,83,94,94,105,105,202,202,221,221,271,288,41,41,51,51,126,140,161,161,185,185,185,185,185],"floor_reached":50,"language":"ENG","playtime":4058,"items_purged":["animator:Defend","animator:Defend"],"score":471,"play_id":"9b41e172-f5ef-4d8c-be9a-c2377cd81f13","local_time":"20210119214851","is_ascension_mode":false,"campfire_choices":[{"data":"animator:Kuribayashi","floor":6,"key":"SMITH"},{"data":"animator:LeleiLaLalena","floor":11,"key":"SMITH"},{"data":"animator:Tyuule","floor":15,"key":"SMITH"},{"data":"animator:Hibiki","floor":23,"key":"SMITH"},{"floor":25,"key":"REST"},{"floor":30,"key":"REST"},{"floor":32,"key":"REST"},{"floor":40,"key":"REST"},{"floor":49,"key":"REST"}],"circlet_count":0,"master_deck":["animator:Strike_GATE","animator:Defend_GATE","animator:Strike","animator:Defend","animator:TukaLunaMarceau","animator:Kuribayashi+1","animator:Mitsuba","animator:SakuraMatou","animator:LeleiLaLalena+1","animator:YaoHaDucy","animator:Spearman","animator:Megumin+10","animator:Tyuule+1","animator:Hans","animator:Tyuule","animator:Hibiki+1","animator:ShinjiMatou","animator:Vanir","animator:Mitsuba","animator:HououinKyouma","animator:Tyuule","animator:HighElfArcher+1","animator:Spearman+1","Parasite","animator:RoryMercury+1","animator:Gilgamesh"],"relics":["animator:VividPicture","animator:TheMissingPiece","NeowsBlessing","Lee\u0027s Waffle","MawBank","Champion Belt","Busted Crown","Bronze Scales","animator:WizardHat","DataDisk","Frozen Egg 2","Bag of Preparation"],"acts_visited":["Exordium","TheCity","TheBeyond"],"potions_floor_usage":[16,16,16,20,33,50,50],"damage_taken":[{"damage":0,"enemies":"Small Slimes","floor":1,"turns":1},{"damage":0,"enemies":"Jaw Worm","floor":2,"turns":1},{"damage":0,"enemies":"Cultist","floor":3,"turns":1},{"damage":7,"enemies":"Looter","floor":7,"turns":4},{"damage":17,"enemies":"Lagavulin","floor":10,"turns":7},{"damage":8,"enemies":"Blue Slaver","floor":12,"turns":3},{"damage":4,"enemies":"Exordium Wildlife","floor":14,"turns":3},{"damage":31,"enemies":"Slime Boss","floor":16,"turns":13},{"damage":19,"enemies":"Shell Parasite","floor":18,"turns":5},{"damage":10,"enemies":"Chosen","floor":19,"turns":5},{"damage":33,"enemies":"3 Cultists","floor":24,"turns":4},{"damage":19,"enemies":"Snake Plant","floor":27,"turns":4},{"damage":12,"enemies":"Shelled Parasite and Fungi","floor":29,"turns":4},{"damage":12,"enemies":"Snecko","floor":31,"turns":4},{"damage":34,"enemies":"Automaton","floor":33,"turns":8},{"damage":17,"enemies":"Orb Walker","floor":35,"turns":4},{"damage":7,"enemies":"Mind Bloom Boss Battle","floor":37,"turns":5},{"damage":27,"enemies":"3 Darklings","floor":38,"turns":3},{"damage":18,"enemies":"Transient","floor":41,"turns":5},{"damage":15,"enemies":"Jaw Worm Horde","floor":44,"turns":3},{"damage":2,"enemies":"Sphere and 2 Shapes","floor":45,"turns":4},{"damage":13,"enemies":"Writhing Mass","floor":47,"turns":4},{"damage":32,"enemies":"Awakened One","floor":50,"turns":7}],"seed_played":"4243821584717924231","potions_obtained":[{"floor":2,"key":"ColorlessPotion"},{"floor":7,"key":"Explosive Potion"},{"floor":10,"key":"Weak Potion"},{"floor":18,"key":"BlessingOfTheForge"},{"floor":38,"key":"SpeedPotion"},{"floor":45,"key":"EssenceOfSteel"},{"floor":47,"key":"SteroidPotion"}],"is_trial":false,"path_per_floor":["M","M","M","?","?","R","M","$","T","E","R","M","$","M","R","B",null,"M","M","$","?","?","R","M","R","T","M","?","M","R","M","R","B",null,"M","?","?","M","$","R","M","$","T","M","M","T","M","?","R","B"],"character_chosen":"THE_ANIMATOR","items_purchased":["Lee\u0027s Waffle","animator:Hibiki","Fruit Juice","DataDisk"],"campfire_rested":5,"item_purchase_floors":[8,20,20,39],"current_hp_per_floor":[66,66,66,59,48,48,42,74,74,57,57,49,49,45,45,14,74,55,45,50,50,50,50,18,42,42,23,23,11,35,23,47,13,80,63,63,56,29,29,53,35,35,35,20,18,18,6,6,30,0,0],"gold":185,"neow_bonus":"THREE_ENEMY_KILL","is_daily":false,"chose_seed":false,"campfire_upgraded":4,"win_rate":0.0,"timestamp":1611114531,"path_taken":["M","M","M","?","?","R","M","$","T","E","R","?","$","M","R","BOSS","M","M","$","?","?","R","?","R","T","M","?","M","R","M","R","BOSS","M","?","?","M","$","R","M","$","T","M","M","?","?","?","R","BOSS"],"items_purchased_type":["Relic","Card","Potion","Relic"],"build_version":"2020-12-22","purchased_purges":2,"victory":false,"max_hp_per_floor":[66,66,66,66,66,66,67,74,74,74,74,74,74,74,74,74,74,74,74,79,79,79,79,80,80,80,80,80,80,80,80,80,80,80,80,80,80,80,80,80,80,80,80,80,80,80,81,81,81,81,81],"card_choices":[{"not_picked":["animator:Kazuma","animator:YunYun"],"picked":"animator:Mitsuba","floor":1},{"not_picked":["animator:Berserker","animator:Verdia"],"picked":"animator:SakuraMatou","floor":2},{"not_picked":["animator:Aqua","animator:Priestess"],"picked":"animator:LeleiLaLalena","floor":3},{"not_picked":["animator:Tyuule","animator:TukaLunaMarceau"],"picked":"animator:YaoHaDucy","floor":7},{"not_picked":["animator:Priestess","animator:Witch"],"picked":"animator:Spearman","floor":10},{"not_picked":["animator:Hakurou","animator:EmiyaShirou"],"picked":"animator:Megumin","floor":12},{"not_picked":["animator:Benimaru","animator:Shizu"],"picked":"animator:Tyuule","floor":14},{"not_picked":["animator:PinaCoLada","animator:Wiz"],"picked":"animator:Hans","floor":16},{"not_picked":[],"picked":"animator:Tyuule","floor":18},{"not_picked":["animator:Tatsumaki"],"picked":"SKIP","floor":19},{"not_picked":[],"picked":"animator:ShinjiMatou","floor":24},{"not_picked":["animator:Assassin"],"picked":"SKIP","floor":27},{"not_picked":[],"picked":"animator:Vanir","floor":29},{"not_picked":[],"picked":"animator:Mitsuba","floor":31},{"not_picked":["animator:Shigure+1"],"picked":"SKIP","floor":35},{"not_picked":[],"picked":"animator:HououinKyouma","floor":36},{"not_picked":[],"picked":"animator:Tyuule","floor":38},{"not_picked":[],"picked":"animator:Chris","floor":41},{"not_picked":[],"picked":"animator:HighElfArcher+1","floor":44},{"not_picked":[],"picked":"animator:Spearman+1","floor":45},{"not_picked":[],"picked":"animator:RoryMercury+1","floor":47}],"player_experience":1226088,"relics_obtained":[{"floor":9,"key":"MawBank"},{"floor":10,"key":"Champion Belt"},{"floor":26,"key":"Bronze Scales"},{"floor":37,"key":"animator:WizardHat"},{"floor":43,"key":"Frozen Egg 2"},{"floor":46,"key":"Bag of Preparation"}],"event_choices":[{"cards_removed":["animator:Strike"],"damage_healed":0,"gold_gain":0,"player_choice":"Card Removal","damage_taken":7,"max_hp_gain":0,"max_hp_loss":0,"event_name":"Golden Wing","floor":4,"gold_loss":0},{"damage_healed":0,"gold_gain":75,"player_choice":"Gather Gold","damage_taken":11,"max_hp_gain":0,"max_hp_loss":0,"event_name":"World of Goop","floor":5,"gold_loss":0},{"damage_healed":0,"gold_gain":0,"player_choice":"Ignored","damage_taken":0,"max_hp_gain":0,"max_hp_loss":0,"event_name":"Vampires","floor":21,"gold_loss":0},{"damage_healed":0,"gold_gain":0,"player_choice":"Bought 0 Potions","damage_taken":0,"max_hp_gain":0,"max_hp_loss":0,"event_name":"The Woman in Blue","floor":22,"gold_loss":0},{"cards_removed":["animator:Strike"],"damage_healed":0,"gold_gain":0,"player_choice":"Gave Gold","damage_taken":0,"max_hp_gain":0,"max_hp_loss":0,"event_name":"Beggar","floor":28,"gold_loss":75},{"damage_healed":0,"gold_gain":0,"player_choice":"Memory 1","damage_taken":0,"max_hp_gain":0,"max_hp_loss":0,"event_name":"SensoryStone","floor":36,"gold_loss":0},{"damage_healed":0,"gold_gain":0,"player_choice":"Fight","damage_taken":0,"max_hp_gain":0,"max_hp_loss":0,"event_name":"MindBloom","floor":37,"gold_loss":0},{"damage_healed":0,"gold_gain":0,"cards_transformed":["animator:Chris"],"player_choice":"Transformed","damage_taken":0,"max_hp_gain":0,"max_hp_loss":0,"event_name":"Transmorgrifier","floor":48,"gold_loss":0,"cards_obtained":["animator:Gilgamesh"]}],"is_beta":false,"boss_relics":[{"not_picked":["SlaversCollar","Black Star"],"picked":"Busted Crown"},{"not_picked":["Cursed Key","SacredBark"],"picked":"animator:VividPicture"}],"items_purged_floors":[8,39],"is_endless":false,"potions_floor_spawned":[2,7,10,18,38,45,47],"killed_by":"Awakened One","ascension_level":0}}