{"host":"g2kelmgng7xf1xjg","time":1611102123,"event":{"mods":["BaseMod","Bestiary","Highlight Path","Minty Spire (QoL Compilation)","Relic Stats","StSLib"],"gold_per_floor":[114,114,125,1,17,17,51,65,65,65,100,119,134,168,168,266,266,277,287,287,287,301,301,334,334,412,158,158,104,139,154,154,253,303,313,273,286,43,56,56,91,91,138,153,153,185,197,215,215,215],"floor_reached":51,"language":"ENG","playtime":5281,"items_purged":["Strike_B","Strike_B"],"score":992,"play_id":"bc6d613c-22c5-4eaa-b86a-cd25d669b68c","local_time":"20210119182203","is_ascension_mode":true,"campfire_choices":[{"data":"Streamline","floor":6.0,"key":"SMITH"},{"data":"Defragment","floor":10.0,"key":"SMITH"},{"floor":15.0,"key":"DIG"},{"data":"Recycle","floor":23,"key":"SMITH"},{"data":"Capacitor","floor":28,"key":"SMITH"},{"floor":32,"key":"DIG"},{"floor":40,"key":"DIG"},{"floor":42,"key":"DIG"},{"floor":45,"key":"DIG"},{"floor":49,"key":"DIG"}],"circlet_count":0,"master_deck":["Strike_B+1","Strike_B","Defend_B","Defend_B","Defend_B","Defend_B","Zap+1","Dualcast","Beam Cell","Streamline+1","Cold Snap","Echo Form","Defragment+1","Glacier+1","Go for the Eyes","Sweeping Beam","Leap","Rainbow","Leap","Recycle+1","Capacitor+1","Cold Snap","Electrodynamics","Core Surge","Coolheaded","Loop+1","Coolheaded"],"relics":["Cracked Core","Gambling Chip","Spirit Poop","Shovel","StoneCalendar","Pocketwatch","Strawberry","Orichalcum","SlaversCollar","Bronze Scales","Pantograph","Runic Capacitor","Nunchaku","Juzu Bracelet","Tiny House","HornCleat","MealTicket","Eternal Feather","Ornamental Fan","Art of War","TungstenRod","Oddly Smooth Stone","Boot"],"acts_visited":["Exordium","TheCity","TheBeyond"],"potions_floor_usage":[24,30,37,50],"damage_taken":[{"damage":4.0,"enemies":"Jaw Worm","floor":1.0,"turns":3.0},{"damage":0.0,"enemies":"Cultist","floor":3.0,"turns":3.0},{"damage":0.0,"enemies":"2 Louse","floor":5.0,"turns":2.0},{"damage":14.0,"enemies":"Gremlin Nob","floor":7.0,"turns":3.0},{"damage":0.0,"enemies":"2 Fungi Beasts","floor":8.0,"turns":3.0},{"damage":9.0,"enemies":"Lagavulin","floor":11.0,"turns":4.0},{"damage":1.0,"enemies":"Red Slaver","floor":12.0,"turns":4.0},{"damage":4.0,"enemies":"Large Slime","floor":13.0,"turns":3.0},{"damage":0.0,"enemies":"Gremlin Nob","floor":14.0,"turns":3.0},{"damage":0.0,"enemies":"The Guardian","floor":16.0,"turns":7.0},{"damage":3,"enemies":"Shell Parasite","floor":18,"turns":6},{"damage":12,"enemies":"3 Byrds","floor":19,"turns":5},{"damage":17,"enemies":"Centurion and Healer","floor":22,"turns":6},{"damage":12,"enemies":"Gremlin Leader","floor":24,"turns":5},{"damage":30,"enemies":"Slavers","floor":30,"turns":5},{"damage":7,"enemies":"Snake Plant","floor":31,"turns":5},{"damage":13,"enemies":"Collector","floor":33,"turns":8},{"damage":2,"enemies":"Orb Walker","floor":35,"turns":5},{"damage":12,"enemies":"3 Shapes","floor":37,"turns":5},{"damage":18,"enemies":"Writhing Mass","floor":39,"turns":7},{"damage":29,"enemies":"Reptomancer","floor":41,"turns":6},{"damage":14,"enemies":"Spire Growth","floor":44,"turns":7},{"damage":0,"enemies":"Giant Head","floor":46,"turns":9},{"damage":10,"enemies":"4 Shapes","floor":47,"turns":4},{"damage":0,"enemies":"3 Darklings","floor":48,"turns":5},{"damage":26,"enemies":"Time Eater","floor":50,"turns":11}],"seed_played":"2719499957894420769","potions_obtained":[{"floor":3.0,"key":"ColorlessPotion"},{"floor":7.0,"key":"Strength Potion"},{"floor":8.0,"key":"Energy Potion"},{"floor":11.0,"key":"FairyPotion"},{"floor":18,"key":"PowerPotion"},{"floor":24,"key":"Block Potion"},{"floor":33,"key":"LiquidMemories"},{"floor":34,"key":"DuplicationPotion"},{"floor":41,"key":"Swift Potion"},{"floor":46,"key":"Fire Potion"},{"floor":47,"key":"EssenceOfSteel"}],"is_trial":false,"path_per_floor":["M","?","M","$","M","R","E","M","T","R","E","M","M","E","R","B",null,"M","M","?","?","M","R","E","?","T","$","R","$","E","M","R","B",null,"M","?","M","$","M","R","E","R","T","M","R","E","M","M","R","B",null],"character_chosen":"DEFECT","items_purchased":["FearPotion","Runic Capacitor","Cold Snap","HornCleat"],"campfire_rested":0,"item_purchase_floors":[4,27,29,38],"current_hp_per_floor":[71,71,71,71,71,71,57,57,57,57,48,47,43,50,50,50,82,79,67,67,67,50,50,38,22,22,22,22,22,18,11,11,23,92,90,90,78,78,60,60,31,46,46,32,47,47,37,37,52,51],"gold":215,"neow_bonus":"ONE_RARE_RELIC","is_daily":false,"chose_seed":false,"campfire_upgraded":4,"win_rate":0.0,"timestamp":1611102123,"path_taken":["M","?","M","$","?","R","E","M","T","R","E","M","M","E","R","BOSS","M","M","?","?","M","R","E","?","T","$","R","$","E","M","R","BOSS","M","?","M","$","M","R","E","R","T","M","R","E","M","M","R","BOSS"],"items_purchased_type":["Potion","Relic","Card","Relic"],"build_version":"2020-12-22","purchased_purges":2,"victory":true,"max_hp_per_floor":[75,75,75,75,75,75,75,75,75,75,75,75,75,82,82,82,82,82,82,82,82,82,82,82,87,87,87,87,87,87,87,87,87,92,92,92,92,92,92,92,92,92,92,92,92,92,92,92,92,92],"relic_stats":{"counters":[26,134],"StoneCalendar":[243],"Eternal Feather":45,"Juzu Bracelet":0,"Orichalcum":[234],"Boot":[4],"Nunchaku":[9],"Shovel":6,"Ornamental Fan":[36],"Gambling Chip":[72],"Bronze Scales":[259],"Pantograph":50,"MealTicket":0,"Art of War":[10],"obtain_stats":[{"Tiny House":34,"Spirit Poop":2,"Oddly Smooth Stone":46,"StoneCalendar":9,"Eternal Feather":41,"Runic Capacitor":27,"Juzu Bracelet":32,"Orichalcum":15,"Boot":49,"SlaversCollar":17,"Nunchaku":30,"Shovel":7,"HornCleat":38,"Ornamental Fan":42,"Gambling Chip":0,"Strawberry":14,"Bronze Scales":24,"Pantograph":26,"MealTicket":40,"Art of War":43,"Cracked Core":0,"TungstenRod":45,"Pocketwatch":11},{"Tiny House":17,"Spirit Poop":1,"Oddly Smooth Stone":23,"StoneCalendar":5,"Eternal Feather":21,"Runic Capacitor":14,"Juzu Bracelet":16,"Orichalcum":9,"Boot":25,"SlaversCollar":10,"Nunchaku":15,"Shovel":4,"HornCleat":19,"Ornamental Fan":21,"Gambling Chip":0,"Strawberry":9,"Bronze Scales":14,"Pantograph":14,"MealTicket":20,"Art of War":21,"Cracked Core":0,"TungstenRod":22,"Pocketwatch":6},{"Tiny House":75,"Spirit Poop":3,"Oddly Smooth Stone":114,"StoneCalendar":14,"Eternal Feather":98,"Runic Capacitor":57,"Juzu Bracelet":67,"Orichalcum":28,"Boot":123,"SlaversCollar":35,"Nunchaku":62,"Shovel":11,"HornCleat":85,"Ornamental Fan":98,"Gambling Chip":0,"Strawberry":28,"Bronze Scales":57,"Pantograph":57,"MealTicket":92,"Art of War":98,"Cracked Core":0,"TungstenRod":105,"Pocketwatch":18}],"TungstenRod":5,"Pocketwatch":[195]},"card_choices":[{"not_picked":["Blizzard","Coolheaded"],"picked":"Beam Cell","floor":1.0},{"not_picked":["Go for the Eyes","Darkness"],"picked":"Streamline","floor":3.0},{"not_picked":["Conserve Battery","Hologram"],"picked":"Cold Snap","floor":5.0},{"not_picked":["Turbo","Redo"],"picked":"Echo Form","floor":7.0},{"not_picked":["Barrage","Compile Driver"],"picked":"Defragment","floor":8.0},{"not_picked":["Double Energy","Heatsinks"],"picked":"Glacier","floor":11.0},{"not_picked":["Turbo","Streamline"],"picked":"Go for the Eyes","floor":12.0},{"not_picked":["Beam Cell","Rip and Tear"],"picked":"Sweeping Beam","floor":13.0},{"not_picked":["Scrape","Heatsinks"],"picked":"Leap","floor":14.0},{"not_picked":["Amplify","Meteor Strike"],"picked":"Rainbow","floor":16.0},{"not_picked":["Beam Cell","Skim"],"picked":"Leap","floor":18},{"not_picked":["Beam Cell","Steam Power","Streamline+1"],"picked":"SKIP","floor":19},{"not_picked":["Aggregate+1","Hello World","Reprogram"],"picked":"SKIP","floor":22},{"not_picked":["Stack+1","Self Repair"],"picked":"Capacitor","floor":24},{"not_picked":["Melter+1","Leap"],"picked":"Electrodynamics","floor":30},{"not_picked":["Melter+1","Beam Cell+1","Ball Lightning"],"picked":"SKIP","floor":31},{"not_picked":["Multi-Cast","Amplify"],"picked":"Core Surge","floor":33},{"not_picked":["Leap+1","Stack"],"picked":"Coolheaded","floor":34},{"not_picked":["Leap+1","Fusion+1","Sweeping Beam"],"picked":"SKIP","floor":35},{"not_picked":["Steam Power+1","Storm","Recycle+1"],"picked":"SKIP","floor":37},{"not_picked":["Static Discharge+1","Melter"],"picked":"Loop+1","floor":39},{"not_picked":["BootSequence","Doom and Gloom+1","Hello World+1"],"picked":"SKIP","floor":41},{"not_picked":["Sunder","Genetic Algorithm+1","Steam Power+1"],"picked":"SKIP","floor":44},{"not_picked":["Leap","Scrape+1","Stack+1"],"picked":"SKIP","floor":46},{"not_picked":["Turbo+1","Heatsinks"],"picked":"Coolheaded","floor":47},{"not_picked":["Ball Lightning","Compile Driver+1","White Noise+1"],"picked":"SKIP","floor":48}],"player_experience":983653,"relics_obtained":[{"floor":7.0,"key":"Shovel"},{"floor":9.0,"key":"StoneCalendar"},{"floor":11.0,"key":"Pocketwatch"},{"floor":14.0,"key":"Strawberry"},{"floor":15.0,"key":"Orichalcum"},{"floor":24,"key":"Bronze Scales"},{"floor":26,"key":"Pantograph"},{"floor":30,"key":"Nunchaku"},{"floor":32,"key":"Juzu Bracelet"},{"floor":40,"key":"MealTicket"},{"floor":41,"key":"Eternal Feather"},{"floor":42,"key":"Ornamental Fan"},{"floor":43,"key":"Art of War"},{"floor":45,"key":"TungstenRod"},{"floor":46,"key":"Oddly Smooth Stone"},{"floor":49,"key":"Boot"}],"event_choices":[{"cards_removed":["Writhe"],"damage_healed":0.0,"max_hp_gain":0.0,"max_hp_loss":0.0,"gold_gain":0.0,"event_name":"Bonfire Elementals","player_choice":"Offered Curse","floor":2.0,"gold_loss":0.0,"damage_taken":0.0,"relics_obtained":["Spirit Poop"]},{"damage_healed":0,"gold_gain":0,"player_choice":"Read","damage_taken":0,"max_hp_gain":0,"max_hp_loss":0,"event_name":"The Library","floor":20,"gold_loss":0,"cards_obtained":["Recycle"]},{"damage_healed":0,"gold_gain":0,"player_choice":"Ignored","damage_taken":0,"max_hp_gain":0,"max_hp_loss":0,"event_name":"Vampires","floor":21,"gold_loss":0},{"damage_healed":0,"gold_gain":0,"player_choice":"Shed Blood","damage_taken":21,"max_hp_gain":5,"max_hp_loss":0,"event_name":"Forgotten Altar","floor":25,"gold_loss":0},{"damage_healed":0,"gold_gain":0,"player_choice":"Upgraded Two","damage_taken":0,"max_hp_gain":0,"max_hp_loss":0,"event_name":"Designer","floor":36,"gold_loss":40,"cards_upgraded":["Strike_B","Zap"]}],"is_beta":false,"boss_relics":[{"not_picked":["Pandora\u0027s Box","Snecko Eye"],"picked":"SlaversCollar"},{"not_picked":["Busted Crown","FrozenCore"],"picked":"Tiny House"}],"items_purged_floors":[4,27],"is_endless":false,"potions_floor_spawned":[3,7,8,11,13,18,24,33,41,46,47],"ascension_level":3}}