{"host":"rspt8ghchagqewrq","time":1611155813,"event":{"mods":["AchievementEnabler","BaseMod","Colored Map","Colored Powertips","Minty Spire (QoL Compilation)","Quick Restart"],"gold_per_floor":[119,119,119,198,213,246,246,246,295,295,329,342,342,188,188,292,292,309,328,341,360,143,143,178,193,193,193,47,47,47],"floor_reached":29,"language":"FRA","playtime":1344,"items_purged":[],"score":276,"play_id":"1cb11a2e-ffbf-4b31-9693-e5a49a0bd8a7","local_time":"20210120161653","is_ascension_mode":false,"campfire_choices":[{"data":"Deadly Poison","floor":7,"key":"SMITH"},{"data":"Catalyst","floor":13,"key":"SMITH"},{"floor":15,"key":"REST"},{"floor":23,"key":"REST"},{"data":"Noxious Fumes","floor":27,"key":"SMITH"}],"circlet_count":0,"master_deck":["Strike_G","Strike_G","Strike_G","Strike_G","Strike_G","Defend_G","Defend_G","Defend_G","Defend_G","Defend_G","Survivor+1","Neutralize","Phantasmal Killer+1","Deadly Poison+1","Deflect","Bane","All Out Attack+1","Catalyst+1","Night Terror","Noxious Fumes+1","PiercingWail","Unload+1","Flying Knee"],"relics":["Ring of the Snake","Gremlin Horn","White Beast Statue","Bag of Preparation","Matryoshka","Bronze Scales","WristBlade","Whetstone","Toy Ornithopter","Bag of Marbles","Torii","Blood Vial"],"acts_visited":["Exordium","TheCity"],"potions_floor_usage":[11,16,19,20,24,25,29,29],"damage_taken":[{"damage":4,"enemies":"2 Louse","floor":1,"turns":3},{"damage":1,"enemies":"Jaw Worm","floor":5,"turns":4},{"damage":22,"enemies":"Lagavulin","floor":6,"turns":8},{"damage":19,"enemies":"Gremlin Nob","floor":11,"turns":4},{"damage":0,"enemies":"Small Slimes","floor":12,"turns":1},{"damage":38,"enemies":"Slime Boss","floor":16,"turns":11},{"damage":41,"enemies":"Spheric Guardian","floor":18,"turns":8},{"damage":19,"enemies":"2 Thieves","floor":19,"turns":3},{"damage":0,"enemies":"Snake Plant","floor":20,"turns":2},{"damage":1,"enemies":"Cultist and Chosen","floor":21,"turns":4},{"damage":0,"enemies":"Gremlin Leader","floor":24,"turns":4},{"damage":11,"enemies":"3 Cultists","floor":25,"turns":3},{"damage":23,"enemies":"Colosseum Slavers","floor":29,"turns":4},{"damage":96,"enemies":"Colosseum Nobs","floor":29,"turns":5}],"seed_played":"9198576604283791536","potions_obtained":[{"floor":6,"key":"SteroidPotion"},{"floor":11,"key":"LiquidBronze"},{"floor":12,"key":"SneckoOil"},{"floor":16,"key":"Swift Potion"},{"floor":18,"key":"Regen Potion"},{"floor":19,"key":"AttackPotion"},{"floor":20,"key":"Fruit Juice"},{"floor":21,"key":"Strength Potion"},{"floor":24,"key":"FairyPotion"},{"floor":25,"key":"Swift Potion"}],"is_trial":false,"path_per_floor":["M","?","?","T","M","E","R","?","T","?","E","M","R","$","R","B",null,"M","M","M","M","$","R","E","M","T","R","$","?"],"character_chosen":"THE_SILENT","items_purchased":["Bronze Scales","Unload","Whetstone","Blood Vial"],"campfire_rested":2,"item_purchase_floors":[14,22,22,28],"current_hp_per_floor":[66,71,71,71,70,48,48,48,48,48,29,29,29,29,51,13,75,34,27,32,31,31,55,55,49,49,49,49,0,0],"gold":47,"neow_bonus":"ONE_RANDOM_RARE_CARD","is_daily":false,"chose_seed":false,"campfire_upgraded":3,"win_rate":0.0,"timestamp":1611155813,"path_taken":["M","?","?","?","M","E","R","?","T","?","E","M","R","$","R","BOSS","M","M","M","M","$","R","E","M","T","R","$","?"],"items_purchased_type":["Relic","Card","Relic","Relic"],"build_version":"2020-12-22","purchased_purges":0,"victory":false,"max_hp_per_floor":[70,75,75,75,75,75,75,75,75,75,75,75,75,75,75,75,75,75,75,80,80,80,80,80,80,80,80,80,80,80],"card_choices":[{"not_picked":["Cloak And Dagger","Blade Dance"],"picked":"Deadly Poison","floor":1},{"not_picked":["Outmaneuver","Backstab"],"picked":"Deflect","floor":5},{"not_picked":["Deadly Poison","Masterful Stab"],"picked":"Bane","floor":6},{"not_picked":["Blade Dance","Predator"],"picked":"All Out Attack","floor":11},{"not_picked":["Backflip","Outmaneuver"],"picked":"Catalyst","floor":12},{"not_picked":["Burst","Doppelganger"],"picked":"Night Terror","floor":16},{"not_picked":["Dagger Throw","Sucker Punch","Dodge and Roll"],"picked":"SKIP","floor":18},{"not_picked":["Well Laid Plans","Slice"],"picked":"Noxious Fumes","floor":19},{"not_picked":["Slice","Predator","Finisher"],"picked":"SKIP","floor":20},{"not_picked":["Prepared","All Out Attack"],"picked":"PiercingWail","floor":21},{"not_picked":["Heel Hook","Outmaneuver"],"picked":"Flying Knee","floor":24},{"not_picked":["Acrobatics","Prepared","Doppelganger"],"picked":"SKIP","floor":25}],"player_experience":61619,"relics_obtained":[{"floor":4,"key":"Gremlin Horn"},{"floor":6,"key":"White Beast Statue"},{"floor":9,"key":"Bag of Preparation"},{"floor":11,"key":"Matryoshka"},{"floor":24,"key":"Toy Ornithopter"},{"floor":26,"key":"Bag of Marbles"},{"floor":26,"key":"Torii"}],"event_choices":[{"damage_healed":0,"gold_gain":0,"player_choice":"Donut","damage_taken":0,"max_hp_gain":5,"max_hp_loss":0,"event_name":"Big Fish","floor":2,"gold_loss":0},{"damage_healed":0,"gold_gain":0,"player_choice":"Ignored","damage_taken":0,"max_hp_gain":0,"max_hp_loss":0,"event_name":"Golden Wing","floor":3,"gold_loss":0},{"damage_healed":0,"gold_gain":0,"player_choice":"Grow","damage_taken":0,"max_hp_gain":0,"max_hp_loss":0,"event_name":"Living Wall","floor":8,"gold_loss":0,"cards_upgraded":["Phantasmal Killer"]},{"damage_healed":0,"gold_gain":0,"player_choice":"Forge","damage_taken":0,"max_hp_gain":0,"max_hp_loss":0,"event_name":"Accursed Blacksmith","floor":10,"gold_loss":0,"cards_upgraded":["Survivor"]},{"damage_healed":0,"gold_gain":0,"player_choice":"Fight","damage_taken":0,"max_hp_gain":0,"max_hp_loss":0,"event_name":"Colosseum","floor":29,"gold_loss":0},{"damage_healed":0,"gold_gain":0,"player_choice":"Fought Nobs","damage_taken":0,"max_hp_gain":0,"max_hp_loss":0,"event_name":"Colosseum","floor":29,"gold_loss":0}],"is_beta":false,"boss_relics":[{"not_picked":["Velvet Choker","Coffee Dripper"],"picked":"WristBlade"}],"items_purged_floors":[],"is_endless":false,"potions_floor_spawned":[6,11,12,16,18,19,20,21,24,25,29],"killed_by":"Colosseum Nobs","ascension_level":0}}