{"host":"s5i48q09v0un9rqc","time":1611128505,"event":{"mods":["BaseMod","BetterRewards","Highlight Path","Minty Spire (QoL Compilation)","Rare Cards Sparkle","Shop Mod"],"gold_per_floor":[109,109,124,142,152,152,177,177,231,243,243,255,289,303,303,400,400,418,144,144,156,20,49,49,77,77,152,183,193,211,237,237,335,335,352,369,369,388,403,403,431,431,431,431,356,387,397,427,427,427,427,427,122,149,149],"floor_reached":56,"language":"ZHS","playtime":2476,"items_purged":["Strike_R","Strike_R","Defend_R","Strike_R+1","Strike_R+1"],"score":1510,"play_id":"39c2d03a-bc5c-4e87-b702-8b6a6ca88e4e","local_time":"20210120154145","is_ascension_mode":true,"campfire_choices":[{"data":"Armaments","floor":6.0,"key":"SMITH"},{"data":"Inflame","floor":11.0,"key":"SMITH"},{"floor":15.0,"key":"RECALL"},{"data":"Second Wind","floor":24.0,"key":"SMITH"},{"data":"Evolve","floor":32.0,"key":"SMITH"},{"floor":40,"key":"REST"},{"data":"Offering","floor":42,"key":"SMITH"},{"floor":44,"key":"REST"},{"data":"Feel No Pain","floor":49,"key":"SMITH"},{"floor":52,"key":"REST"}],"circlet_count":0,"master_deck":["Defend_R","Defend_R","Defend_R","Bash","Inflame+1","Power Through","Armaments+1","Whirlwind+1","Shrug It Off","Double Tap","Second Wind+1","Evolve+1","Shrug It Off+1","Dark Embrace+1","Offering+1","Feel No Pain+1","Pommel Strike+1","Body Slam+1"],"relics":["Burning Blood","Potion Belt","Chemical X","Gambling Chip","Self Forming Clay","Blood Vial","Whetstone","SlaversCollar","Membership Card","Bag of Preparation","Orrery","Dream Catcher","Toy Ornithopter","Vajra","Magic Flower","Bird Faced Urn","Sozu","Regal Pillow","Mercury Hourglass","Boot","CaptainsWheel","Art of War","Strawberry"],"acts_visited":["Exordium","TheCity","TheBeyond","TheEnding"],"potions_floor_usage":[55,55,55],"damage_taken":[{"damage":1.0,"enemies":"Cultist","floor":1.0,"turns":4.0},{"damage":1.0,"enemies":"Jaw Worm","floor":3.0,"turns":5.0},{"damage":2.0,"enemies":"Small Slimes","floor":4.0,"turns":4.0},{"damage":11.0,"enemies":"2 Fungi Beasts","floor":5.0,"turns":5.0},{"damage":21.0,"enemies":"Lagavulin","floor":7.0,"turns":8.0},{"damage":0.0,"enemies":"Exordium Thugs","floor":10.0,"turns":2.0},{"damage":0.0,"enemies":"Looter","floor":12.0,"turns":2.0},{"damage":16.0,"enemies":"Gremlin Nob","floor":13.0,"turns":4.0},{"damage":1.0,"enemies":"Gremlin Gang","floor":14.0,"turns":2.0},{"damage":22.0,"enemies":"Slime Boss","floor":16.0,"turns":9.0},{"damage":0.0,"enemies":"2 Thieves","floor":18.0,"turns":1.0},{"damage":5.0,"enemies":"Chosen","floor":21.0,"turns":3.0},{"damage":0.0,"enemies":"Book of Stabbing","floor":23.0,"turns":6.0},{"damage":0.0,"enemies":"Slavers","floor":25.0,"turns":1.0},{"damage":11.0,"enemies":"Gremlin Leader","floor":28.0,"turns":4.0},{"damage":3.0,"enemies":"Snecko","floor":29.0,"turns":5.0},{"damage":0.0,"enemies":"Sentry and Sphere","floor":30.0,"turns":3.0},{"damage":7.0,"enemies":"Slavers","floor":31.0,"turns":2.0},{"damage":21.0,"enemies":"Collector","floor":33.0,"turns":5.0},{"damage":0.0,"enemies":"3 Darklings","floor":35.0,"turns":1.0},{"damage":0.0,"enemies":"Orb Walker","floor":36.0,"turns":4.0},{"damage":30,"enemies":"Sphere and 2 Shapes","floor":38,"turns":4},{"damage":22,"enemies":"Writhing Mass","floor":39,"turns":5},{"damage":0,"enemies":"Giant Head","floor":41,"turns":5},{"damage":6,"enemies":"Nemesis","floor":46,"turns":3},{"damage":6,"enemies":"Jaw Worm Horde","floor":47,"turns":1},{"damage":6,"enemies":"Reptomancer","floor":48,"turns":3},{"damage":14,"enemies":"Time Eater","floor":50,"turns":11},{"damage":10,"enemies":"Shield and Spear","floor":54,"turns":4},{"damage":12,"enemies":"The Heart","floor":55,"turns":6}],"seed_played":"-1550489276431389761","potions_obtained":[{"floor":1.0,"key":"Weak Potion"},{"floor":12.0,"key":"Swift Potion"},{"floor":14.0,"key":"Strength Potion"},{"floor":18.0,"key":"LiquidBronze"},{"floor":33.0,"key":"Swift Potion"}],"is_trial":false,"path_per_floor":["M","?","M","M","M","R","E","?","T","M","R","M","E","M","R","B",null,"M","$","?","M","$","E","R","E","T","?","E","M","M","E","R","B",null,"M","M","?","M","M","R","E","R","T","R","$","E","M","E","R","B",null,"R","$","E","B",null],"character_chosen":"IRONCLAD","items_purchased":["Potion Belt","Chemical X","Inflame","DuplicationPotion","Membership Card","Bag of Preparation","Orrery","CaptainsWheel","Art of War"],"campfire_rested":3,"item_purchase_floors":[0,0,0,0,19,19,22,53,53],"current_hp_per_floor":[49,80,80,80,75,75,60,60,60,68,68,76,68,75,75,61,80,80,80,80,80,80,80,80,80,80,72,69,78,80,80,80,68,80,80,80,80,62,61,80,80,80,80,80,80,80,80,80,80,78,80,80,80,87,87],"gold":149,"neow_bonus":"","is_daily":false,"chose_seed":false,"campfire_upgraded":6,"win_rate":0.0,"timestamp":1611128505,"path_taken":["M","?","M","?","M","R","E","?","T","?","R","M","E","M","R","BOSS","M","$","?","M","$","E","R","E","T","?","E","M","?","E","R","BOSS","M","M","?","M","M","R","E","R","T","R","$","E","M","E","R","BOSS","R","$","E","BOSS"],"items_purchased_type":["Relic","Relic","Card","Potion","Relic","Relic","Relic","Relic","Relic"],"build_version":"2020-12-22","purchased_purges":5,"victory":true,"max_hp_per_floor":[80,80,80,80,80,80,80,80,80,80,80,80,80,80,80,80,80,80,80,80,80,80,80,80,80,80,80,80,80,80,80,80,80,80,80,80,80,80,80,80,80,80,80,80,80,80,80,80,80,80,80,80,80,87,87],"card_choices":[{"not_picked":["Rupture","Havoc"],"picked":"Battle Trance","floor":1.0},{"not_picked":["Warcry","Sword Boomerang"],"picked":"Power Through","floor":3.0},{"not_picked":["Body Slam","Rupture"],"picked":"Armaments","floor":4.0},{"not_picked":["Heavy Blade","Thunderclap","Perfected Strike"],"picked":"SKIP","floor":5.0},{"not_picked":["Twin Strike","Body Slam"],"picked":"Whirlwind","floor":7.0},{"not_picked":["Anger","Perfected Strike","Thunderclap"],"picked":"SKIP","floor":10.0},{"not_picked":["Perfected Strike","Heavy Blade"],"picked":"Shrug It Off","floor":12.0},{"not_picked":["Flex","Reckless Charge","Headbutt"],"picked":"SKIP","floor":13.0},{"not_picked":["Disarm","Twin Strike","Perfected Strike"],"picked":"SKIP","floor":14.0},{"not_picked":["Demon Form","Corruption"],"picked":"Double Tap","floor":16.0},{"not_picked":["Havoc+1","Armaments","Fire Breathing"],"picked":"SKIP","floor":18.0},{"not_picked":["Headbutt","Pommel Strike","Blood for Blood+1"],"picked":"SKIP","floor":21.0},{"not_picked":["Fiend Fire","Ghostly Armor"],"picked":"Second Wind","floor":22.0},{"not_picked":["Perfected Strike","Thunderclap"],"picked":"Evolve","floor":22.0},{"not_picked":["Perfected Strike+1","Bludgeon"],"picked":"Shrug It Off+1","floor":22.0},{"not_picked":["Clash+1","Sword Boomerang","Reckless Charge"],"picked":"SKIP","floor":23.0},{"not_picked":["Cleave+1","Entrench","Body Slam"],"picked":"SKIP","floor":25.0},{"not_picked":["Flame Barrier","Thunderclap","Rage"],"picked":"SKIP","floor":28.0},{"not_picked":["Cleave","Rupture","Clash"],"picked":"SKIP","floor":29.0},{"not_picked":["Reckless Charge","Iron Wave","Thunderclap+1"],"picked":"SKIP","floor":30.0},{"not_picked":["Wild Strike","Shrug It Off","Brutality"],"picked":"SKIP","floor":31.0},{"not_picked":["Anger+1","Reckless Charge"],"picked":"Dark Embrace+1","floor":35.0},{"not_picked":["Cleave+1","Anger","Fire Breathing+1"],"picked":"SKIP","floor":36.0},{"not_picked":["Metallicize","Disarm+1","Twin Strike"],"picked":"SKIP","floor":38},{"not_picked":["Cleave+1","Fiend Fire","Pommel Strike+1"],"picked":"SKIP","floor":39},{"not_picked":["Perfected Strike+1","Clothesline"],"picked":"Offering","floor":41},{"not_picked":["Spot Weakness","Iron Wave","Heavy Blade"],"picked":"SKIP","floor":46},{"not_picked":["Iron Wave","Flame Barrier+1"],"picked":"Feel No Pain","floor":47},{"not_picked":["Power Through","Twin Strike","Clothesline"],"picked":"SKIP","floor":48},{"not_picked":["Intimidate+1","Sword Boomerang"],"picked":"Pommel Strike+1","floor":52},{"not_picked":["Anger+1","Perfected Strike"],"picked":"Body Slam+1","floor":54}],"player_experience":778521,"relics_obtained":[{"floor":7.0,"key":"Self Forming Clay"},{"floor":9.0,"key":"Blood Vial"},{"floor":13.0,"key":"Whetstone"},{"floor":23.0,"key":"Dream Catcher"},{"floor":25.0,"key":"Toy Ornithopter"},{"floor":26.0,"key":"Vajra"},{"floor":28.0,"key":"Magic Flower"},{"floor":31.0,"key":"Bird Faced Urn"},{"floor":41,"key":"Regal Pillow"},{"floor":46,"key":"Mercury Hourglass"},{"floor":48,"key":"Boot"},{"floor":54,"key":"Strawberry"}],"event_choices":[{"cards_removed":["Battle Trance"],"damage_healed":31.0,"max_hp_gain":0.0,"max_hp_loss":0.0,"gold_gain":0.0,"event_name":"Bonfire Elementals","player_choice":"Offered Uncommon","floor":2.0,"gold_loss":0.0,"damage_taken":0.0},{"damage_healed":0.0,"max_hp_gain":0.0,"max_hp_loss":0.0,"gold_gain":0.0,"event_name":"Upgrade Shrine","player_choice":"Upgraded","floor":8.0,"gold_loss":0.0,"damage_taken":0.0,"cards_upgraded":["Whirlwind"]},{"cards_removed":["Strike_R"],"damage_healed":0.0,"max_hp_gain":0.0,"max_hp_loss":0.0,"gold_gain":0.0,"event_name":"Back to Basics","player_choice":"Elegance","floor":20.0,"gold_loss":0.0,"damage_taken":0.0},{"damage_healed":0.0,"max_hp_gain":0.0,"max_hp_loss":0.0,"gold_gain":75.0,"event_name":"FaceTrader","player_choice":"Touch","floor":27.0,"gold_loss":0.0,"damage_taken":8.0},{"damage_healed":0,"gold_gain":0,"player_choice":"Ignored","damage_taken":0,"max_hp_gain":0,"max_hp_loss":0,"event_name":"Duplicator","floor":37,"gold_loss":0}],"is_beta":false,"boss_relics":[{"not_picked":["Pandora\u0027s Box","Black Blood"],"picked":"SlaversCollar"},{"not_picked":["Cursed Key","Philosopher\u0027s Stone"],"picked":"Sozu"}],"items_purged_floors":[0,19,22,45,53],"is_endless":false,"potions_floor_spawned":[1,12,14,18,23,25,33,38,46,47,54],"ascension_level":1}}