{"host":"fa35vd3kig5td25x","time":1611163108,"event":{"mods":["BaseMod","Colored Powertips","Minty Spire (QoL Compilation)","Relic Stats","Slay the Relics Exporter"],"gold_per_floor":[113,188,207,207,207,245,265,301,301,344,180,180,19,38,38,136,136,159,1,17,17,17,17,38,52,52,68,68,14,52,96,96,96,96],"floor_reached":33,"language":"ENG","playtime":1485,"items_purged":[],"score":596,"play_id":"fec523b5-11ef-476c-94f1-b37ff7a24201","local_time":"20210120181828","is_ascension_mode":true,"campfire_choices":[{"data":"Dash","floor":12,"key":"SMITH"},{"data":"Cloak And Dagger","floor":15,"key":"SMITH"},{"data":"Cloak And Dagger","floor":23,"key":"SMITH"},{"floor":28,"key":"REST"},{"data":"Footwork","floor":32,"key":"SMITH"}],"circlet_count":0,"master_deck":["AscendersBane","Strike_G","Strike_G","Strike_G","Strike_G","Strike_G","Defend_G","Defend_G","Defend_G","Defend_G","Defend_G","Survivor","Neutralize+1","Dash+1","Quick Slash","Dash","Masterful Stab","Crippling Poison","Cloak And Dagger+1","Glass Knife","Cloak And Dagger+1","Cloak And Dagger+1","Skewer+1","Finisher","Writhe","Footwork+1"],"relics":["Ring of the Snake","NeowsBlessing","Golden Idol","Ginger","Odd Mushroom","Letter Opener","Oddly Smooth Stone","Pen Nib","Bag of Preparation","Cursed Key","Blood Vial","Pear","Red Mask","InkBottle"],"acts_visited":["Exordium","TheCity"],"potions_floor_usage":[10,16,16,31,33,33],"damage_taken":[{"damage":0,"enemies":"Small Slimes","floor":1,"turns":1},{"damage":0,"enemies":"2 Louse","floor":3,"turns":1},{"damage":0,"enemies":"Gremlin Nob","floor":6,"turns":1},{"damage":0,"enemies":"Cultist","floor":7,"turns":4},{"damage":13,"enemies":"The Mushroom Lair","floor":8,"turns":6},{"damage":2,"enemies":"3 Sentries","floor":10,"turns":12},{"damage":2,"enemies":"Red Slaver","floor":14,"turns":5},{"damage":30,"enemies":"Slime Boss","floor":16,"turns":8},{"damage":3,"enemies":"3 Byrds","floor":18,"turns":5},{"damage":13,"enemies":"Spheric Guardian","floor":20,"turns":4},{"damage":19,"enemies":"Shelled Parasite and Fungi","floor":24,"turns":7},{"damage":6,"enemies":"Cultist and Chosen","floor":25,"turns":6},{"damage":0,"enemies":"Chosen and Byrds","floor":27,"turns":5},{"damage":0,"enemies":"Masked Bandits","floor":30,"turns":3},{"damage":14,"enemies":"Gremlin Leader","floor":31,"turns":5},{"damage":66,"enemies":"Automaton","floor":33,"turns":6}],"seed_played":"1288011443933068675","potions_obtained":[{"floor":3,"key":"Explosive Potion"},{"floor":6,"key":"SmokeBomb"},{"floor":8,"key":"BlessingOfTheForge"},{"floor":10,"key":"CunningPotion"},{"floor":27,"key":"Fire Potion"},{"floor":31,"key":"CunningPotion"}],"is_trial":false,"path_per_floor":["M","?","M","?","?","E","M","?","T","E","$","R","$","M","R","B",null,"M","$","M","?","?","R","M","M","T","M","R","$","?","E","R","B"],"character_chosen":"THE_SILENT","items_purchased":["Pen Nib","Bag of Preparation","Blood Vial","Block Potion"],"campfire_rested":1,"item_purchase_floors":[11,13,19,29],"current_hp_per_floor":[59,48,48,48,48,48,48,35,35,33,33,33,33,31,31,1,45,42,42,31,31,31,31,14,10,20,22,43,43,45,33,33,0,0],"gold":96,"neow_bonus":"THREE_ENEMY_KILL","is_daily":false,"chose_seed":false,"campfire_upgraded":4,"win_rate":0.0,"timestamp":1611163108,"path_taken":["M","?","M","?","?","E","M","?","T","E","$","R","$","M","R","BOSS","M","$","M","?","?","R","?","M","T","M","R","?","?","E","R","BOSS"],"items_purchased_type":["Relic","Relic","Relic","Potion"],"build_version":"2020-12-22","purchased_purges":0,"victory":false,"max_hp_per_floor":[66,66,66,60,60,60,60,60,60,60,60,60,60,60,60,60,60,60,60,60,60,60,60,60,60,70,70,70,70,70,70,70,70,70],"relic_stats":{"Blood Vial":14,"counters":[16,79],"Golden Idol":87,"Pen Nib":[17],"Bag of Preparation":[20],"Ginger":[6],"Letter Opener":[40],"Cursed Key":1,"obtain_stats":[{"Pear":26,"NeowsBlessing":0,"Golden Idol":4,"Oddly Smooth Stone":10,"Pen Nib":11,"Bag of Preparation":13,"Ginger":6,"Letter Opener":9,"Odd Mushroom":8,"Cursed Key":17,"Blood Vial":19,"Red Mask":30,"InkBottle":31,"Ring of the Snake":0},{"Pear":12,"NeowsBlessing":0,"Golden Idol":2,"Oddly Smooth Stone":6,"Pen Nib":6,"Bag of Preparation":6,"Ginger":3,"Letter Opener":5,"Odd Mushroom":5,"Cursed Key":8,"Blood Vial":9,"Red Mask":14,"InkBottle":15,"Ring of the Snake":0},{"Pear":60,"NeowsBlessing":0,"Golden Idol":2,"Oddly Smooth Stone":25,"Pen Nib":25,"Bag of Preparation":25,"Ginger":3,"Letter Opener":13,"Odd Mushroom":13,"Cursed Key":38,"Blood Vial":43,"Red Mask":68,"InkBottle":73,"Ring of the Snake":0}],"InkBottle":[3],"Ring of the Snake":[32]},"card_choices":[{"not_picked":["Cloak And Dagger","Underhanded Strike"],"picked":"Dash","floor":1},{"not_picked":["Eviscerate","Deflect"],"picked":"Quick Slash","floor":3},{"not_picked":["Flying Knee","Flechettes"],"picked":"Dash","floor":6},{"not_picked":["Outmaneuver","Bane"],"picked":"Masterful Stab","floor":7},{"not_picked":["Leg Sweep","Sucker Punch"],"picked":"Crippling Poison","floor":8},{"not_picked":["Dagger Throw","Quick Slash","Tools of the Trade"],"picked":"SKIP","floor":10},{"not_picked":["Acrobatics","Deflect"],"picked":"Cloak And Dagger","floor":14},{"not_picked":["Envenom","Burst"],"picked":"Glass Knife","floor":16},{"not_picked":["Caltrops","Quick Slash"],"picked":"Cloak And Dagger","floor":18},{"not_picked":["Deadly Poison","Slice","Deflect"],"picked":"SKIP","floor":20},{"not_picked":["Choke","Noxious Fumes"],"picked":"Skewer+1","floor":24},{"not_picked":["Choke","Masterful Stab"],"picked":"Finisher","floor":25},{"not_picked":["Bane","Prepared","Blur"],"picked":"SKIP","floor":27},{"not_picked":["Backflip","Cloak And Dagger"],"picked":"Footwork","floor":31}],"player_experience":2964337,"relics_obtained":[{"floor":6,"key":"Ginger"},{"floor":8,"key":"Odd Mushroom"},{"floor":9,"key":"Letter Opener"},{"floor":10,"key":"Oddly Smooth Stone"},{"floor":26,"key":"Pear"},{"floor":30,"key":"Red Mask"},{"floor":31,"key":"InkBottle"}],"event_choices":[{"damage_healed":0,"gold_gain":75,"player_choice":"Gather Gold","damage_taken":11,"max_hp_gain":0,"max_hp_loss":0,"event_name":"World of Goop","floor":2,"gold_loss":0},{"damage_healed":0,"gold_gain":0,"player_choice":"Lose Max HP","damage_taken":0,"relics_obtained":["Golden Idol"],"max_hp_gain":0,"max_hp_loss":6,"event_name":"Golden Idol","floor":4,"gold_loss":0},{"damage_healed":0,"gold_gain":0,"player_choice":"Grow","damage_taken":0,"max_hp_gain":0,"max_hp_loss":0,"event_name":"Living Wall","floor":5,"gold_loss":0,"cards_upgraded":["Neutralize"]},{"damage_healed":0,"gold_gain":0,"player_choice":"Fought Mushrooms","damage_taken":0,"max_hp_gain":0,"max_hp_loss":0,"event_name":"Mushrooms","floor":8,"gold_loss":0},{"damage_healed":0,"gold_gain":0,"player_choice":"Ignored","damage_taken":0,"max_hp_gain":0,"max_hp_loss":0,"event_name":"The Mausoleum","floor":21,"gold_loss":0},{"damage_healed":0,"gold_gain":0,"player_choice":"Copied","damage_taken":0,"max_hp_gain":0,"max_hp_loss":0,"event_name":"Duplicator","floor":22,"gold_loss":0,"cards_obtained":["Cloak And Dagger"]},{"damage_healed":0,"gold_gain":0,"player_choice":"Fought Bandits","damage_taken":0,"max_hp_gain":0,"max_hp_loss":0,"event_name":"Masked Bandits","floor":30,"gold_loss":0}],"is_beta":false,"boss_relics":[{"not_picked":["Runic Dome","WristBlade"],"picked":"Cursed Key"}],"items_purged_floors":[],"is_endless":false,"potions_floor_spawned":[3,6,8,10,27,30,31],"killed_by":"Automaton","ascension_level":20}}