{"host":"3y2rtlgteqp2nuo3","time":1611140785,"event":{"mods":["2.2 Compatiblity","AchievementEnabler","BaseMod","Colored Map","DeckTracker","Highlight Path","Keyboard Shortcuts","Minty Spire (QoL Compilation)","Permanent Neow","Quick Restart","StSLib","SuperFastMode","everything is the same but u backflip on backflip"],"gold_per_floor":[19,39,50,64,64,64,99,99,154,154,79,98,109,143,143,217,217],"floor_reached":16,"language":"KOR","playtime":336,"items_purged":[],"score":292,"play_id":"f2ab94b6-2473-42bc-8c03-838e06740555","local_time":"20210120200625","is_ascension_mode":true,"campfire_choices":[{"data":"Zap","floor":6,"key":"SMITH"},{"data":"Coolheaded","floor":8,"key":"SMITH"},{"data":"Lockon","floor":10,"key":"SMITH"},{"data":"Beam Cell","floor":15,"key":"SMITH"}],"circlet_count":0,"master_deck":["AscendersBane","Strike_B","Strike_B","Defend_B","Defend_B","Defend_B","Zap+1","Dualcast","Heatsinks","Lockon+1","Cold Snap","Streamline","Coolheaded+1","Tempest","Sweeping Beam","Undo","Turbo","Beam Cell+1"],"relics":["Cracked Core","Question Card","Orichalcum","Smiling Mask"],"acts_visited":["Exordium"],"potions_floor_usage":[16],"damage_taken":[{"damage":0,"enemies":"2 Louse","floor":1,"turns":2},{"damage":2,"enemies":"Jaw Worm","floor":2,"turns":3},{"damage":0,"enemies":"Cultist","floor":3,"turns":2},{"damage":5,"enemies":"Large Slime","floor":4,"turns":4},{"damage":15,"enemies":"Gremlin Nob","floor":7,"turns":3},{"damage":0,"enemies":"2 Fungi Beasts","floor":12,"turns":3},{"damage":3,"enemies":"Exordium Thugs","floor":13,"turns":5},{"damage":12,"enemies":"3 Sentries","floor":14,"turns":7},{"damage":20,"enemies":"Hexaghost","floor":16,"turns":9}],"seed_played":"5376065851321064404","potions_obtained":[{"floor":1,"key":"AttackPotion"},{"floor":3,"key":"Strength Potion"},{"floor":13,"key":"DuplicationPotion"}],"is_trial":false,"path_per_floor":["M","M","M","M","$","R","E","R","T","R","?","M","M","E","R","B"],"character_chosen":"DEFECT","items_purchased":[],"campfire_rested":0,"item_purchase_floors":[],"current_hp_per_floor":[64,62,62,57,57,57,42,42,42,42,42,42,39,27,27,7,7],"gold":217,"neow_bonus":"TRANSFORM_TWO_CARDS","is_daily":false,"chose_seed":false,"campfire_upgraded":4,"win_rate":0.0,"timestamp":1611140785,"path_taken":["M","M","M","M","$","R","E","R","T","R","?","M","M","E","R","BOSS"],"items_purchased_type":[],"build_version":"2020-12-22","purchased_purges":0,"victory":false,"max_hp_per_floor":[71,71,71,71,71,71,71,71,71,71,71,71,71,71,71,71,71],"card_choices":[{"not_picked":["Capacitor","Rip and Tear"],"picked":"Cold Snap","floor":1},{"not_picked":["Fusion","Blizzard"],"picked":"Streamline","floor":2},{"not_picked":["Heatsinks","Leap"],"picked":"Coolheaded","floor":3},{"not_picked":["Go for the Eyes","Hologram"],"picked":"Tempest","floor":4},{"not_picked":["Rip and Tear","Stack"],"picked":"Sweeping Beam","floor":7},{"not_picked":["Hyperbeam","Sweeping Beam","Leap"],"picked":"Undo","floor":12},{"not_picked":["Reinforced Body","Sweeping Beam","Barrage"],"picked":"Turbo","floor":13},{"not_picked":["Darkness","Go for the Eyes","Rebound"],"picked":"Beam Cell","floor":14}],"player_experience":700851,"relics_obtained":[{"floor":7,"key":"Question Card"},{"floor":9,"key":"Orichalcum"},{"floor":14,"key":"Smiling Mask"}],"event_choices":[{"cards_removed":["Strike_B"],"damage_healed":0,"gold_gain":0,"player_choice":"Card Removal","damage_taken":0,"max_hp_gain":0,"max_hp_loss":0,"event_name":"The Cleric","floor":11,"gold_loss":75}],"is_beta":false,"boss_relics":[],"items_purged_floors":[],"is_endless":false,"potions_floor_spawned":[1,3,4,12,13],"killed_by":"Hexaghost","ascension_level":16}}