{"host":"3zmssa4s99zhxek5","time":1611186586,"event":{"mods":["AchievementEnabler","BaseMod","Minty Spire (QoL Compilation)","Permanent Neow","Relic Stats"],"gold_per_floor":[115,115,128,146,157,190,190,222,248,187,187,201,201,224,224,224,224],"floor_reached":16,"language":"KOR","playtime":745,"items_purged":[],"score":224,"play_id":"2d57efe8-fe20-4f38-af12-5afd108da065","local_time":"20210121084946","is_ascension_mode":true,"campfire_choices":[{"floor":7,"key":"REST"},{"floor":11,"key":"REST"},{"data":"1","floor":15,"key":"LIFT"}],"circlet_count":0,"master_deck":["AscendersBane","Strike_G","Strike_G","Strike_G","Strike_G","Strike_G","Defend_G","Defend_G","Defend_G","Defend_G","Defend_G","Survivor+1","Neutralize","Poisoned Stab","Cloak And Dagger+1","Deflect","Footwork","Unload","Poisoned Stab","Dodge and Roll","Leg Sweep"],"relics":["Sozu","Girya","Omamori","War Paint","Golden Idol"],"acts_visited":[],"potions_floor_usage":[],"damage_taken":[{"damage":0.0,"enemies":"Cultist","floor":1.0,"turns":4.0},{"damage":2,"enemies":"Small Slimes","floor":3,"turns":3},{"damage":5,"enemies":"2 Louse","floor":4,"turns":2},{"damage":0,"enemies":"2 Fungi Beasts","floor":5,"turns":4},{"damage":46,"enemies":"Gremlin Nob","floor":6,"turns":6},{"damage":22,"enemies":"3 Sentries","floor":8,"turns":10},{"damage":4,"enemies":"Looter","floor":12,"turns":3},{"damage":13,"enemies":"Exordium Wildlife","floor":14,"turns":4},{"damage":16,"enemies":"Hexaghost","floor":16,"turns":9}],"seed_played":"500233795824236865","potions_obtained":[],"is_trial":false,"path_per_floor":["M","?","M","M","M","E","R","E","T","?","R","M","?","M","R","B"],"character_chosen":"THE_SILENT","items_purchased":[],"campfire_rested":2,"item_purchase_floors":[],"current_hp_per_floor":[59,64,62,57,57,11,32,10,10,10,31,27,27,14,14,0,0],"gold":224,"neow_bonus":"BOSS_RELIC","is_daily":false,"chose_seed":false,"campfire_upgraded":0,"win_rate":0.0,"timestamp":1611186586,"path_taken":["M","?","M","M","M","E","R","E","T","?","R","M","?","M","R","BOSS"],"items_purchased_type":[],"build_version":"2020-12-22","purchased_purges":0,"victory":false,"max_hp_per_floor":[66,71,71,71,71,71,71,71,71,71,71,71,64,64,64,64,64],"relic_stats":{"Sozu":3,"counters":[8,41],"Golden Idol":5,"War Paint":["Survivor","Cloak And Dagger"],"obtain_stats":[{"Sozu":0,"Girya":6,"Golden Idol":13,"Omamori":8,"War Paint":9},{"Sozu":0,"Girya":4,"Golden Idol":6,"Omamori":5,"War Paint":5},{"Sozu":0,"Girya":15,"Golden Idol":28,"Omamori":25,"War Paint":25}]},"card_choices":[{"not_picked":["Slice","Dagger Throw"],"picked":"Poisoned Stab","floor":1},{"not_picked":["Distraction","Slice"],"picked":"Cloak And Dagger","floor":3},{"not_picked":["Reflex","Flying Knee"],"picked":"Deflect","floor":4},{"not_picked":["Poisoned Stab","Deflect"],"picked":"Footwork","floor":5},{"not_picked":["Cloak And Dagger","Slice"],"picked":"Unload","floor":6},{"not_picked":["Outmaneuver","Endless Agony"],"picked":"Poisoned Stab","floor":8},{"not_picked":["Quick Slash","Acrobatics"],"picked":"Dodge and Roll","floor":12},{"not_picked":["Poisoned Stab","Calculated Gamble"],"picked":"Leg Sweep","floor":14}],"player_experience":1551553,"relics_obtained":[{"floor":6,"key":"Girya"},{"floor":8,"key":"Omamori"},{"floor":9,"key":"War Paint"}],"event_choices":[{"damage_healed":0,"gold_gain":0,"player_choice":"Donut","damage_taken":0,"max_hp_gain":5,"max_hp_loss":0,"event_name":"Big Fish","floor":2,"gold_loss":0},{"damage_healed":0,"gold_gain":0,"player_choice":"Left Gold","damage_taken":0,"max_hp_gain":0,"max_hp_loss":0,"event_name":"World of Goop","floor":10,"gold_loss":61},{"damage_healed":0,"gold_gain":0,"player_choice":"Lose Max HP","damage_taken":0,"relics_obtained":["Golden Idol"],"max_hp_gain":0,"max_hp_loss":7,"event_name":"Golden Idol","floor":13,"gold_loss":0}],"is_beta":false,"boss_relics":[],"items_purged_floors":[],"is_endless":false,"potions_floor_spawned":[3,5,8],"killed_by":"Hexaghost","ascension_level":20}}