{"host":"sc0o2qwpf9j16a4i","time":1611157129,"event":{"mods":["AchievementEnabler","BaseMod","BetterRewards","Block Reminder","Colored Map","Colored Powertips","Custom Start","Highlight Path","Minty Spire (QoL Compilation)","Relic Stats"],"gold_per_floor":[111,111,130,130,130,130,0,0,26,26,50,84,104,127,127,220,220,234,252,266,282,282,282],"floor_reached":22,"language":"ENG","playtime":746,"items_purged":["Strike_G"],"score":576,"play_id":"61e372fc-c13b-4528-9b6d-8e3b8ec2005b","local_time":"20210120173849","is_ascension_mode":true,"campfire_choices":[{"floor":6,"key":"REST"},{"floor":8,"key":"REST"},{"data":"Deadly Poison","floor":15,"key":"SMITH"}],"circlet_count":0,"master_deck":["AscendersBane","Strike_G","Strike_G","Strike_G","Defend_G","Defend_G","Defend_G","Defend_G","Defend_G","Survivor","Neutralize","Crippling Poison+1","Deadly Poison+1","Poisoned Stab","Flying Knee","Dodge and Roll","Poisoned Stab","Malaise","Backflip","Acrobatics","Backflip","Noxious Fumes"],"relics":["Ring of the Snake","OrangePellets","Bag of Preparation","Snake Skull","Pantograph","Golden Idol","Happy Flower","Strawberry","SlaversCollar"],"acts_visited":["Exordium","TheCity"],"potions_floor_usage":[21,22],"damage_taken":[{"damage":1,"enemies":"Jaw Worm","floor":1,"turns":4},{"damage":4,"enemies":"2 Louse","floor":3,"turns":2},{"damage":4,"enemies":"Cultist","floor":11,"turns":3},{"damage":20,"enemies":"3 Sentries","floor":12,"turns":11},{"damage":0,"enemies":"2 Fungi Beasts","floor":13,"turns":3},{"damage":0,"enemies":"Large Slime","floor":14,"turns":4},{"damage":1,"enemies":"The Guardian","floor":16,"turns":7},{"damage":10,"enemies":"Shell Parasite","floor":18,"turns":6},{"damage":6,"enemies":"Spheric Guardian","floor":19,"turns":4},{"damage":13,"enemies":"Snake Plant","floor":20,"turns":6},{"damage":32,"enemies":"Shelled Parasite and Fungi","floor":21,"turns":9},{"damage":11,"enemies":"Sentry and Sphere","floor":22,"turns":3}],"seed_played":"-1500079096315415131","potions_obtained":[{"floor":1,"key":"FairyPotion"},{"floor":16,"key":"GhostInAJar"},{"floor":20,"key":"Fruit Juice"}],"is_trial":false,"path_per_floor":["M","?","M","?","?","R","$","R","T","?","M","E","M","M","R","B",null,"M","M","M","M","M"],"character_chosen":"THE_SILENT","items_purchased":["OrangePellets","Bag of Preparation","Snake Skull","Crippling Poison","SteroidPotion"],"campfire_rested":2,"item_purchase_floors":[0,0,0,0,7],"current_hp_per_floor":[33,33,29,3,3,21,21,39,39,39,35,22,22,22,22,46,62,52,46,33,6,0,0],"gold":282,"neow_bonus":"","is_daily":false,"chose_seed":false,"campfire_upgraded":1,"win_rate":0.0,"timestamp":1611157129,"path_taken":["M","?","M","?","?","R","?","R","T","?","?","E","M","M","R","BOSS","M","M","M","M","M"],"items_purchased_type":["Relic","Relic","Relic","Card","Potion"],"build_version":"2020-12-22","purchased_purges":1,"victory":false,"max_hp_per_floor":[66,66,66,66,60,60,60,60,60,60,60,67,67,67,67,67,67,67,67,67,72,72,72],"relic_stats":{"OrangePellets":[30],"Happy Flower":[18],"counters":[187,997],"Golden Idol":325,"Pantograph":25,"Snake Skull":[55],"Bag of Preparation":[38],"obtain_stats":[{"TwistedFunnel":0,"Gremlin Horn":12,"CeramicFish":7,"Vajra":6,"Whetstone":13,"Ginger":17,"Bottled Tornado":13,"Boot":20,"Sling":0,"Blood Vial":20,"Strawberry":7,"MealTicket":0,"Philosopher\u0027s Stone":34,"Prayer Wheel":36,"Kunai":26,"Toxic Egg 2":39,"Pear":45,"Happy Flower":26,"Blue Candle":9,"Astrolabe":17,"Velvet Choker":17,"Oddly Smooth Stone":9,"Eternal Feather":28,"Pen Nib":13,"Letter Opener":7,"War Paint":6,"Paper Crane":9,"Akabeko":4,"WarpedTongs":29,"Du-Vu Doll":12,"OrangePellets":20,"SlaversCollar":17,"Shuriken":9,"Bronze Scales":9,"Pandora\u0027s Box":17,"Molten Egg 2":42,"Nloth\u0027s Gift":19,"Regal Pillow":9,"Lantern":7,"Mango":28,"StoneCalendar":0,"Snake Skull":10,"Bag of Preparation":11,"Cursed Key":17,"Ancient Tea Set":9,"ClockworkSouvenir":0,"Tough Bandages":0,"Matryoshka":30,"Ninja Scroll":14,"Pantograph":4,"Tiny Chest":30,"WingedGreaves":7,"Chemical X":11,"InkBottle":17,"Ring of the Snake":0,"Runic Pyramid":34,"Potion Belt":0,"Lee\u0027s Waffle":0,"NeowsBlessing":0,"The Specimen":0,"Golden Idol":13,"Thread and Needle":13,"PreservedInsect":14,"The Courier":27,"Omamori":11,"Frozen Egg 2":7,"Odd Mushroom":11,"MawBank":7,"Medical Kit":0,"White Beast Statue":9,"Mercury Hourglass":10,"Calling Bell":17,"Peace Pipe":36,"Strange Spoon":0,"Busted Crown":34,"Ornamental Fan":28,"Bloody Idol":22,"Orrery":29,"Turnip":9,"Art of War":24,"Bag of Marbles":0,"Bottled Lightning":29,"Membership Card":37,"Toy Ornithopter":24,"FossilizedHelix":37,"TungstenRod":45},{"TwistedFunnel":20,"Gremlin Horn":17,"CeramicFish":163,"Vajra":142,"Whetstone":41,"Ginger":124,"Bottled Tornado":166,"Boot":8,"Sling":13,"Blood Vial":112,"Strawberry":120,"MealTicket":13,"Philosopher\u0027s Stone":94,"Prayer Wheel":154,"Kunai":149,"Toxic Egg 2":66,"Pear":100,"Happy Flower":9,"Blue Candle":15,"Astrolabe":43,"Velvet Choker":6,"Oddly Smooth Stone":55,"Eternal Feather":47,"Pen Nib":77,"Letter Opener":24,"War Paint":15,"Paper Crane":107,"Akabeko":22,"WarpedTongs":10,"Du-Vu Doll":33,"OrangePellets":126,"SlaversCollar":182,"Shuriken":32,"Bronze Scales":25,"Pandora\u0027s Box":58,"Molten Egg 2":67,"Nloth\u0027s Gift":59,"Regal Pillow":39,"Lantern":55,"Mango":10,"StoneCalendar":50,"Snake Skull":108,"Bag of Preparation":5,"Cursed Key":88,"Ancient Tea Set":142,"ClockworkSouvenir":116,"Tough Bandages":138,"Matryoshka":92,"Ninja Scroll":19,"Pantograph":177,"Tiny Chest":11,"WingedGreaves":4,"Chemical X":56,"InkBottle":124,"Ring of the Snake":0,"Runic Pyramid":64,"Potion Belt":159,"Lee\u0027s Waffle":50,"NeowsBlessing":0,"The Specimen":102,"Golden Idol":5,"Thread and Needle":122,"PreservedInsect":87,"The Courier":129,"Omamori":32,"Frozen Egg 2":106,"Odd Mushroom":165,"MawBank":38,"Medical Kit":102,"White Beast Statue":85,"Mercury Hourglass":85,"Calling Bell":124,"Peace Pipe":133,"Strange Spoon":102,"Busted Crown":152,"Ornamental Fan":150,"Bloody Idol":8,"Orrery":62,"Turnip":4,"Art of War":128,"Bag of Marbles":138,"Bottled Lightning":48,"Membership Card":133,"Toy Ornithopter":9,"FossilizedHelix":155,"TungstenRod":157},{"TwistedFunnel":130,"Gremlin Horn":111,"CeramicFish":853,"Vajra":761,"Whetstone":225,"Ginger":650,"Bottled Tornado":869,"Boot":40,"Sling":86,"Blood Vial":588,"Strawberry":629,"MealTicket":86,"Philosopher\u0027s Stone":494,"Prayer Wheel":813,"Kunai":796,"Toxic Egg 2":368,"Pear":533,"Happy Flower":47,"Blue Candle":97,"Astrolabe":239,"Velvet Choker":28,"Oddly Smooth Stone":307,"Eternal Feather":267,"Pen Nib":405,"Letter Opener":149,"War Paint":97,"Paper Crane":559,"Akabeko":142,"WarpedTongs":53,"Du-Vu Doll":204,"OrangePellets":662,"SlaversCollar":969,"Shuriken":199,"Bronze Scales":153,"Pandora\u0027s Box":325,"Molten Egg 2":374,"Nloth\u0027s Gift":328,"Regal Pillow":220,"Lantern":307,"Mango":53,"StoneCalendar":284,"Snake Skull":565,"Bag of Preparation":18,"Cursed Key":455,"Ancient Tea Set":761,"ClockworkSouvenir":613,"Tough Bandages":749,"Matryoshka":475,"Ninja Scroll":121,"Pantograph":941,"Tiny Chest":62,"WingedGreaves":11,"Chemical X":310,"InkBottle":650,"Ring of the Snake":0,"Runic Pyramid":361,"Potion Belt":836,"Lee\u0027s Waffle":284,"NeowsBlessing":0,"The Specimen":541,"Golden Idol":18,"Thread and Needle":637,"PreservedInsect":448,"The Courier":680,"Omamori":199,"Frozen Egg 2":554,"Odd Mushroom":861,"MawBank":218,"Medical Kit":541,"White Beast Statue":438,"Mercury Hourglass":438,"Calling Bell":650,"Peace Pipe":711,"Strange Spoon":541,"Busted Crown":808,"Ornamental Fan":799,"Bloody Idol":40,"Orrery":343,"Turnip":11,"Art of War":676,"Bag of Marbles":749,"Bottled Lightning":273,"Membership Card":711,"Toy Ornithopter":47,"FossilizedHelix":818,"TungstenRod":826}],"Ring of the Snake":[238]},"card_choices":[{"not_picked":["Poisoned Stab","Bane"],"picked":"Deadly Poison","floor":1},{"not_picked":["Sucker Punch","Backflip"],"picked":"Poisoned Stab","floor":3},{"not_picked":["Blade Dance","Slice"],"picked":"Dodge and Roll","floor":11},{"not_picked":["Dodge and Roll","Slice","Poisoned Stab"],"picked":"SKIP","floor":12},{"not_picked":["Dodge and Roll","Slice"],"picked":"Poisoned Stab","floor":12},{"not_picked":["Prepared","Distraction","Underhanded Strike"],"picked":"SKIP","floor":13},{"not_picked":["Caltrops","Distraction","Cloak And Dagger"],"picked":"SKIP","floor":14},{"not_picked":["Burst","Adrenaline"],"picked":"Malaise","floor":16},{"not_picked":["Expertise","Dodge and Roll"],"picked":"Backflip","floor":18},{"not_picked":["Cloak And Dagger","Quick Slash"],"picked":"Acrobatics","floor":19},{"not_picked":["Bane","Quick Slash"],"picked":"Backflip","floor":20},{"not_picked":["Flying Knee","Poisoned Stab"],"picked":"Noxious Fumes","floor":21}],"player_experience":793047,"relics_obtained":[{"floor":9,"key":"Happy Flower"},{"floor":12,"key":"Strawberry"}],"event_choices":[{"damage_healed":0,"gold_gain":0,"player_choice":"Grow","damage_taken":0,"max_hp_gain":0,"max_hp_loss":0,"event_name":"Living Wall","floor":2,"gold_loss":0,"cards_upgraded":["Crippling Poison"]},{"damage_healed":0,"gold_gain":0,"player_choice":"Success","damage_taken":26,"relics_obtained":["Pantograph"],"max_hp_gain":0,"max_hp_loss":0,"event_name":"Scrap Ooze","floor":4,"gold_loss":0},{"damage_healed":0,"gold_gain":0,"player_choice":"Lose Max HP","damage_taken":0,"relics_obtained":["Golden Idol"],"max_hp_gain":0,"max_hp_loss":6,"event_name":"Golden Idol","floor":5,"gold_loss":0},{"damage_healed":0,"gold_gain":0,"cards_transformed":["Strike_G"],"player_choice":"Transformed","damage_taken":0,"max_hp_gain":0,"max_hp_loss":0,"event_name":"Transmorgrifier","floor":10,"gold_loss":0,"cards_obtained":["Flying Knee"]}],"is_beta":false,"boss_relics":[{"not_picked":["Ring of the Serpent","Fusion Hammer"],"picked":"SlaversCollar"}],"items_purged_floors":[7],"is_endless":false,"potions_floor_spawned":[1,14,16,20],"killed_by":"Sentry and Sphere","ascension_level":20}}