{"host":"ik8ww1p4uabx5gam","time":1611141432,"event":{"mods":["Always Whale","Aspiration","BaseMod","Beaked The Cultist","Better Third Choice","BetterRewards","Colored Map","Colored Powertips","Conspire","Energized Spire","FetchMod","GifTheSpireLib","Hubris","Infinite Spire","Ironclad Rager","Jedi Mod","Minty Spire (QoL Compilation)","Random Character Button","Replay The Spire","Shop Mod","Spicy Shops","Spikes Relics","StSLib","Stuff the Spire","The Blue Laboratory","The Gatherer","Wandering Minibosses","??????REMEMod"],"gold_per_floor":[119,133,161,161,171,171,198,198,198],"floor_reached":8,"language":"ENG","playtime":766,"items_purged":[],"score":53,"play_id":"8a248486-1e8c-4e31-a192-ad80736c9ea5","local_time":"20210120051712","is_ascension_mode":true,"campfire_choices":[{"data":"Dash","floor":6,"key":"SMITH"}],"circlet_count":0,"master_deck":["Strike_G","Strike_G","Strike_G","Strike_G","Defend_G","Defend_G","Defend_G","Defend_G","Survivor","Neutralize","Study","REME_GreenPollution","hubris:SlightOfHand","All Out Attack","Noxious Fumes","ReplayTheSpireMod:Exploit Weakness","Reflex","Dagger Throw","Dash+1"],"relics":["Ring of the Snake","REME_ComplimentaryCards","Bag of Preparation"],"acts_visited":["Exordium"],"potions_floor_usage":[],"damage_taken":[{"damage":7,"enemies":"Small Slimes","floor":1,"turns":3},{"damage":6,"enemies":"Cultist","floor":2,"turns":4},{"damage":12,"enemies":"Jaw Worm","floor":3,"turns":6},{"damage":1,"enemies":"2 Fungi Beasts","floor":5,"turns":5},{"damage":0,"enemies":"Blue Slaver","floor":7,"turns":5},{"damage":14,"enemies":"Gremlin Nob","floor":8,"turns":2}],"seed_played":"1897414017949571552","potions_obtained":[{"floor":1,"key":"LiquidBronze"}],"is_trial":false,"path_per_floor":["M","M","M","?","M","R","M","E"],"character_chosen":"THE_SILENT","items_purchased":["Bag of Preparation","REME_GreenPollution","hubris:SlightOfHand","All Out Attack","Noxious Fumes"],"campfire_rested":0,"item_purchase_floors":[0,0,0,0,0],"current_hp_per_floor":[31,25,13,13,12,12,12,0,0],"gold":198,"neow_bonus":"","is_daily":false,"chose_seed":false,"campfire_upgraded":1,"win_rate":0.0,"timestamp":1611141432,"path_taken":["M","M","M","?","M","R","?","E"],"items_purchased_type":["Relic","Card","Card","Card","Card"],"build_version":"2020-12-22","purchased_purges":0,"victory":false,"max_hp_per_floor":[70,70,70,70,70,70,70,70,70],"card_choices":[{"not_picked":["StuffTheSpire:Injection","Deflect"],"picked":"Reflex","floor":1},{"not_picked":["Flying Knee","Sucker Punch","StuffTheSpire:BumpUp"],"picked":"SKIP","floor":2},{"not_picked":["Poisoned Stab","Blade Dance"],"picked":"Dagger Throw","floor":3},{"not_picked":["ReplayTheSpireMod:Tripwire","Bane"],"picked":"Dash","floor":5},{"not_picked":["Poison Darts","hubris:SlightOfHand","Cloak And Dagger"],"picked":"SKIP","floor":7}],"player_experience":1021804,"relics_obtained":[],"event_choices":[{"cards_removed":["Strike_G"],"damage_healed":0,"gold_gain":0,"player_choice":"Card Removal","damage_taken":0,"max_hp_gain":0,"max_hp_loss":0,"event_name":"Wheel of Change","floor":4,"gold_loss":0}],"is_beta":false,"boss_relics":[],"items_purged_floors":[],"is_endless":false,"potions_floor_spawned":[1],"killed_by":"Gremlin Nob","ascension_level":1}}