{"host":"nbmmy2ys5j9alw05","time":1611142116,"event":{"mods":["AchievementEnabler","BaseMod","Bestiary","Better Vampires","Colored Map","Colored Powertips","Googly Eyes","Minty Spire (QoL Compilation)","Quick Restart","StSLib","The Hierophant","The IronCluck","everything is the same but u backflip on backflip"],"gold_per_floor":[218,67,67,79,91,104,104,132,208,243,243,276,276,296,296,395,395,395,395,395,345,345,345,345,345,345,345,11,11,11,11,11,11,11],"floor_reached":33,"language":"ENG","playtime":1260,"items_purged":["Strike_R","Strike_R"],"score":538,"play_id":"034ca6dd-bc3d-4c2a-96bf-beb951341f7c","local_time":"20210120032836","is_ascension_mode":true,"campfire_choices":[{"data":"True Grit","floor":7.0,"key":"SMITH"},{"data":"Double Tap","floor":11.0,"key":"SMITH"},{"data":"True Grit","floor":15.0,"key":"SMITH"},{"floor":24.0,"key":"REST"},{"data":"Battle Trance","floor":27.0,"key":"SMITH"},{"data":"Shockwave","floor":32.0,"key":"SMITH"}],"circlet_count":0,"master_deck":["Strike_R","Strike_R+1","Strike_R+1","Defend_R","Defend_R","Defend_R","Defend_R","Bash","True Grit+1","Whirlwind+1","Carnage","Shockwave+1","True Grit+1","Double Tap+1","Battle Trance+1","Iron Wave+1","Reaper+1","Body Slam+1","True Grit"],"relics":["Burning Blood","Pocketwatch","Molten Egg 2","Orichalcum","Akabeko","Ectoplasm","Torii","MawBank","Whetstone","Ancient Tea Set","Lantern"],"acts_visited":["Exordium","TheCity"],"potions_floor_usage":[33],"damage_taken":[{"damage":3.0,"enemies":"2 Louse","floor":1.0,"turns":4.0},{"damage":4.0,"enemies":"Cultist","floor":4.0,"turns":4.0},{"damage":13.0,"enemies":"Small Slimes","floor":5.0,"turns":3.0},{"damage":16.0,"enemies":"3 Louse","floor":6.0,"turns":2.0},{"damage":25.0,"enemies":"Lagavulin","floor":8.0,"turns":4.0},{"damage":0.0,"enemies":"3 Sentries","floor":10.0,"turns":1.0},{"damage":7.0,"enemies":"Gremlin Nob","floor":12.0,"turns":4.0},{"damage":0.0,"enemies":"2 Fungi Beasts","floor":14.0,"turns":2.0},{"damage":28.0,"enemies":"Slime Boss","floor":16.0,"turns":11.0},{"damage":9.0,"enemies":"Chosen","floor":18.0,"turns":4.0},{"damage":0.0,"enemies":"Spheric Guardian","floor":22.0,"turns":1.0},{"damage":24.0,"enemies":"Gremlin Leader","floor":23.0,"turns":5.0},{"damage":0.0,"enemies":"Slavers","floor":25.0,"turns":1.0},{"damage":9.0,"enemies":"Gremlin Leader","floor":29.0,"turns":7.0},{"damage":6.0,"enemies":"Snecko","floor":31.0,"turns":4.0},{"damage":97,"enemies":"Automaton","floor":33,"turns":10}],"seed_played":"8412177701993806524","potions_obtained":[{"floor":1.0,"key":"PowerPotion"},{"floor":6.0,"key":"BlessingOfTheForge"},{"floor":8.0,"key":"DuplicationPotion"},{"floor":16.0,"key":"Energy Potion"},{"floor":23.0,"key":"SteroidPotion"},{"floor":29.0,"key":"Fruit Juice"}],"is_trial":false,"path_per_floor":["M","$","?","M","M","M","R","E","T","E","R","E","?","M","R","B",null,"M","?","?","?","M","E","R","E","T","R","$","E","$","M","R","B"],"character_chosen":"IRONCLAD","items_purchased":["Whirlwind","Ancient Tea Set","ElixirPotion"],"campfire_rested":1,"item_purchase_floors":[2,28,28],"current_hp_per_floor":[75,75,75,77,70,60,60,41,41,47,47,46,46,52,52,30,68,70,55,55,55,61,43,68,74,74,74,74,82,82,90,90,0,0],"gold":11,"neow_bonus":"HUNDRED_GOLD","is_daily":false,"chose_seed":false,"campfire_upgraded":5,"win_rate":0.0,"timestamp":1611142116,"path_taken":["M","$","?","M","?","M","R","E","T","E","R","E","?","M","R","BOSS","M","?","?","?","?","E","R","E","T","R","$","E","$","M","R","BOSS"],"items_purchased_type":["Card","Relic","Potion"],"build_version":"2020-12-22","purchased_purges":2,"victory":false,"max_hp_per_floor":[80,80,80,80,80,80,80,80,80,80,80,80,80,80,80,80,80,80,85,85,85,85,85,85,85,85,85,85,90,90,90,90,90,90],"card_choices":[{"not_picked":["Infernal Blade","Anger"],"picked":"True Grit","floor":1.0},{"not_picked":["Pommel Strike","Rage"],"picked":"Carnage","floor":4.0},{"not_picked":["Wild Strike","Anger"],"picked":"Shockwave","floor":5.0},{"not_picked":["Anger","Havoc","Clash"],"picked":"SKIP","floor":6.0},{"not_picked":["Warcry","Anger"],"picked":"True Grit","floor":8.0},{"not_picked":["Clash+1","Shrug It Off"],"picked":"Double Tap","floor":10.0},{"not_picked":["Flame Barrier","Inflame"],"picked":"Battle Trance","floor":12.0},{"not_picked":["Spot Weakness","Combust"],"picked":"Iron Wave+1","floor":14.0},{"not_picked":["Bludgeon+1","Feed+1"],"picked":"Reaper+1","floor":16.0},{"not_picked":["Wild Strike+1","Evolve"],"picked":"Body Slam+1","floor":18.0},{"not_picked":["Fire Breathing","Thunderclap+1"],"picked":"True Grit","floor":22.0},{"not_picked":["Twin Strike+1","True Grit","Cleave+1"],"picked":"SKIP","floor":23.0},{"not_picked":["Infernal Blade","Hemokinesis+1","Reaper+1"],"picked":"SKIP","floor":25.0},{"not_picked":["Clash+1","Entrench","Carnage+1"],"picked":"SKIP","floor":29.0},{"not_picked":["Clothesline+1","Pommel Strike+1","Armaments"],"picked":"SKIP","floor":31.0}],"player_experience":504254,"relics_obtained":[{"floor":8.0,"key":"Pocketwatch"},{"floor":9.0,"key":"Molten Egg 2"},{"floor":10.0,"key":"Orichalcum"},{"floor":12.0,"key":"Akabeko"},{"floor":23.0,"key":"Torii"},{"floor":25.0,"key":"MawBank"},{"floor":26.0,"key":"Whetstone"},{"floor":29.0,"key":"Lantern"}],"event_choices":[{"damage_healed":0.0,"max_hp_gain":0.0,"max_hp_loss":0.0,"gold_gain":0.0,"event_name":"Accursed Blacksmith","player_choice":"Forge","floor":3.0,"gold_loss":0.0,"damage_taken":0.0,"cards_upgraded":["Whirlwind"]},{"damage_healed":0.0,"max_hp_gain":0.0,"max_hp_loss":0.0,"gold_gain":0.0,"event_name":"Golden Idol","player_choice":"Ignored","floor":13.0,"gold_loss":0.0,"damage_taken":0.0},{"damage_healed":0.0,"max_hp_gain":5.0,"max_hp_loss":0.0,"gold_gain":0.0,"event_name":"Forgotten Altar","player_choice":"Shed Blood","floor":19.0,"gold_loss":0.0,"damage_taken":20.0},{"damage_healed":0.0,"max_hp_gain":0.0,"max_hp_loss":0.0,"gold_gain":99.0,"event_name":"Nest","player_choice":"Stole From Cult","floor":20.0,"gold_loss":0.0,"damage_taken":0.0},{"damage_healed":0.0,"max_hp_gain":0.0,"max_hp_loss":0.0,"gold_gain":0.0,"event_name":"The Joust","player_choice":"Bet on Owner","floor":21.0,"gold_loss":50.0,"damage_taken":0.0}],"is_beta":false,"boss_relics":[{"not_picked":["Tiny House","Black Blood"],"picked":"Ectoplasm"}],"items_purged_floors":[2,28],"is_endless":false,"potions_floor_spawned":[1,6,8,16,23,29],"killed_by":"Automaton","ascension_level":9}}