{"host":"f5n4tidiz2n5sooh","time":1611151153,"event":{"mods":["BaseMod","Colored Map","Minty Spire (QoL Compilation)","Relic Stats","Slay the Relics Exporter","StSLib"],"gold_per_floor":[99,99,24,24,24,24,24,24,24,24,24,24,24,24,24,24,24],"floor_reached":16,"language":"ENG","playtime":614,"items_purged":["Strike_G"],"score":204,"play_id":"22796693-6a9b-4f5e-9d3d-6ca8a28a3f7d","local_time":"20210120075913","is_ascension_mode":true,"campfire_choices":[{"data":"Masterful Stab","floor":6,"key":"SMITH"},{"data":"Bouncing Flask","floor":8,"key":"SMITH"},{"data":"Noxious Fumes","floor":10,"key":"SMITH"},{"floor":13,"key":"REST"},{"floor":15,"key":"REST"}],"circlet_count":0,"master_deck":["AscendersBane","Strike_G","Strike_G","Strike_G","Strike_G","Defend_G","Defend_G","Defend_G","Defend_G","Defend_G","Survivor","Neutralize","Noxious Fumes+1","Masterful Stab+1","Calculated Gamble","Bouncing Flask+1","Bullet Time"],"relics":["Ectoplasm","Anchor","Lantern","Golden Idol"],"acts_visited":["Exordium"],"potions_floor_usage":[7,14,16],"damage_taken":[{"damage":3,"enemies":"Cultist","floor":1,"turns":6},{"damage":11,"enemies":"2 Louse","floor":2,"turns":4},{"damage":3,"enemies":"Jaw Worm","floor":4,"turns":4},{"damage":0,"enemies":"2 Fungi Beasts","floor":5,"turns":4},{"damage":14,"enemies":"Lagavulin","floor":7,"turns":9},{"damage":27,"enemies":"Exordium Thugs","floor":12,"turns":5},{"damage":17,"enemies":"Gremlin Gang","floor":14,"turns":4},{"damage":26,"enemies":"The Guardian","floor":16,"turns":2}],"seed_played":"-5422127924652037196","potions_obtained":[{"floor":4,"key":"GamblersBrew"},{"floor":5,"key":"Weak Potion"},{"floor":14,"key":"ColorlessPotion"}],"is_trial":false,"path_per_floor":["M","M","$","M","M","R","E","R","T","R","?","M","R","M","R","B"],"character_chosen":"THE_SILENT","items_purchased":[],"campfire_rested":2,"item_purchase_floors":[],"current_hp_per_floor":[56,45,45,42,42,42,28,28,28,28,28,1,19,2,20,0,0],"gold":24,"neow_bonus":"BOSS_RELIC","is_daily":false,"chose_seed":false,"campfire_upgraded":3,"win_rate":0.0,"timestamp":1611151153,"path_taken":["M","M","$","M","M","R","E","R","T","R","?","M","R","M","R","BOSS"],"items_purchased_type":[],"build_version":"2020-12-22","purchased_purges":1,"victory":false,"max_hp_per_floor":[66,66,66,66,66,66,66,66,66,66,60,60,60,60,60,60,60],"relic_stats":{"counters":[8,38],"Golden Idol":8,"Ectoplasm":165,"obtain_stats":[{"Anchor":7,"Lantern":9,"Golden Idol":11,"Ectoplasm":0,"Ring of the Snake":0},{"Anchor":5,"Lantern":5,"Golden Idol":5,"Ectoplasm":0,"Ring of the Snake":0},{"Anchor":27,"Lantern":27,"Golden Idol":27,"Ectoplasm":0,"Ring of the Snake":0}]},"card_choices":[{"not_picked":["Blade Dance","All Out Attack"],"picked":"Noxious Fumes","floor":1},{"not_picked":["Sucker Punch","Heel Hook"],"picked":"Masterful Stab","floor":2},{"not_picked":["Prepared","Outmaneuver"],"picked":"Calculated Gamble","floor":4},{"not_picked":["Choke","Backflip","Dodge and Roll"],"picked":"SKIP","floor":5},{"not_picked":["Riddle With Holes","Deadly Poison"],"picked":"Bouncing Flask","floor":7},{"not_picked":["Skewer","Dagger Spray","Accuracy"],"picked":"SKIP","floor":12},{"not_picked":["Blade Dance","Deflect"],"picked":"Bullet Time","floor":14}],"player_experience":2023470,"relics_obtained":[{"floor":7,"key":"Anchor"},{"floor":9,"key":"Lantern"}],"event_choices":[{"damage_healed":0,"gold_gain":0,"player_choice":"Lose Max HP","damage_taken":0,"relics_obtained":["Golden Idol"],"max_hp_gain":0,"max_hp_loss":6,"event_name":"Golden Idol","floor":11,"gold_loss":0}],"is_beta":false,"boss_relics":[],"items_purged_floors":[3],"is_endless":false,"potions_floor_spawned":[4,5,14],"killed_by":"The Guardian","ascension_level":20}}