{"host":"Kdaddybrian","time":1611183881,"event":{"mods":["AchievementEnabler","BaseMod","Bestiary","Colored Powertips","Minty Spire (QoL Compilation)","Potion Indicator Mod","Quick Restart","Rare Cards Sparkle","Relic Stats","StSLib","Uncapped"],"gold_per_floor":[109,109,121,131,151,151,183,200,200,25,42,42,71,71,71,173,173,193,211,211,211,3,3,35,35,114,114,129,139,155,10,10,109,109,128,141,141,141],"floor_reached":37,"language":"ENG","playtime":1647,"items_purged":["Strike_G"],"score":652,"play_id":"3a740cf6-53b4-4943-be60-4aee6c09ec0d","local_time":"20210120180441","is_ascension_mode":true,"campfire_choices":[{"data":"Deadly Poison","floor":6,"key":"SMITH"},{"data":"Catalyst","floor":12,"key":"SMITH"},{"data":"Neutralize","floor":15,"key":"SMITH"},{"data":"Ghostly","floor":23,"key":"SMITH"},{"floor":27,"key":"REST"},{"floor":32,"key":"REST"}],"circlet_count":0,"master_deck":["AscendersBane","Strike_G","Strike_G","Strike_G","Strike_G","Defend_G","Defend_G","Defend_G","Defend_G","Defend_G","Survivor","Neutralize+1","Bane","Dagger Throw","Backstab","Deadly Poison+1","Terror","Endless Agony","Footwork+1","Dagger Spray","Catalyst+1","Bullet Time","After Image","PiercingWail","Backstab","Ghostly","Ghostly","Ghostly+1","Ghostly","Ghostly","Envenom","Calculated Gamble","Heel Hook+1","Well Laid Plans","Leg Sweep","Dodge and Roll","Wraith Form v2","Backflip+1"],"relics":["Ring of the Snake","NeowsBlessing","Letter Opener","Art of War","Bag of Preparation","SlaversCollar","Sundial","Question Card","Pantograph","Philosopher\u0027s Stone"],"acts_visited":["Exordium","TheCity","TheBeyond"],"potions_floor_usage":[7,11,13,19,24,30,33,33,33],"damage_taken":[{"damage":0,"enemies":"Jaw Worm","floor":1,"turns":1},{"damage":0,"enemies":"Cultist","floor":3,"turns":1},{"damage":0,"enemies":"2 Louse","floor":4,"turns":1},{"damage":1,"enemies":"Looter","floor":5,"turns":4},{"damage":10,"enemies":"Lagavulin","floor":7,"turns":5},{"damage":0,"enemies":"Exordium Wildlife","floor":8,"turns":3},{"damage":14,"enemies":"Exordium Thugs","floor":11,"turns":4},{"damage":13,"enemies":"3 Sentries","floor":13,"turns":7},{"damage":14,"enemies":"The Guardian","floor":16,"turns":8},{"damage":13,"enemies":"Shell Parasite","floor":18,"turns":6},{"damage":12,"enemies":"2 Thieves","floor":19,"turns":5},{"damage":21,"enemies":"Book of Stabbing","floor":24,"turns":4},{"damage":14,"enemies":"Shelled Parasite and Fungi","floor":28,"turns":5},{"damage":18,"enemies":"Snake Plant","floor":29,"turns":5},{"damage":0,"enemies":"Snecko","floor":30,"turns":8},{"damage":14,"enemies":"Champ","floor":33,"turns":13},{"damage":2,"enemies":"3 Shapes","floor":35,"turns":8},{"damage":20,"enemies":"3 Darklings","floor":36,"turns":10},{"damage":17,"enemies":"Jaw Worm Horde","floor":37,"turns":8}],"seed_played":"2001802757073592433","potions_obtained":[{"floor":1,"key":"Poison Potion"},{"floor":2,"key":"Weak Potion"},{"floor":2,"key":"SneckoOil"},{"floor":2,"key":"BlessingOfTheForge"},{"floor":3,"key":"DistilledChaos"},{"floor":8,"key":"DistilledChaos"},{"floor":16,"key":"FairyPotion"},{"floor":29,"key":"GamblersBrew"},{"floor":30,"key":"EntropicBrew"},{"floor":36,"key":"Dexterity Potion"}],"is_trial":false,"path_per_floor":["M","?","M","M","M","R","E","M","T","$","M","R","E","?","R","B",null,"M","M","?","?","$","R","E","$","T","R","M","M","M","$","R","B",null,"M","M","M"],"character_chosen":"THE_SILENT","items_purchased":["Footwork","Dagger Spray","Envenom","Swift Potion","Leg Sweep","SkillPotion","Dodge and Roll"],"campfire_rested":2,"item_purchase_floors":[10,10,22,22,31,31,31],"current_hp_per_floor":[63,63,63,63,62,62,52,52,52,52,38,38,25,25,25,11,55,42,30,30,30,30,30,9,9,9,19,5,2,2,2,12,21,32,30,10,0,0],"gold":141,"neow_bonus":"THREE_ENEMY_KILL","is_daily":false,"chose_seed":false,"campfire_upgraded":4,"win_rate":0.0,"timestamp":1611183881,"path_taken":["M","?","M","M","M","R","E","M","T","?","M","R","E","?","R","BOSS","M","M","?","?","$","R","E","?","T","R","M","M","?","$","R","BOSS","M","M","?"],"items_purchased_type":["Card","Card","Card","Potion","Card","Potion","Card"],"build_version":"2020-12-18","purchased_purges":1,"victory":false,"max_hp_per_floor":[70,70,70,70,70,70,70,70,70,70,70,70,70,70,70,70,70,70,70,35,35,35,35,35,35,35,35,35,35,35,35,35,35,35,35,35,35,35],"relic_stats":{"counters":[19,106],"Sundial":[4],"Pantograph":23,"Art of War":[20],"Bag of Preparation":[24],"Letter Opener":[154],"Question Card":6,"obtain_stats":[{"SlaversCollar":17,"NeowsBlessing":0,"Sundial":21,"Pantograph":26,"Philosopher\u0027s Stone":34,"Art of War":9,"Bag of Preparation":13,"Letter Opener":7,"Question Card":24,"Ring of the Snake":0},{"SlaversCollar":9,"NeowsBlessing":0,"Sundial":11,"Pantograph":12,"Philosopher\u0027s Stone":16,"Art of War":6,"Bag of Preparation":8,"Letter Opener":5,"Question Card":12,"Ring of the Snake":0},{"SlaversCollar":34,"NeowsBlessing":0,"Sundial":45,"Pantograph":49,"Philosopher\u0027s Stone":80,"Art of War":15,"Bag of Preparation":26,"Letter Opener":12,"Question Card":49,"Ring of the Snake":0}],"Ring of the Snake":[39]},"card_choices":[{"not_picked":["Catalyst","Prepared"],"picked":"Bane","floor":1},{"not_picked":["PiercingWail","Acrobatics"],"picked":"Dagger Throw","floor":3},{"not_picked":["Concentrate","Bane"],"picked":"Backstab","floor":4},{"not_picked":["PiercingWail","Heel Hook"],"picked":"Deadly Poison","floor":5},{"not_picked":["Backflip","Backstab"],"picked":"Terror","floor":7},{"not_picked":["Slice","Masterful Stab"],"picked":"Endless Agony","floor":8},{"not_picked":["Prepared","Dagger Spray"],"picked":"Catalyst","floor":11},{"not_picked":["Backflip","Bane"],"picked":"Bullet Time","floor":13},{"not_picked":["Glass Knife","Envenom"],"picked":"After Image","floor":16},{"not_picked":["Bane","Acrobatics+1"],"picked":"PiercingWail","floor":18},{"not_picked":["Distraction","Setup+1"],"picked":"Backstab","floor":19},{"not_picked":["Quick Slash","Outmaneuver","Skewer"],"picked":"SKIP","floor":24},{"not_picked":["Quick Slash","Outmaneuver","Skewer"],"picked":"SKIP","floor":24},{"not_picked":["Endless Agony","Dagger Throw","Finisher"],"picked":"Calculated Gamble","floor":28},{"not_picked":["Blade Dance","Choke","Flechettes"],"picked":"Heel Hook+1","floor":29},{"not_picked":["Slice","Backflip","Dagger Throw"],"picked":"Well Laid Plans","floor":30},{"not_picked":["Grand Finale","Glass Knife","Envenom"],"picked":"Wraith Form v2","floor":33},{"not_picked":["Dagger Throw","Outmaneuver+1","Tactician","Blade Dance"],"picked":"SKIP","floor":35},{"not_picked":["Infinite Blades","Flying Knee+1","Flechettes"],"picked":"Backflip+1","floor":36}],"player_experience":2971719,"relics_obtained":[{"floor":7,"key":"Letter Opener"},{"floor":9,"key":"Art of War"},{"floor":13,"key":"Bag of Preparation"},{"floor":24,"key":"Question Card"},{"floor":26,"key":"Pantograph"}],"event_choices":[{"damage_healed":0,"gold_gain":0,"player_choice":"Got Potions","damage_taken":0,"max_hp_gain":0,"max_hp_loss":0,"event_name":"Lab","floor":2,"gold_loss":0},{"damage_healed":0,"gold_gain":0,"player_choice":"Grow","damage_taken":0,"max_hp_gain":0,"max_hp_loss":0,"event_name":"Living Wall","floor":14,"gold_loss":0,"cards_upgraded":["Footwork"]},{"damage_healed":0,"gold_gain":0,"player_choice":"Became a Ghost","damage_taken":0,"max_hp_gain":0,"max_hp_loss":35,"event_name":"Ghosts","floor":20,"gold_loss":0,"cards_obtained":["Ghostly","Ghostly","Ghostly","Ghostly","Ghostly"]},{"damage_healed":0,"gold_gain":0,"player_choice":"Opened","damage_taken":0,"relics_obtained":["Sundial"],"max_hp_gain":0,"max_hp_loss":0,"event_name":"The Mausoleum","floor":21,"gold_loss":0}],"is_beta":true,"boss_relics":[{"not_picked":["WristBlade","Pandora\u0027s Box"],"picked":"SlaversCollar"},{"not_picked":["Astrolabe","Velvet Choker"],"picked":"Philosopher\u0027s Stone"}],"items_purged_floors":[10],"is_endless":false,"potions_floor_spawned":[1,3,8,16,29,30,36],"killed_by":"Jaw Worm Horde","ascension_level":10}}