{"host":"l8k579n63ej0vska","time":1611141014,"event":{"mods":["BaseMod","Colored Map","Infinite Spire","Minty Spire (QoL Compilation)","Replay The Spire","StSLib","The Bug Knight"],"gold_per_floor":[209,209,226,226,238,238,253,253,253,290,290,240,240,269,269,376,376,403,412,412,438,459,459,501,441,441,441,441],"floor_reached":27,"language":"ENG","playtime":1426,"items_purged":[],"score":347,"play_id":"7fadcb3e-d953-48ba-a63e-9b268ab51253","local_time":"20210120121014","is_ascension_mode":true,"campfire_choices":[{"data":"Fiend Fire","floor":6,"key":"SMITH"},{"data":"Bash","floor":8,"key":"SMITH"},{"data":"Spot Weakness","floor":13,"key":"SMITH"},{"data":"infinitespire:OneForAll","floor":23,"key":"SMITH"}],"circlet_count":0,"master_deck":["AscendersBane","Strike_R","Strike_R","Strike_R","Strike_R","Defend_R","Defend_R","Defend_R","Bash+1","Battle Trance","Iron Wave","Fiend Fire+1","Cleave+1","Spot Weakness+1","Body Slam","Offering","Life Link+1","infinitespire:OneForAll+1","Shrug It Off","Clash","Shrug It Off"],"relics":["Replay:Wanted Poster","infinitespire:Cubic Diamond","CeramicFish","Bottled Lightning","Torii","Ring of Chaos","Nunchaku","FossilizedHelix"],"acts_visited":["Exordium","TheCity"],"potions_floor_usage":[10,10,10,10,10,22,22],"damage_taken":[{"damage":3,"enemies":"Cultist","floor":1,"turns":4},{"damage":6,"enemies":"Jaw Worm","floor":3,"turns":4},{"damage":0,"enemies":"Small Slimes","floor":5,"turns":4},{"damage":3,"enemies":"2 Fungi Beasts","floor":7,"turns":2},{"damage":21,"enemies":"3 Sentries","floor":10,"turns":6},{"damage":9,"enemies":"Large Slime","floor":14,"turns":3},{"damage":36,"enemies":"Fading Forest","floor":16,"turns":11},{"damage":1,"enemies":"Spheric Guardian","floor":18,"turns":3},{"damage":7,"enemies":"Chosen","floor":21,"turns":3},{"damage":14,"enemies":"Sentry and Sphere","floor":22,"turns":4},{"damage":35,"enemies":"Nightmare","floor":24,"turns":7},{"damage":10,"enemies":"Snecko","floor":27,"turns":3}],"seed_played":"-7968833409434427082","potions_obtained":[{"floor":5,"key":"ColorlessPotion"},{"floor":16,"key":"SpeedPotion"},{"floor":18,"key":"Adrenaline Potion"}],"is_trial":false,"path_per_floor":["M","?","M","?","M","R","M","R","T","E","?","?","R","M","R_BF","B",null,"M","?","?","M","M","R","NM","?","T","M"],"character_chosen":"IRONCLAD","items_purchased":[],"campfire_rested":0,"item_purchase_floors":[],"current_hp_per_floor":[69,69,63,63,63,63,60,60,60,55,55,55,55,46,70,54,74,73,73,58,51,37,37,2,2,2,0,0],"gold":441,"neow_bonus":"BOSS_RELIC","is_daily":false,"chose_seed":false,"campfire_upgraded":4,"win_rate":0.0,"timestamp":1611141014,"path_taken":["M","?","M","?","M","R","?","R","T","E","?","?","R","M","R_BF","BOSS","M","?","?","M","M","R","NM","?","T","M"],"items_purchased_type":[],"build_version":"2020-12-22","purchased_purges":0,"victory":false,"max_hp_per_floor":[80,80,80,80,80,80,80,80,80,80,80,80,80,80,80,80,80,80,80,85,85,85,85,85,85,85,85,85],"card_choices":[{"not_picked":["Warcry","Headbutt"],"picked":"Battle Trance","floor":1},{"not_picked":["Wild Strike","Anger"],"picked":"Iron Wave","floor":3},{"not_picked":["Twin Strike","Abandon"],"picked":"Fiend Fire","floor":5},{"not_picked":["Heavy Blade","Life Link"],"picked":"Cleave","floor":7},{"not_picked":["Clash","ReplayReversal"],"picked":"Spot Weakness","floor":10},{"not_picked":["Armaments","Brutality"],"picked":"Body Slam","floor":14},{"not_picked":["Brutality","Corruption"],"picked":"Offering","floor":16},{"not_picked":["Thunderclap+1","True Grit"],"picked":"Life Link+1","floor":18},{"not_picked":["Headbutt","Second Wind"],"picked":"Shrug It Off","floor":21},{"not_picked":["Thunderclap","True Grit+1"],"picked":"Clash","floor":22},{"not_picked":["Burning Pact","Fire Breathing"],"picked":"Shrug It Off","floor":24}],"player_experience":1638696,"relics_obtained":[{"floor":9,"key":"CeramicFish"},{"floor":10,"key":"Bottled Lightning"},{"floor":24,"key":"Nunchaku"},{"floor":26,"key":"FossilizedHelix"}],"event_choices":[{"cards_removed":["Defend_R"],"damage_healed":0,"gold_gain":0,"player_choice":"Offered Basic","damage_taken":0,"max_hp_gain":0,"max_hp_loss":0,"event_name":"Bonfire Elementals","floor":4,"gold_loss":0},{"damage_healed":0,"gold_gain":0,"player_choice":"Searched \u00272\u0027 times","damage_taken":0,"relics_obtained":["Torii"],"max_hp_gain":0,"max_hp_loss":0,"event_name":"Dead Adventurer","floor":11,"gold_loss":0},{"cards_removed":["Strike_R"],"damage_healed":0,"gold_gain":0,"player_choice":"Card Removal","damage_taken":0,"max_hp_gain":0,"max_hp_loss":0,"event_name":"The Cleric","floor":12,"gold_loss":50},{"damage_healed":0,"gold_gain":0,"player_choice":"Read","damage_taken":0,"max_hp_gain":0,"max_hp_loss":0,"event_name":"The Library","floor":19,"gold_loss":0,"cards_obtained":["infinitespire:OneForAll"]},{"damage_healed":0,"gold_gain":0,"player_choice":"Shed Blood","damage_taken":20,"max_hp_gain":5,"max_hp_loss":0,"event_name":"Forgotten Altar","floor":20,"gold_loss":0}],"is_beta":false,"boss_relics":[{"not_picked":["Empty Cage","Abe\u0027s Treasure"],"picked":"Ring of Chaos"}],"items_purged_floors":[],"is_endless":false,"potions_floor_spawned":[5,16,18],"killed_by":"Snecko","ascension_level":10}}