{"host":"ml80p9p157c7xd90","time":1611134329,"event":{"mods":["Ascension Unlocker","Aspiration","BaseMod","Bestiary","Better Altar","Better Match","Better Note","Better Sensory Stone","Better Skull","Better Third Choice","Colored Map","Conspire","Dark Map","Downfall","Friendly Minions","Halation","Hubris","Minty Spire (QoL Compilation)","Relic Stats","StSLib","Wandering Minibosses"],"gold_per_floor":[99,99,99,170,45,71,94,94,120,135,44,62,79,109,125,125,125],"floor_reached":16,"language":"ENG","playtime":838,"items_purged":[],"score":336,"play_id":"d20abc09-7ca1-48aa-9522-3fa5f885721c","local_time":"20210120021849","is_ascension_mode":true,"campfire_choices":[{"data":"bronze:Replicate","floor":1,"key":"SMITH"},{"data":"bronze:NullPointer","floor":8,"key":"SMITH"}],"circlet_count":0,"master_deck":["AscendersBane","bronze:Strike","bronze:Strike","bronze:Strike","bronze:Strike","bronze:Defend","bronze:Defend","bronze:Defend","bronze:Defend","bronze:Replicate+1","bronze:Goto","bronze:NullPointer+1","bronze:Shield+1","bronze:NullPointer","bronze:Repulsor","bronze:MaxOutput"],"relics":["bronze:BronzeCore","downfall:HeartsMalice","Letter Opener","aspiration:HiddenCompartment","Guardian:PocketSentry","hubris:CrystalStatue","halation:LettersToHer"],"acts_visited":["Exordium"],"potions_floor_usage":[14,16,16],"damage_taken":[{"damage":0,"enemies":"Cultist","floor":2,"turns":1},{"damage":0,"enemies":"Jaw Worm","floor":3,"turns":1},{"damage":0,"enemies":"Gremlin Nob","floor":6,"turns":1},{"damage":20,"enemies":"3 Sentries","floor":9,"turns":10},{"damage":0,"enemies":"Small Slimes","floor":10,"turns":2},{"damage":0,"enemies":"downfall:FleeingMerchant","floor":11,"turns":5},{"damage":2,"enemies":"Lots of Slimes","floor":12,"turns":3},{"damage":1,"enemies":"Large Slime","floor":13,"turns":6},{"damage":0,"enemies":"Lagavulin","floor":14,"turns":8},{"damage":0,"enemies":"2 Fungi Beasts","floor":15,"turns":2},{"damage":18,"enemies":"SI_SHIV_ARCHETYPE","floor":16,"turns":9}],"seed_played":"4836299850590405402","potions_obtained":[{"floor":6,"key":"BlessingOfTheForge"},{"floor":12,"key":"SneckoOil"},{"floor":13,"key":"LiquidMemories"},{"floor":14,"key":"Dexterity Potion"}],"is_trial":false,"path_per_floor":["R","M","M","T","?","E","T","R","E","M","$","M","M","E","M","B"],"character_chosen":"THE_AUTOMATON","items_purchased":["bronze:NullPointer"],"campfire_rested":0,"item_purchase_floors":[11],"current_hp_per_floor":[57,57,57,57,57,57,57,57,37,37,37,35,34,34,34,16,16],"gold":125,"neow_bonus":"THREE_ENEMY_KILL","is_daily":false,"chose_seed":false,"campfire_upgraded":2,"win_rate":0.0,"timestamp":1611134329,"path_taken":["R","M","M","?","?","E","T","R","E","M","?","M","?","E","M","BOSS"],"items_purchased_type":["Card"],"build_version":"2020-12-22","purchased_purges":0,"victory":false,"max_hp_per_floor":[63,63,63,63,63,63,63,63,63,63,63,63,63,63,63,63,63],"relic_stats":{"counters":[11,44],"Letter Opener":[25],"obtain_stats":[{"bronze:BronzeCore":0,"hubris:CrystalStatue":9,"downfall:HeartsMalice":0,"Guardian:PocketSentry":7,"Letter Opener":4,"aspiration:HiddenCompartment":6,"halation:LettersToHer":14},{"bronze:BronzeCore":0,"hubris:CrystalStatue":4,"downfall:HeartsMalice":0,"Guardian:PocketSentry":3,"Letter Opener":2,"aspiration:HiddenCompartment":3,"halation:LettersToHer":9},{"bronze:BronzeCore":0,"hubris:CrystalStatue":9,"downfall:HeartsMalice":0,"Guardian:PocketSentry":0,"Letter Opener":0,"aspiration:HiddenCompartment":0,"halation:LettersToHer":33}]},"card_choices":[{"not_picked":["bronze:Turbo","bronze:Overload","bronze:Invalidate"],"picked":"SKIP","floor":2},{"not_picked":["bronze:Safeguard","bronze:Repair"],"picked":"bronze:NullPointer","floor":3},{"not_picked":["bronze:FineTuning+1","bronze:BugBarrage+1"],"picked":"bronze:Shield+1","floor":5},{"not_picked":["bronze:WhirlingStrike","bronze:Shell","bronze:Assembly"],"picked":"SKIP","floor":6},{"not_picked":["bronze:Frontload","bronze:GetLatest","bronze:Safeguard"],"picked":"SKIP","floor":9},{"not_picked":["bronze:Turbo","bronze:Invalidate","bronze:Shield"],"picked":"SKIP","floor":10},{"not_picked":["bronze:Invalidate","bronze:Overload","bronze:Safeguard"],"picked":"SKIP","floor":11},{"not_picked":["bronze:BitShift","bronze:WildBeam"],"picked":"bronze:Repulsor","floor":12},{"not_picked":["bronze:Repair","bronze:Shield","bronze:Optimize"],"picked":"SKIP","floor":13},{"not_picked":["bronze:Backtrace","bronze:BronzeOrb"],"picked":"bronze:MaxOutput","floor":14},{"not_picked":["bronze:FineTuning","bronze:Invalidate","bronze:Turbo"],"picked":"SKIP","floor":15}],"player_experience":441421,"relics_obtained":[{"floor":4,"key":"Letter Opener"},{"floor":6,"key":"aspiration:HiddenCompartment"},{"floor":7,"key":"Guardian:PocketSentry"},{"floor":9,"key":"hubris:CrystalStatue"},{"floor":14,"key":"halation:LettersToHer"}],"event_choices":[{"damage_healed":0,"gold_gain":0,"player_choice":"2","damage_taken":0,"max_hp_gain":0,"max_hp_loss":0,"event_name":"betterMatch:BetterMatch","floor":5,"gold_loss":0,"cards_obtained":["betterMatch:CommonCard"]}],"is_beta":false,"boss_relics":[],"items_purged_floors":[],"is_endless":false,"potions_floor_spawned":[6,12,13,14],"killed_by":"SI_SHIV_ARCHETYPE","ascension_level":20}}