{"host":"4q6g5wn1adpnm0z5","time":1611142032,"event":{"mods":["2.2 Compatiblity","Aspiration","Astrologer","BaseMod","Hubris","Minty Spire (QoL Compilation)","Replay The Spire","StSLib","The Cursed","The Jungle"],"gold_per_floor":[132,186,186,186,38,38,84,172,197,285,285,327,392,480,480,724,724,789,848,452,514,363,477,519,552,552,637,702,702,294,392,392,639,639,698,698,105,147,147,238,238,303,330,444,444,483,483,584,584,584],"floor_reached":51,"language":"ENG","playtime":3424,"items_purged":["Dual Wield","ReplayReversal","Injury"],"score":1632,"play_id":"934214d1-2234-4992-bf7d-a32a093de3db","local_time":"20210120122712","daily_mods":["Insanity","ControlledChaos","Midas"],"is_ascension_mode":true,"campfire_choices":[{"floor":6.0,"key":"REST"},{"floor":15.0,"key":"REST"},{"floor":32.0,"key":"REST"},{"floor":41,"key":"REST"},{"floor":45,"key":"REST"},{"data":"Dark Embrace","floor":49,"key":"PURGE"}],"circlet_count":0,"master_deck":["AscendersBane","Dark Embrace","Cleave+1","Whirlwind","Carnage","Anger","Run Through","Pummel","Spot Weakness","Shrug It Off","Thunderclap","Replay:Undeath\u0027s Touch","Run Through","Carnage+1","Clothesline","Twin Strike","Armaments","Abandon","Reckless Charge","Fire Breathing","Defy Death","ReplayTheSpireMod:Strike From Hell","Abandon+1","Feel No Pain","Run Through","Flex","Battle Trance","Clothesline","ReplayReversal","Perfected Strike","Flex","Twin Strike","Cleave","Sword Boomerang","True Grit","ReplayTheSpireMod:LeadingStrike","Flame Barrier","Twin Strike","Shrug It Off","Cleave","Dropkick","Defy Death","Thunderclap","Havoc+1","Sentinel+1","Inflame","Rage","Rage+1","Flame Barrier+1","Good Instincts+1","ReplayTheSpireMod:Splinters","ReplayTheSpireMod:Stacked+1","Metallicize","ReplayTheSpireMod:LeadingStrike+1","AbeCurse","Shrug It Off+1","Uppercut+1","Blind+1","Shrug It Off+1","hubris:DuctTapeCard+2"],"relics":["Burning Blood","Frozen Eye","Golden Idol","Toy Ornithopter","ReplayTheSpireMod:TigerMarble","Centennial Puzzle","Strawberry","Toxic Egg 2","Mummified Hand","SacredBark","Vajra","hubris:Teleporter","Replay:Rubber Ducky","Molten Egg 2","Bottled Lightning","hubris:Icosahedron","Happy Flower","Gremlin Food","Pet Ghost","Abe\u0027s Treasure","Pen Nib","Omamori","Blue Doll","War Paint","Sundial","hubris:Towel","hubris:DuctTape"],"acts_visited":["Exordium","TheCity","TheBeyond"],"potions_floor_usage":[40,50,50],"damage_taken":[{"damage":0.0,"enemies":"2 Louse","floor":1.0,"turns":2.0},{"damage":4.0,"enemies":"Small Slimes","floor":2.0,"turns":2.0},{"damage":12.0,"enemies":"Jaw Worm","floor":7.0,"turns":2.0},{"damage":12.0,"enemies":"Lagavulin","floor":8.0,"turns":5.0},{"damage":0.0,"enemies":"Gremlin Nob","floor":10.0,"turns":2.0},{"damage":3.0,"enemies":"Exordium Thugs","floor":12.0,"turns":2.0},{"damage":2.0,"enemies":"Exordium Wildlife","floor":13.0,"turns":3.0},{"damage":3.0,"enemies":"Replay:BlueRogue","floor":14.0,"turns":2.0},{"damage":55.0,"enemies":"Hexaghost","floor":16.0,"turns":9.0},{"damage":0.0,"enemies":"Chosen","floor":18.0,"turns":4.0},{"damage":6.0,"enemies":"Shell Parasite","floor":19.0,"turns":4.0},{"damage":7.0,"enemies":"Replay:Snechameleon","floor":23.0,"turns":6.0},{"damage":7.0,"enemies":"3 Cultists","floor":24.0,"turns":4.0},{"damage":4.0,"enemies":"Snake Plant","floor":25.0,"turns":4.0},{"damage":13.0,"enemies":"Book of Stabbing","floor":27.0,"turns":6.0},{"damage":7.0,"enemies":"Cultist and Chosen","floor":28.0,"turns":5.0},{"damage":18.0,"enemies":"Slavers","floor":31.0,"turns":4.0},{"damage":32.0,"enemies":"Champ","floor":33.0,"turns":12.0},{"damage":1,"enemies":"3 Shapes","floor":35,"turns":4},{"damage":8,"enemies":"Orb Walker","floor":38,"turns":2},{"damage":0,"enemies":"Reptomancer","floor":40,"turns":4},{"damage":0,"enemies":"3 Darklings","floor":42,"turns":4},{"damage":19,"enemies":"Nemesis","floor":44,"turns":5},{"damage":4,"enemies":"Writhing Mass","floor":46,"turns":5},{"damage":2,"enemies":"Reptomancer","floor":48,"turns":5},{"damage":15,"enemies":"Awakened One","floor":50,"turns":11}],"seed_played":"3326874270157381586","potions_obtained":[{"floor":1.0,"key":"PowerPotion"},{"floor":8.0,"key":"Weak Potion"},{"floor":13.0,"key":"Block Potion"},{"floor":14.0,"key":"DuplicationPotion"},{"floor":16.0,"key":"Block Potion"},{"floor":24.0,"key":"SteroidPotion"},{"floor":27.0,"key":"SkillPotion"},{"floor":28.0,"key":"BlessingOfTheForge"},{"floor":33.0,"key":"Explosive Potion"},{"floor":35,"key":"Block Potion"},{"floor":44,"key":"Weak Potion"}],"is_trial":true,"path_per_floor":["M","M","?","?","$","R","M","E","T","E","?","M","M","E","R","B",null,"M","M","$","?","$","E","M","M","T","E","M","?","$","E","R","B",null,"M","?","$","M","$","E","R","M","T","E","R","M","?","E","R","B",null],"character_chosen":"IRONCLAD","items_purchased":["Toy Ornithopter","Vajra","Flame Barrier+1","Good Instincts+1","Replay:Rubber Ducky","Happy Flower","Gremlin Food","Pen Nib","Omamori","Uppercut+1","Blind+1"],"campfire_rested":5,"item_purchase_floors":[5,20,20,20,22,30,30,37,37,37,37],"current_hp_per_floor":[74,75,57,50,50,72,66,60,60,73,73,76,80,82,82,33,70,76,81,81,81,81,81,80,82,82,80,79,79,79,72,82,56,76,81,81,81,79,79,82,82,82,82,69,82,82,82,82,82,78],"gold":584,"neow_bonus":"","is_daily":false,"chose_seed":false,"campfire_upgraded":0,"win_rate":0.0,"timestamp":1611142032,"path_taken":["M","M","?","?","$","R","M","E","T","E","?","M","M","E","R","BOSS","M","M","$","?","$","E","M","M","T","E","M","?","$","E","R","BOSS","M","?","$","M","?","E","R","M","T","E","R","M","?","E","R","BOSS"],"items_purchased_type":["Relic","Relic","Card","Card","Relic","Relic","Relic","Relic","Relic","Card","Card"],"build_version":"2020-12-22","purchased_purges":3,"victory":true,"max_hp_per_floor":[75,75,75,75,75,75,75,75,75,82,82,82,82,82,82,82,82,82,82,82,82,82,82,82,82,82,82,82,82,82,82,82,82,82,82,82,82,82,82,82,82,82,82,82,82,82,82,82,82,82],"card_choices":[{"not_picked":["Carnage","Searing Blow","Warcry"],"picked":"SKIP","floor":1.0},{"not_picked":["Body Slam","Sword Boomerang","Clothesline"],"picked":"SKIP","floor":2.0},{"not_picked":["ReplayTheSpireMod:LeadingStrike","Armaments","Twin Strike"],"picked":"SKIP","floor":7.0},{"not_picked":["Whirlwind","Disarm"],"picked":"Rage","floor":8.0},{"not_picked":["Wild Strike","Run Through","Immolate"],"picked":"SKIP","floor":10.0},{"not_picked":["Dark Embrace","Body Slam","Cleave"],"picked":"SKIP","floor":12.0},{"not_picked":["Thunderclap","Dark Embrace","Spot Weakness+1"],"picked":"SKIP","floor":13.0},{"not_picked":["Headbutt","Exhume+1"],"picked":"Rage+1","floor":14.0},{"not_picked":["Pommel Strike","Twin Strike","Anger"],"picked":"SKIP","floor":18.0},{"not_picked":["Headbutt+1","Heavy Blade","Barricade"],"picked":"SKIP","floor":19.0},{"not_picked":["Heavy Blade","Replay:Undeath\u0027s Touch"],"picked":"ReplayTheSpireMod:Stacked+1","floor":21.0},{"not_picked":["Immolate","Run Through","hubris:ReadiedAction+1"],"picked":"SKIP","floor":23.0},{"not_picked":["Spot Weakness+1","Perfected Strike"],"picked":"Metallicize","floor":24.0},{"not_picked":["Iron Wave","Clothesline","Armaments+1"],"picked":"SKIP","floor":25.0},{"not_picked":["Pommel Strike+1","Rampage+1"],"picked":"ReplayTheSpireMod:LeadingStrike+1","floor":27.0},{"not_picked":["Whirlwind+1","Cleave+1","Twin Strike+1"],"picked":"SKIP","floor":28.0},{"not_picked":["Demonic Infusion+1","Wild Strike+1","hubris:SharpeningStone+1"],"picked":"SKIP","floor":31.0},{"not_picked":["Cleave+1","Reckless Charge+1"],"picked":"Shrug It Off+1","floor":35},{"not_picked":["Bloodletting+1","Wild Strike+1","Headbutt+1"],"picked":"SKIP","floor":38},{"not_picked":["ReplayTheSpireMod:Strike From Hell+1","Brutality","Combust+1"],"picked":"SKIP","floor":40},{"not_picked":["Anger+1","Clash+1","Wild Strike+1"],"picked":"SKIP","floor":42},{"not_picked":["Clash+1","Life Link+1"],"picked":"Shrug It Off+1","floor":44},{"not_picked":["Flex+1","hubris:ReadiedAction+1"],"picked":"Replay:Undeath\u0027s Touch+1","floor":46},{"not_picked":["Bloodletting+1","Sword Boomerang+1","Clothesline+1"],"picked":"SKIP","floor":48}],"player_experience":2350848,"relics_obtained":[{"floor":8.0,"key":"ReplayTheSpireMod:TigerMarble"},{"floor":9.0,"key":"Centennial Puzzle"},{"floor":10.0,"key":"Strawberry"},{"floor":14.0,"key":"Mummified Hand"},{"floor":21.0,"key":"hubris:Teleporter"},{"floor":26.0,"key":"Molten Egg 2"},{"floor":27.0,"key":"Bottled Lightning"},{"floor":31.0,"key":"Pet Ghost"},{"floor":40,"key":"Blue Doll"},{"floor":43,"key":"War Paint"},{"floor":44,"key":"Sundial"},{"floor":48,"key":"hubris:DuctTape"}],"event_choices":[{"damage_healed":0.0,"max_hp_gain":0.0,"max_hp_loss":0.0,"gold_gain":0.0,"event_name":"Golden Idol","player_choice":"Take Damage","floor":3.0,"gold_loss":0.0,"damage_taken":18.0,"relics_obtained":["Golden Idol"]},{"cards_removed":["Evolve"],"damage_healed":0.0,"max_hp_gain":0.0,"max_hp_loss":0.0,"gold_gain":0.0,"event_name":"Golden Wing","player_choice":"Card Removal","floor":4.0,"gold_loss":0.0,"damage_taken":7.0}],"is_beta":false,"boss_relics":[{"not_picked":["Replay:Bronze Core","aspiration:PoetsPen_weak"],"picked":"SacredBark"},{"not_picked":["Snecko Heart","Calling Bell"],"picked":"Abe\u0027s Treasure"}],"items_purged_floors":[20,30,37],"is_endless":false,"potions_floor_spawned":[1,8,13,14,16,18,24,27,28,33,35,38,44],"ascension_level":14}}