{"host":"465m78bh87h7wxsp","time":1611137694,"event":{"mods":["ATMod(阿瑾Mod)","Act Like it!","Alarm Clock","Aspiration","BaseMod","Better Debug","CapriCore","Decade(王小明)","Gensokyo","GungeonMod","Hallownest","Hermit","HololiveMod","Infinite Spire","Jorbs\u0027s Wanderer Trilogy","KinomotoSakuraMod(木之本樱)","Koishi","KomeijiMod","Lobotomy","LobotomyExtend","Marisa（F雨　魔理沙）","Minty Spire (QoL Compilation)","MostiFishMod","Red Circlet Mod","Reimu（博丽灵梦）","Replay The Spire","RumiaBox-露米娅的神秘盒子","Ryuuou龙王","SOS（斯巴达之子）","Shop Mod","Spicy Shops","StSLib","TestMod","The Administrix","The Animator","The Bug Knight","The Cursed","The Hierophant","The Immortal","The Senshi","The Servant 0.9.4","Uncapped","Waifu the Spire","WarShipGirlsR/战舰少女R mod","Yakumo Yukari mod","Youmu（魂魄妖梦）","Yuyuko","[IsaacMod]以撒尖塔","noobMod","vexMod","【功能Mod】混沌之环修复补丁","【功能Mod】聪明的最终Boss","【遗物卡牌】REMEMod"],"gold_per_floor":[114,44,114,124,213,213,243,254,254,271,296,296,306,318,318,419,419,419,394,394,394,406,406,441,461,533,533,588,240,438,462,462,479,529,529,560,560,560,588,475,497,497,522,522,8,8,8,124,124,124,124,14,59,73,73],"floor_reached":39,"language":"ZHS","playtime":2672,"items_purged":["AddBullet"],"score":711,"play_id":"e228b3c4-6e94-4bd0-a74d-3ae8e4981fdb","local_time":"20210120181454","is_ascension_mode":false,"campfire_choices":[{"floor":23.0,"key":"RECALL"}],"circlet_count":0,"master_deck":["AT_FamilyPortrait+1","DisciplinaryCode","RecordCode","ExtractionCode","Amita+1","InformationCode","Justitia","MagicBullet","FeatherOfHonor","DaCapo","ParadiseLost","infinitespire:Gouge","Heaven","ControlCode","FeatherOfHonor+1","Twilight","ParadiseLost","TrainingCode","TheSmile","CENSORED_ego","CentralCode","Noise+1","Logging","RapturousDream+1","Moonlight+1","Noise","FeatherOfHonor","SpecialBullet","Reverberation+1","RapturousDream+1","SwordSharpenedByTears","J.A.X.","GoldRush","NothingThere","Adoration","GoldRush","SpecialBullet","Regret_ego"],"relics":["CogitoBucket","DaveBox","ice","HushsDoor","testmod-TestBox","AT_ATBox","REME_ComplimentaryCards","testmod-CardMagician","D6","Membership Card","SSSystem","SynthV:TestCard","LetterFromLob","Blood Vial","ReplayTheSpireMod:Lightbulb","Prayer Wheel","PunchingBag","testmod-KeyOfTheVoid","HonorFeather","ShedSkin_r","Gaze_r","SlaversCollar","AT_RedTearstoneRing","aspiration:FrozenJewel","infinitespire:Broken Mirror","Torii","DemoMod:LamentConfigurum","testmod-Charity","SynthV:C4","AT_TimeSand","AT_TimeSand","DemoMod:RingOfEthereal","MealTicket","REME_ArchaeologicalTools","Yang_Lob","Peace Pipe","Centennial Puzzle","Vajra","ReplayTheSpireMod:CursedCoin","Lantern","Regal Pillow","REME_CardOfGreed","Replay:Rubber Ducky","Juzu Bracelet","AT_ImmortalShieldbow","AT_ArchangelStaff","TimeFreeze","Potion Belt","testmod-MagicalMallet","DemoMod:Bottle"],"acts_visited":["Gensokyo:Gensokyo","TheCity","TheEnding"],"potions_floor_usage":[39,39],"damage_taken":[{"damage":7.0,"enemies":"Gensokyo:Gryphon","floor":1.0,"turns":2.0},{"damage":7.0,"enemies":"Gensokyo:2_Kodama","floor":4.0,"turns":3.0},{"damage":10.0,"enemies":"Gensokyo:Mamizou","floor":7.0,"turns":2.0},{"damage":10.0,"enemies":"Gensokyo:Python","floor":8.0,"turns":3.0},{"damage":7.0,"enemies":"Gensokyo:VengefulSpirit","floor":10.0,"turns":4.0},{"damage":27.0,"enemies":"Gensokyo:Cirno","floor":11.0,"turns":6.0},{"damage":96.0,"enemies":"Gensokyo:LivingMonolith","floor":13.0,"turns":8.0},{"damage":0.0,"enemies":"Gensokyo:5_Fairies","floor":14.0,"turns":3.0},{"damage":6.0,"enemies":"Gensokyo:Yukari","floor":16.0,"turns":5.0},{"damage":55.0,"enemies":"Shell Parasite","floor":18.0,"turns":2.0},{"damage":0.0,"enemies":"Shell Parasite","floor":18.0,"turns":1.0},{"damage":10.0,"enemies":"Shell Parasite","floor":22.0,"turns":2.0},{"damage":0.0,"enemies":"Chosen","floor":24.0,"turns":2.0},{"damage":8.0,"enemies":"Chosen","floor":25.0,"turns":2.0},{"damage":0.0,"enemies":"Colosseum Slavers","floor":30.0,"turns":1.0},{"damage":0.0,"enemies":"Colosseum Nobs","floor":30.0,"turns":1.0},{"damage":13.0,"enemies":"Gremlin Leader","floor":31.0,"turns":2.0},{"damage":0.0,"enemies":"Chosen","floor":18.0,"turns":1.0},{"damage":0.0,"enemies":"Spheric Guardian","floor":19.0,"turns":2.0},{"damage":0.0,"enemies":"Chosen and Byrds","floor":21.0,"turns":1.0},{"damage":0.0,"enemies":"Sentry and Sphere","floor":24.0,"turns":1.0},{"damage":0.0,"enemies":"Shelled Parasite and Fungi","floor":28.0,"turns":1.0},{"damage":0.0,"enemies":"Automaton","floor":33.0,"turns":2.0},{"damage":5.0,"enemies":"Shield and Spear","floor":38.0,"turns":1.0},{"damage":179,"enemies":"LordOfAnnihilation","floor":39,"turns":10}],"seed_played":"2492891842660229869","potions_obtained":[{"floor":3.0,"key":"Languid Potion"},{"floor":3.0,"key":"Ancient Potion"},{"floor":4.0,"key":"FearPotion"},{"floor":8.0,"key":"Adrenaline Potion"},{"floor":14.0,"key":"REME_GoldPotion"},{"floor":16.0,"key":"Weak Potion"},{"floor":24.0,"key":"GamblersBrew"}],"is_trial":false,"path_per_floor":["M","?","?","M","?","R","E","M","T","M","E","R","M","M","R","B",null,"M","?","AVR","?","M","R","?","M","T","R","?","$","?","E","R","M","M","?","M","T","R","M","$","T","?","M","R","$","?","R","B",null,null,"R","$","E","B"],"character_chosen":"Angela","items_purchased":["Torii","DemoMod:LamentConfigurum","testmod-Charity","ForgetMeNow","SynthV:C4","Centennial Puzzle","Vajra","ReplayTheSpireMod:CursedCoin","Lantern","Discord","REME_CardOfGreed","Replay:Rubber Ducky","Juzu Bracelet","AT_ImmortalShieldbow","AT_ArchangelStaff","TimeFreeze","SwordSharpenedByTears","Potion Belt","testmod-MagicalMallet"],"campfire_rested":0,"item_purchase_floors":[29,29,29,29,29,25,25,25,25,25,30,30,30,30,30,30,30,37,37],"current_hp_per_floor":[63,63,63,58,43,43,35,30,30,25,3,3,53,55,55,51,78,79,79,79,79,69,80,80,72,72,82,67,67,73,63,85,86,103,103,112,112,114,120,121,122,122,127,127,127,127,127,137,137,137,137,137,148,131,131],"gold":73,"neow_bonus":"RANDOM_COMMON_RELIC","is_daily":false,"chose_seed":false,"campfire_upgraded":0,"win_rate":0.0,"timestamp":1611137694,"path_taken":["M","?","?","?","?","R","E","M","T","M","E","R","M","?","R","BOSS","M","?","AVR","?","?","R","?","M","T","R","?","?","?","E","R","M","?","?","M","?","R","M","?","T","?","?","R","$","?","R","BOSS","R","$","E","BOSS"],"items_purchased_type":["Relic","Relic","Relic","Relic","Relic","Relic","Relic","Relic","Card","Card","Relic","Relic","Relic","Relic","Relic","Relic","Card","Relic","Relic"],"build_version":"2020-12-22","purchased_purges":1,"victory":false,"max_hp_per_floor":[70,70,70,70,70,70,70,70,70,70,70,70,75,77,77,78,78,79,79,79,79,80,80,80,82,82,82,82,82,84,85,85,86,107,107,114,114,114,120,121,122,122,127,127,127,127,127,137,137,137,137,137,148,155,155],"card_choices":[{"not_picked":["GreenStem"],"picked":"Amita","floor":1.0},{"not_picked":["ShyLook","MHz"],"picked":"Wellcheers","floor":1.0},{"not_picked":["RedEyes","Loneliness"],"picked":"SKIP","floor":1.0},{"not_picked":["GrinderMk4","SomewhereSpear","Beak"],"picked":"CUTE","floor":3.0},{"not_picked":["Wingbeat","TodaysExpression","Amita"],"picked":"Harvest","floor":4.0},{"not_picked":["Beak","Christmas","Wingbeat","InTheNameOfLoveAndHate"],"picked":"SKIP","floor":4.0},{"not_picked":["Reverberation","WristCuter","Beak"],"picked":"Justitia","floor":7.0},{"not_picked":["CherryBlossom","Loneliness","CUTE","Tough"],"picked":"SKIP","floor":8.0},{"not_picked":["TodaysExpression","WristCuter","Loneliness"],"picked":"MagicBullet","floor":10.0},{"not_picked":["CherryBlossoms","CrumblingArmor"],"picked":"OSAHOGD","floor":10.0},{"not_picked":["MagicBullet","TodaysExpression","Penitence"],"picked":"Spore","floor":10.0},{"not_picked":["Harvest","Tough","Spore"],"picked":"RapturousDream","floor":11.0},{"not_picked":["Galaxy","Noise","Loneliness"],"picked":"FeatherOfHonor","floor":13.0},{"not_picked":["Horn","RapturousDream","Loneliness"],"picked":"SomewhereSpear","floor":13.0},{"not_picked":["GreenStem","TodaysExpression","Horn"],"picked":"Lantern","floor":14.0},{"not_picked":["FrostShard","TodaysExpression","Beak"],"picked":"DaCapo","floor":14.0},{"not_picked":["SoundOfStar","CENSORED_ego","Twilight"],"picked":"ParadiseLost","floor":16.0},{"not_picked":[],"picked":"Justitia","floor":21.0},{"not_picked":["TodaysExpression","GreenStem","Pleasure"],"picked":"Heaven","floor":22.0},{"not_picked":["Bloodbath","CherryBlossoms"],"picked":"CENSORED","floor":22.0},{"not_picked":["Moonlight+1","Lamp+1","SomewhereSpear"],"picked":"FeatherOfHonor+1","floor":22.0},{"not_picked":["FourthMatchFlame","SomewhereSpear","WristCuter","Loneliness"],"picked":"SKIP","floor":22.0},{"not_picked":["SomewhereSpear+1","Soda","Reverberation"],"picked":"Twilight","floor":24.0},{"not_picked":["FairyFestival","Laetitia"],"picked":"SingingMachine","floor":25.0},{"not_picked":["BloodyDesire","Loneliness","Noise"],"picked":"ParadiseLost","floor":25.0},{"not_picked":["CherryBlossom","Noise","SomewhereSpear"],"picked":"Lantern","floor":25.0},{"not_picked":["GrinderMk4","Soda","Loneliness"],"picked":"InTheNameOfLoveAndHate","floor":30.0},{"not_picked":["SomewhereSpear","Tough","BloodyDesire"],"picked":"CrimsonScar","floor":31.0},{"not_picked":["SwordSharpenedByTears","RedEyes","Loneliness+1"],"picked":"TheSmile","floor":31.0},{"not_picked":["HeroicMonk","LongBird"],"picked":"Murderer","floor":31.0},{"not_picked":["FourthMatchFlame","Soda","Loneliness+1"],"picked":"CENSORED_ego","floor":31.0},{"not_picked":["ShyLook","GreedKing"],"picked":"Murderer","floor":18.0},{"not_picked":["TodaysExpression","Beak","RapturousDream"],"picked":"Noise+1","floor":18.0},{"not_picked":["Loneliness","FourthMatchFlame+1","BlueScar+1"],"picked":"Logging","floor":18.0},{"not_picked":["GrinderMk4","Loneliness","RapturousDream"],"picked":"BlackSwan_ego","floor":19.0},{"not_picked":["MeatLantern","SpiderBud"],"picked":"Yin","floor":19.0},{"not_picked":["CUTE","Noise","RapturousDream"],"picked":"Lantern","floor":19.0},{"not_picked":["BlueScar","Lantern","Loneliness"],"picked":"RapturousDream+1","floor":21.0},{"not_picked":["TodaysExpression","Beak","Heaven"],"picked":"Amita+1","floor":21.0},{"not_picked":["CrumblingArmor","HeroicMonk"],"picked":"CENSORED","floor":24.0},{"not_picked":["Horn","BloodyDesire","Beak"],"picked":"BearPaw","floor":24.0},{"not_picked":["CherryBlossom","FourthMatchFlame","GrinderMk4+1"],"picked":"Moonlight+1","floor":24.0},{"not_picked":["QueenBee","WallGazer"],"picked":"OSAHOGD","floor":28.0},{"not_picked":["Spore","Beak+1","Tough"],"picked":"Reverberation+1","floor":28.0},{"not_picked":["Horn","Loneliness","TodaysExpression"],"picked":"RapturousDream+1","floor":28.0},{"not_picked":["Adoration","SoundOfStar","TheSmile"],"picked":"GoldRush","floor":33.0},{"not_picked":["Variant","LaLuna"],"picked":"NothingThere","floor":33.0},{"not_picked":["Justitia","CENSORED_ego","SoundOfStar"],"picked":"Adoration","floor":33.0},{"not_picked":["Galaxy","SomewhereSpear","RapturousDream+1"],"picked":"GoldRush","floor":38.0},{"not_picked":["Wingbeat","SwordSharpenedByTears","WristCuter+1"],"picked":"Regret_ego","floor":38.0}],"player_experience":33002,"relics_obtained":[{"floor":1.0,"key":"SynthV:TestCard"},{"floor":1.0,"key":"LetterFromLob"},{"floor":3.0,"key":"Blood Vial"},{"floor":7.0,"key":"ReplayTheSpireMod:Lightbulb"},{"floor":11.0,"key":"PunchingBag"},{"floor":24.0,"key":"aspiration:FrozenJewel"},{"floor":26.0,"key":"infinitespire:Broken Mirror"},{"floor":30.0,"key":"AT_TimeSand"},{"floor":30.0,"key":"AT_TimeSand"},{"floor":30.0,"key":"DemoMod:RingOfEthereal"},{"floor":31.0,"key":"MealTicket"},{"floor":22.0,"key":"Peace Pipe"},{"floor":26.0,"key":"Regal Pillow"},{"floor":38.0,"key":"DemoMod:Bottle"}],"event_choices":[{"damage_healed":0.0,"max_hp_gain":0.0,"max_hp_loss":0.0,"gold_gain":0.0,"event_name":"Colosseum","player_choice":"Fight","floor":30.0,"gold_loss":0.0,"damage_taken":0.0},{"damage_healed":0.0,"max_hp_gain":0.0,"max_hp_loss":0.0,"gold_gain":0.0,"event_name":"Colosseum","player_choice":"Fought Nobs","floor":30.0,"gold_loss":0.0,"damage_taken":0.0},{"damage_healed":0.0,"max_hp_gain":0.0,"max_hp_loss":0.0,"gold_gain":0.0,"event_name":"Match and Keep!","player_choice":"2 cards matched","floor":27.0,"gold_loss":0.0,"damage_taken":0.0,"cards_obtained":["Noise","FeatherOfHonor"]},{"damage_healed":0.0,"max_hp_gain":0.0,"max_hp_loss":0.0,"gold_gain":0.0,"event_name":"Drug Dealer","player_choice":"Obtain J.A.X.","floor":31.0,"gold_loss":0.0,"damage_taken":0.0,"cards_obtained":["J.A.X."]}],"is_beta":false,"boss_relics":[{"not_picked":["RhineFirstAidKit","testmod-SaigiyounoYou"],"picked":"testmod-KeyOfTheVoid"},{"not_picked":[]}],"items_purged_floors":[25],"is_endless":false,"potions_floor_spawned":[4,8,14,16,18,18,30,31,18,24,33],"killed_by":"LordOfAnnihilation","ascension_level":0}}