{"host":"c6u7e77myxvw4d0m","time":1611107157,"event":{"mods":["AchievementEnabler","BaseMod","Bestiary","Colored Map","Colored Powertips","Minty Spire (QoL Compilation)","Rare Cards Sparkle","Relic Stats","everything is the same but u backflip on backflip"],"gold_per_floor":[110,120,136,200,200,200,235,265,291,319,335,1,31,51,51,122,122,139,64,81,101,151,163,163,163],"floor_reached":24,"language":"ENG","playtime":1169,"items_purged":["Strike_G"],"score":462,"play_id":"31a75da2-66de-4c4f-b6bd-558a3eb540a7","local_time":"20210120034557","is_ascension_mode":true,"campfire_choices":[{"data":"Predator","floor":6,"key":"SMITH"},{"data":"Noxious Fumes","floor":15,"key":"SMITH"}],"circlet_count":0,"master_deck":["AscendersBane","Defend_G","Defend_G","Defend_G","Defend_G","Defend_G","Survivor","Neutralize","Predator+1","Flying Knee","Bouncing Flask","Quick Slash","Noxious Fumes+1","Skewer","Bane","Dagger Spray","Die Die Die","Night Terror+1","After Image+1","Masterful Stab+1","Noxious Fumes","PiercingWail","PiercingWail"],"relics":["Coffee Dripper","PreservedInsect","Anchor","Akabeko","Snake Skull","Medical Kit","Eternal Feather","Astrolabe"],"acts_visited":["Exordium","TheCity"],"potions_floor_usage":[7,13,16,23],"damage_taken":[{"damage":0,"enemies":"Small Slimes","floor":1,"turns":4},{"damage":6,"enemies":"Jaw Worm","floor":2,"turns":4},{"damage":0,"enemies":"2 Louse","floor":3,"turns":2},{"damage":14,"enemies":"Lagavulin","floor":7,"turns":4},{"damage":3,"enemies":"Gremlin Nob","floor":10,"turns":3},{"damage":0,"enemies":"Exordium Wildlife","floor":11,"turns":2},{"damage":0,"enemies":"Lagavulin","floor":13,"turns":2},{"damage":0,"enemies":"Looter","floor":14,"turns":2},{"damage":17,"enemies":"The Guardian","floor":16,"turns":8},{"damage":9,"enemies":"2 Thieves","floor":18,"turns":2},{"damage":3,"enemies":"Chosen","floor":20,"turns":4},{"damage":7,"enemies":"Centurion and Healer","floor":21,"turns":4},{"damage":0,"enemies":"3 Cultists","floor":23,"turns":3},{"damage":48,"enemies":"Book of Stabbing","floor":24,"turns":5}],"seed_played":"4909398073537523172","potions_obtained":[{"floor":1,"key":"DistilledChaos"},{"floor":10,"key":"Weak Potion"},{"floor":20,"key":"Fire Potion"}],"is_trial":false,"path_per_floor":["M","M","M","?","?","R","E","?","T","E","M","$","E","M","R","B",null,"M","?","M","M","?","M","E"],"character_chosen":"THE_SILENT","items_purchased":["Fire Potion","Skewer","Medical Kit"],"campfire_rested":0,"item_purchase_floors":[12,12,12],"current_hp_per_floor":[59,53,53,53,58,58,44,44,44,41,41,41,41,41,53,36,62,53,53,50,43,43,43,0,0],"gold":163,"neow_bonus":"BOSS_RELIC","is_daily":false,"chose_seed":false,"campfire_upgraded":2,"win_rate":0.0,"timestamp":1611107157,"path_taken":["M","M","M","?","?","R","E","?","T","E","M","$","E","M","R","BOSS","M","?","M","M","?","?","E"],"items_purchased_type":["Potion","Card","Relic"],"build_version":"2020-12-22","purchased_purges":1,"victory":false,"max_hp_per_floor":[66,66,66,66,71,71,71,71,71,71,71,71,71,71,71,71,71,71,71,71,71,71,71,71,71],"relic_stats":{"counters":[14,49],"Astrolabe":["Night Terror","After Image","Masterful Stab"],"Eternal Feather":12,"PreservedInsect":101,"Snake Skull":[35],"Medical Kit":[3],"obtain_stats":[{"Anchor":8,"Astrolabe":17,"Eternal Feather":13,"PreservedInsect":7,"Snake Skull":10,"Coffee Dripper":0,"Medical Kit":12,"Akabeko":9,"Ring of the Snake":0},{"Anchor":4,"Astrolabe":9,"Eternal Feather":7,"PreservedInsect":4,"Snake Skull":5,"Coffee Dripper":0,"Medical Kit":6,"Akabeko":4,"Ring of the Snake":0},{"Anchor":14,"Astrolabe":31,"Eternal Feather":21,"PreservedInsect":14,"Snake Skull":17,"Coffee Dripper":0,"Medical Kit":19,"Akabeko":14,"Ring of the Snake":0}]},"card_choices":[{"not_picked":["Crippling Poison","Riddle With Holes"],"picked":"Predator","floor":1},{"not_picked":["Deflect","Backflip"],"picked":"Flying Knee","floor":2},{"not_picked":["Bane","Slice"],"picked":"Bouncing Flask","floor":3},{"not_picked":["Prepared","Outmaneuver"],"picked":"Quick Slash","floor":7},{"not_picked":["Slice","Concentrate","Outmaneuver"],"picked":"SKIP","floor":10},{"not_picked":["Outmaneuver","Bane"],"picked":"Noxious Fumes","floor":11},{"not_picked":["A Thousand Cuts","Setup"],"picked":"Bane","floor":13},{"not_picked":["Flying Knee","Outmaneuver"],"picked":"Dagger Spray","floor":14},{"not_picked":["Bullet Time","Storm of Steel"],"picked":"Die Die Die","floor":16},{"not_picked":["Dagger Spray","Quick Slash"],"picked":"Noxious Fumes","floor":18},{"not_picked":["Cloak And Dagger","Endless Agony"],"picked":"PiercingWail","floor":20},{"not_picked":["Sucker Punch","Distraction+1","Dagger Spray"],"picked":"SKIP","floor":21},{"not_picked":["Deflect","Riddle With Holes+1"],"picked":"PiercingWail","floor":23}],"player_experience":416156,"relics_obtained":[{"floor":7,"key":"PreservedInsect"},{"floor":9,"key":"Akabeko"},{"floor":10,"key":"Snake Skull"},{"floor":13,"key":"Eternal Feather"}],"event_choices":[{"damage_healed":0,"gold_gain":64,"player_choice":"Gained Gold","damage_taken":0,"max_hp_gain":0,"max_hp_loss":0,"event_name":"Golden Wing","floor":4,"gold_loss":0},{"damage_healed":0,"gold_gain":0,"player_choice":"Donut","damage_taken":0,"max_hp_gain":5,"max_hp_loss":0,"event_name":"Big Fish","floor":5,"gold_loss":0},{"damage_healed":0,"gold_gain":30,"player_choice":"Searched \u00273\u0027 times","damage_taken":0,"relics_obtained":["Anchor"],"max_hp_gain":0,"max_hp_loss":0,"event_name":"Dead Adventurer","floor":8,"gold_loss":0},{"cards_removed":["Strike_G"],"damage_healed":0,"gold_gain":0,"player_choice":"Gave Gold","damage_taken":0,"max_hp_gain":0,"max_hp_loss":0,"event_name":"Beggar","floor":19,"gold_loss":75},{"damage_healed":0,"gold_gain":50,"player_choice":"Stole From Cult","damage_taken":0,"max_hp_gain":0,"max_hp_loss":0,"event_name":"Nest","floor":22,"gold_loss":0}],"is_beta":false,"boss_relics":[{"not_picked":["SacredBark","HoveringKite"],"picked":"Astrolabe"}],"items_purged_floors":[12],"is_endless":false,"potions_floor_spawned":[1,10,20],"killed_by":"Book of Stabbing","ascension_level":18}}