{"host":"6p0attdrtjqaih7v","time":1611117387,"event":{"mods":["2.2 Compatiblity","AchievementEnabler","Bard","BaseMod","Better Skull","Better Third Choice","Colored Powertips","Hermit","Highlight Path","Jorbs\u0027s Wanderer Trilogy","Key Reminder","Minty Spire (QoL Compilation)","Permanent Neow","Quick Restart","Random Character Button","Relic Stats","Replay The Spire","Robot Space Explorer","StSLib"],"gold_per_floor":[111,121,174,186,111,111,111,111],"floor_reached":7,"language":"ENG","playtime":264,"items_purged":["Strike_G"],"score":82,"play_id":"5cf71a7e-c046-4da0-b751-7998284b226a","local_time":"20210119233627","is_ascension_mode":true,"campfire_choices":[{"data":"Cloak And Dagger","floor":6,"key":"SMITH"}],"circlet_count":0,"master_deck":["AscendersBane","Strike_G","Strike_G","Strike_G","Strike_G","Defend_G","Defend_G","Defend_G","Defend_G","Defend_G","Survivor","Neutralize","Dagger Throw","Tactician","ReplayTheSpireMod:Speed Training","Dodge and Roll","Backflip","Dagger Throw","Cloak And Dagger+1"],"relics":["Ring of the Snake","Prayer Wheel","Pen Nib"],"acts_visited":["Exordium"],"potions_floor_usage":[7],"damage_taken":[{"damage":0,"enemies":"2 Louse","floor":1,"turns":4},{"damage":5,"enemies":"Small Slimes","floor":2,"turns":3},{"damage":0,"enemies":"Cultist","floor":4,"turns":5},{"damage":36,"enemies":"Gremlin Nob","floor":7,"turns":4}],"seed_played":"5475964217334925768","potions_obtained":[{"floor":2,"key":"Weak Potion"},{"floor":3,"key":"Weak Potion"}],"is_trial":false,"path_per_floor":["M","M","?","M","$","R","E"],"character_chosen":"THE_SILENT","items_purchased":[],"campfire_rested":0,"item_purchase_floors":[],"current_hp_per_floor":[59,54,35,35,35,35,0,0],"gold":111,"neow_bonus":"ONE_RARE_RELIC","is_daily":false,"chose_seed":false,"campfire_upgraded":1,"win_rate":0.0,"timestamp":1611117387,"path_taken":["M","M","?","M","$","R","E"],"items_purchased_type":[],"build_version":"2020-12-22","purchased_purges":1,"victory":false,"max_hp_per_floor":[60,60,60,60,60,60,60,60],"relic_stats":{"counters":[4,16],"Prayer Wheel":3,"Pen Nib":[2],"obtain_stats":[{"Prayer Wheel":0,"Pen Nib":3,"Ring of the Snake":0},{"Prayer Wheel":0,"Pen Nib":2,"Ring of the Snake":0},{"Prayer Wheel":0,"Pen Nib":7,"Ring of the Snake":0}],"Ring of the Snake":[8]},"card_choices":[{"not_picked":["Prepared","Underhanded Strike"],"picked":"Dagger Throw","floor":1},{"not_picked":["Deadly Poison","Escape Plan"],"picked":"Tactician","floor":1},{"not_picked":["Cloak And Dagger","Caltrops"],"picked":"ReplayTheSpireMod:Speed Training","floor":2},{"not_picked":["Sucker Punch","Prepared"],"picked":"Dodge and Roll","floor":2},{"not_picked":["Slice","Crippling Poison"],"picked":"Backflip","floor":3},{"not_picked":["Acrobatics","Reflex"],"picked":"Dagger Throw","floor":4},{"not_picked":["Bane","Toxin Wave"],"picked":"Cloak And Dagger","floor":4}],"player_experience":889358,"relics_obtained":[{"floor":3,"key":"Pen Nib"}],"event_choices":[],"is_beta":false,"boss_relics":[],"items_purged_floors":[5],"is_endless":false,"potions_floor_spawned":[2],"killed_by":"Gremlin Nob","ascension_level":20}}