{"host":"vm3f1ccwgbs4oygt","time":1611107517,"event":{"mods":["BaseMod","BetterRewards","Colored Powertips","Minty Spire (QoL Compilation)","Permanent Neow","Shop Mod","StSLib"],"gold_per_floor":[116,127,127,127,138,138,165,165,165,183,283,283,316,328,328,431,431,401,411,427,61,61,93,93,45,95,111,111,11,39,53,53,150,150,168,43,43,93,108,108,127,207,207,11,11,30,0,15,15,15],"floor_reached":51,"language":"ENG","playtime":4664,"items_purged":["Anger+1","Strike_R","Strike_R","Strike_R"],"score":762,"play_id":"4d893888-5088-4fc7-9563-6ef6c7b29255","local_time":"20210120025157","is_ascension_mode":true,"campfire_choices":[{"data":"Armaments","floor":6,"key":"SMITH"},{"data":"True Grit","floor":8,"key":"SMITH"},{"data":"Disarm","floor":12,"key":"SMITH"},{"floor":15,"key":"REST"},{"floor":24,"key":"REST"},{"floor":28,"key":"REST"},{"floor":32,"key":"REST"},{"floor":40,"key":"REST"},{"floor":45,"key":"REST"},{"floor":49,"key":"REST"}],"circlet_count":0,"master_deck":["Defend_R","Defend_R","Defend_R","Defend_R","Bash+1","Disarm+1","Armaments+1","True Grit+1","Pommel Strike","Clothesline","Shockwave","Demon Form","Spot Weakness","Bloodletting+1","Heavy Blade","Inflame+1","Limit Break","Clothesline+1","Burning Pact+1","Shrug It Off","Armaments+1","Power Through+1"],"relics":["Burning Blood","Sundial","Mango","Oddly Smooth Stone","Velvet Choker","Paper Frog","Bag of Preparation","Toy Ornithopter","Strawberry","Mark of Pain","Girya","Mercury Hourglass","Potion Belt","Red Mask"],"acts_visited":["Exordium","TheCity","TheBeyond"],"potions_floor_usage":[16,18,19,23,23,31,33,33,41,41,50,50],"damage_taken":[{"damage":8,"enemies":"Jaw Worm","floor":1,"turns":6},{"damage":7,"enemies":"Small Slimes","floor":2,"turns":4},{"damage":0,"enemies":"Cultist","floor":5,"turns":3},{"damage":12,"enemies":"Lagavulin","floor":7,"turns":7},{"damage":10,"enemies":"Exordium Wildlife","floor":10,"turns":4},{"damage":32,"enemies":"3 Sentries","floor":13,"turns":10},{"damage":0,"enemies":"Red Slaver","floor":14,"turns":4},{"damage":28,"enemies":"The Guardian","floor":16,"turns":13},{"damage":22,"enemies":"2 Thieves","floor":18,"turns":2},{"damage":0,"enemies":"3 Byrds","floor":19,"turns":6},{"damage":16,"enemies":"Snecko","floor":20,"turns":5},{"damage":76,"enemies":"Slavers","floor":23,"turns":6},{"damage":6,"enemies":"Snake Plant","floor":27,"turns":3},{"damage":16,"enemies":"Book of Stabbing","floor":30,"turns":4},{"damage":40,"enemies":"Sentry and Sphere","floor":31,"turns":7},{"damage":9,"enemies":"Automaton","floor":33,"turns":6},{"damage":56,"enemies":"3 Darklings","floor":35,"turns":5},{"damage":19,"enemies":"Mind Bloom Boss Battle","floor":38,"turns":5},{"damage":3,"enemies":"Orb Walker","floor":39,"turns":2},{"damage":27,"enemies":"Jaw Worm Horde","floor":41,"turns":4},{"damage":34,"enemies":"Transient","floor":46,"turns":5},{"damage":35,"enemies":"3 Darklings","floor":48,"turns":6},{"damage":38,"enemies":"Donu and Deca","floor":50,"turns":8}],"seed_played":"4981983305310250470","potions_obtained":[{"floor":2,"key":"Dexterity Potion"},{"floor":7,"key":"FearPotion"},{"floor":10,"key":"SmokeBomb"},{"floor":16,"key":"ColorlessPotion"},{"floor":20,"key":"Strength Potion"},{"floor":27,"key":"Weak Potion"},{"floor":30,"key":"Dexterity Potion"},{"floor":33,"key":"EssenceOfSteel"},{"floor":39,"key":"Explosive Potion"},{"floor":41,"key":"Weak Potion"},{"floor":46,"key":"BlessingOfTheForge"}],"is_trial":false,"path_per_floor":["M","M","?","?","M","R","E","R","T","M","?","R","E","M","R","B",null,"M","M","M","$","?","E","R","$","T","M","R","$","E","M","R","B",null,"M","$","?","?","M","R","M","T","T","$","R","M","?","M","R","B",null],"character_chosen":"IRONCLAD","items_purchased":["Paper Frog","PowerPotion","Strength Potion","Shrug It Off"],"campfire_rested":7,"item_purchase_floors":[21,21,25,44],"current_hp_per_floor":[78,77,82,65,71,71,65,65,79,75,75,75,49,55,84,62,99,83,89,79,79,79,9,38,38,38,38,67,67,64,35,66,73,106,56,56,56,43,46,77,66,66,66,66,97,69,69,40,71,49],"gold":15,"neow_bonus":"REMOVE_CARD","is_daily":false,"chose_seed":false,"campfire_upgraded":3,"win_rate":0.0,"timestamp":1611107517,"path_taken":["M","M","?","?","M","R","E","R","T","M","?","R","E","M","R","BOSS","M","?","M","$","?","E","R","?","T","M","R","$","E","M","R","BOSS","M","$","?","?","M","R","M","?","T","?","R","?","?","M","R","BOSS"],"items_purchased_type":["Relic","Potion","Potion","Card"],"build_version":"2020-12-22","purchased_purges":4,"victory":true,"max_hp_per_floor":[80,80,85,85,85,85,85,85,99,99,99,99,99,99,99,99,99,99,99,99,99,99,99,99,99,99,99,99,99,106,106,106,106,106,106,106,106,106,106,106,106,106,106,106,106,106,106,106,106,106],"card_choices":[{"not_picked":["Sword Boomerang","Sever Soul"],"picked":"Anger","floor":1},{"not_picked":["Headbutt","Flex"],"picked":"Disarm","floor":2},{"not_picked":["Headbutt","Warcry"],"picked":"Armaments","floor":5},{"not_picked":["Rampage","Cleave"],"picked":"True Grit","floor":7},{"not_picked":["Shrug It Off","Havoc"],"picked":"Pommel Strike","floor":10},{"not_picked":["Entrench","Flame Barrier"],"picked":"Clothesline","floor":13},{"not_picked":["Shrug It Off","Battle Trance"],"picked":"Shockwave","floor":14},{"not_picked":["Corruption","Bludgeon"],"picked":"Demon Form","floor":16},{"not_picked":["Dual Wield","Hemokinesis"],"picked":"Spot Weakness","floor":19},{"not_picked":["Carnage+1","Headbutt"],"picked":"Bloodletting+1","floor":20},{"not_picked":["Whirlwind","Pommel Strike","Perfected Strike"],"picked":"SKIP","floor":23},{"not_picked":["Clothesline","Seeing Red+1"],"picked":"Inflame+1","floor":27},{"not_picked":["Dark Embrace","Body Slam+1","Shrug It Off"],"picked":"SKIP","floor":30},{"not_picked":["Pommel Strike","Body Slam+1","Sever Soul"],"picked":"SKIP","floor":31},{"not_picked":["Immolate","Barricade"],"picked":"Limit Break","floor":33},{"not_picked":["Evolve","Pummel","Headbutt"],"picked":"SKIP","floor":35},{"not_picked":["Warcry","Perfected Strike+1"],"picked":"Clothesline+1","floor":38},{"not_picked":["Brutality","Hemokinesis+1"],"picked":"Burning Pact+1","floor":39},{"not_picked":["Rage","Sword Boomerang+1","Clash+1"],"picked":"SKIP","floor":41},{"not_picked":["Searing Blow","Entrench+1"],"picked":"Armaments+1","floor":46},{"not_picked":["Headbutt+1","Twin Strike"],"picked":"Power Through+1","floor":48}],"player_experience":633998,"relics_obtained":[{"floor":7,"key":"Sundial"},{"floor":9,"key":"Mango"},{"floor":13,"key":"Oddly Smooth Stone"},{"floor":23,"key":"Bag of Preparation"},{"floor":26,"key":"Toy Ornithopter"},{"floor":30,"key":"Strawberry"},{"floor":38,"key":"Girya"},{"floor":42,"key":"Mercury Hourglass"},{"floor":43,"key":"Potion Belt"}],"event_choices":[{"damage_healed":0,"gold_gain":0,"player_choice":"Donut","damage_taken":0,"max_hp_gain":5,"max_hp_loss":0,"event_name":"Big Fish","floor":3,"gold_loss":0},{"damage_healed":0,"gold_gain":0,"player_choice":"Entered Light","damage_taken":17,"max_hp_gain":0,"max_hp_loss":0,"event_name":"Shining Light","floor":4,"gold_loss":0,"cards_upgraded":["Anger","Bash"]},{"damage_healed":0,"gold_gain":100,"player_choice":"Pray","damage_taken":0,"max_hp_gain":0,"max_hp_loss":0,"event_name":"Golden Shrine","floor":11,"gold_loss":0},{"damage_healed":0,"gold_gain":0,"player_choice":"Read","damage_taken":0,"max_hp_gain":0,"max_hp_loss":0,"event_name":"The Library","floor":22,"gold_loss":0,"cards_obtained":["Heavy Blade"]},{"cards_removed":["Strike_R"],"damage_healed":0,"gold_gain":0,"player_choice":"Removed Attack","damage_taken":0,"max_hp_gain":0,"max_hp_loss":0,"event_name":"Falling","floor":37,"gold_loss":0},{"damage_healed":0,"gold_gain":0,"player_choice":"Fight","damage_taken":0,"max_hp_gain":0,"max_hp_loss":0,"event_name":"MindBloom","floor":38,"gold_loss":0},{"damage_healed":0,"gold_gain":0,"player_choice":"Paid","damage_taken":0,"relics_obtained":["Red Mask"],"max_hp_gain":0,"max_hp_loss":0,"event_name":"Tomb of Lord Red Mask","floor":47,"gold_loss":30}],"is_beta":false,"boss_relics":[{"not_picked":["Busted Crown","Ectoplasm"],"picked":"Velvet Choker"},{"not_picked":["Philosopher\u0027s Stone","Black Blood"],"picked":"Mark of Pain"}],"items_purged_floors":[21,29,36,44],"is_endless":false,"potions_floor_spawned":[2,7,10,16,20,27,30,33,39,41,46],"ascension_level":2}}