{"host":"9pqy5lt7vda52ebm","time":1611157060,"event":{"mods":["BaseMod","Downfall","Minty Spire (QoL Compilation)","Optimize The Spire","Quick Restart","StSLib"],"gold_per_floor":[99,114,114,130,130,164,189,89,106,106,171,171,321,335,353,353,353,353],"floor_reached":16,"language":"ENG","playtime":2179,"items_purged":[],"score":125,"play_id":"108cc1a3-935a-4bee-9372-4fcbcb4ec90f","local_time":"20210120103740","is_ascension_mode":false,"campfire_choices":[{"floor":1.0,"key":"RECALL"},{"floor":8.0,"key":"REST"},{"floor":12,"key":"REST"}],"circlet_count":0,"master_deck":["Guardian:Strike_Guardian","Guardian:Strike_Guardian","Guardian:Strike_Guardian","Guardian:Strike_Guardian","Guardian:Defend_Guardian","Guardian:Defend_Guardian","Guardian:Defend_Guardian","Guardian:Defend_Guardian","Guardian:CurlUp","Guardian:TwinSlam","Guardian:StasisStrike","Guardian:Suspension","Guardian:Incinerate","Guardian:WalkerClaw","downfall:Icky","Guardian:Gem_Orange","Guardian:Gem_Cyan"],"relics":["Guardian:ModeShifter","Guardian:PickAxe","Letter Opener","Dream Catcher","downfall:HeartBlessingRed","Kunai","Darkstone Periapt"],"acts_visited":["Exordium"],"potions_floor_usage":[],"damage_taken":[{"damage":12.0,"enemies":"Small Slimes","floor":2.0,"turns":4.0},{"damage":5.0,"enemies":"2 Louse","floor":4.0,"turns":4.0},{"damage":24.0,"enemies":"2 Louse","floor":5.0,"turns":6.0},{"damage":48.0,"enemies":"Lagavulin","floor":6.0,"turns":14.0},{"damage":2.0,"enemies":"Jaw Worm","floor":9.0,"turns":4.0},{"damage":20.0,"enemies":"Lagavulin Event","floor":11.0,"turns":6.0},{"damage":8,"enemies":"2 Fungi Beasts","floor":14,"turns":3},{"damage":12,"enemies":"Large Slime","floor":15,"turns":5},{"damage":22,"enemies":"WA_ARCHETYPE_RETAIN","floor":16,"turns":5}],"seed_played":"-4120468420987243508","potions_obtained":[{"floor":9.0,"key":"Weak Potion"},{"floor":14,"key":"Fire Potion"}],"is_trial":false,"path_per_floor":["R","M","?","M","?","E","T","R","M","?","?","R","?","M","M","B"],"character_chosen":"GUARDIAN","items_purchased":[],"campfire_rested":2,"item_purchase_floors":[],"current_hp_per_floor":[88,76,81,76,52,4,4,31,29,26,6,33,39,31,19,0,0,0],"gold":353,"neow_bonus":"TEN_PERCENT_HP_BONUS","is_daily":false,"chose_seed":false,"campfire_upgraded":0,"win_rate":0.0,"timestamp":1611157060,"path_taken":["R","M","?","M","?","E","T","R","M","?","?","R","?","M","M","BOSS"],"items_purchased_type":[],"build_version":"2020-12-22","purchased_purges":0,"victory":false,"max_hp_per_floor":[88,88,93,93,93,93,93,93,93,93,93,93,99,99,99,99,99,99],"card_choices":[{"not_picked":["Guardian:TemporalStrike","Guardian:PrimingBeam"],"picked":"Guardian:Gem_Green","floor":2.0},{"not_picked":["Guardian:DecasProtection","Guardian:TemporalStrike","Guardian:BodySlam"],"picked":"SKIP","floor":4.0},{"not_picked":["Guardian:WalkerClaw","Guardian:CrystalBeam"],"picked":"Guardian:StasisStrike","floor":6.0},{"not_picked":["Guardian:PiercingHide","Guardian:Gem_Fragmented"],"picked":"Guardian:Suspension","floor":8.0},{"not_picked":["Guardian:MultiBeam","Guardian:EvasiveProtocol"],"picked":"Guardian:Incinerate","floor":9.0},{"not_picked":["Guardian:Recover","Guardian:Preprogram"],"picked":"Guardian:Gem_Cyan","floor":11},{"not_picked":["Guardian:VentSteam","Guardian:Reroute"],"picked":"Guardian:WalkerClaw","floor":12},{"not_picked":["Guardian:Gem_Green","Guardian:Clone"],"picked":"Guardian:Gem_Orange","floor":14},{"not_picked":["Guardian:Gem_Green","Guardian:VentSteam"],"picked":"Guardian:Gem_Cyan","floor":15}],"player_experience":315065,"relics_obtained":[{"floor":6.0,"key":"Letter Opener"},{"floor":7.0,"key":"Dream Catcher"},{"floor":11,"key":"Darkstone Periapt"}],"event_choices":[{"damage_healed":0.0,"max_hp_gain":5.0,"max_hp_loss":0.0,"gold_gain":0.0,"event_name":"Big Fish","player_choice":"Donut","floor":3.0,"gold_loss":0.0,"damage_taken":0.0},{"damage_healed":0.0,"max_hp_gain":0.0,"max_hp_loss":0.0,"gold_gain":0.0,"event_name":"Scrap Ooze","player_choice":"Success","floor":10.0,"gold_loss":0.0,"damage_taken":3.0,"relics_obtained":["Kunai"]},{"damage_healed":0,"gold_gain":0,"player_choice":"Fled","damage_taken":0,"max_hp_gain":0,"max_hp_loss":0,"event_name":"Scrap Ooze","floor":11,"gold_loss":0}],"is_beta":false,"boss_relics":[],"items_purged_floors":[],"is_endless":false,"potions_floor_spawned":[5,9,14],"killed_by":"WA_ARCHETYPE_RETAIN","ascension_level":0}}