{"host":"fzku1ofsxv8lro8o","time":1611117227,"event":{"mods":["BaseMod","Colored Map","Downfall","Minty Spire (QoL Compilation)","Relic Stats","StSLib","everything is the same but u backflip on backflip"],"gold_per_floor":[99,99,99,99,99,132,155,155,67,67,67,67],"floor_reached":10,"language":"ENG","playtime":353,"items_purged":[],"score":63,"play_id":"e007eb4f-90a7-45ec-93db-ffa4e9f3127b","local_time":"20210120073347","is_ascension_mode":true,"campfire_choices":[{"floor":1,"key":"RECALL"}],"circlet_count":0,"master_deck":["bronze:Strike","bronze:Strike","bronze:Strike","bronze:Strike","bronze:Defend","bronze:Defend","bronze:Defend","bronze:Defend","bronze:Replicate","bronze:Goto","bronze:GetLatest","bronze:Branch","Pain","bronze:Format","bronze:ItsAFeature"],"relics":["bronze:BronzeCore","downfall:HeartsMalice","downfall:ShatteredFragment","StrikeDummy","WarpedTongs"],"acts_visited":["Exordium"],"potions_floor_usage":[],"damage_taken":[{"damage":0,"enemies":"Cultist","floor":2,"turns":1},{"damage":0,"enemies":"Jaw Worm","floor":3,"turns":1},{"damage":0,"enemies":"Small Slimes","floor":5,"turns":1},{"damage":35,"enemies":"Lagavulin","floor":6,"turns":6},{"damage":2,"enemies":"downfall:FleeingMerchant","floor":9,"turns":4},{"damage":12,"enemies":"Gremlin Nob","floor":10,"turns":2}],"seed_played":"8775244556116020614","potions_obtained":[],"is_trial":false,"path_per_floor":["R","M","M","?","M","E","T","?","$","E"],"character_chosen":"THE_AUTOMATON","items_purchased":["bronze:ItsAFeature"],"campfire_rested":0,"item_purchase_floors":[9],"current_hp_per_floor":[70,70,70,49,49,14,14,14,12,0,0,0],"gold":67,"neow_bonus":"THREE_ENEMY_KILL","is_daily":false,"chose_seed":false,"campfire_upgraded":0,"win_rate":0.0,"timestamp":1611117227,"path_taken":["R","M","?","?","M","E","T","?","$","E"],"items_purchased_type":["Card"],"build_version":"2020-12-22","purchased_purges":0,"victory":false,"max_hp_per_floor":[70,70,70,70,70,70,70,70,70,70,70,70],"relic_stats":{"counters":[6,12],"obtain_stats":[{"bronze:BronzeCore":0,"downfall:ShatteredFragment":4,"downfall:HeartsMalice":0,"StrikeDummy":6,"WarpedTongs":8},{"bronze:BronzeCore":0,"downfall:ShatteredFragment":2,"downfall:HeartsMalice":0,"StrikeDummy":4,"WarpedTongs":4},{"bronze:BronzeCore":0,"downfall:ShatteredFragment":0,"downfall:HeartsMalice":0,"StrikeDummy":6,"WarpedTongs":6}],"WarpedTongs":[6]},"card_choices":[{"not_picked":["bronze:Deprecate","bronze:Turbo"],"picked":"bronze:GetLatest","floor":2},{"not_picked":["bronze:BitShift","bronze:FineTuning","bronze:BronzeArmor"],"picked":"SKIP","floor":3},{"not_picked":["bronze:Overload","bronze:ForceShield","bronze:WildBeam"],"picked":"SKIP","floor":5},{"not_picked":["bronze:BitShift","bronze:Overheat"],"picked":"bronze:Branch","floor":6},{"not_picked":["bronze:FineTuning","bronze:BuggyMess"],"picked":"bronze:Format","floor":9}],"player_experience":882056,"relics_obtained":[{"floor":6,"key":"StrikeDummy"}],"event_choices":[],"is_beta":false,"boss_relics":[],"items_purged_floors":[],"is_endless":false,"potions_floor_spawned":[],"killed_by":"Gremlin Nob","ascension_level":1}}