{"host":"7qqg3hyzrz6apiso","time":1611162446,"event":{"mods":["AchievementEnabler","BaseMod","Better Debug","Colored Map","Colored Powertips","KOR Keyword Fix","Keyboard Shortcuts","Minty Spire (QoL Compilation)","Permanent Neow","Quick Restart","StSLib","SuperFastMode"],"gold_per_floor":[364,8,41,41,41,84,9,9,9,44,69,88,124,24,24,24,24],"floor_reached":16,"language":"KOR","playtime":539,"items_purged":["Doubt","Injury"],"score":143,"play_id":"634420f2-ed50-41e8-9af1-1fdb7baa6955","local_time":"20210121020726","is_ascension_mode":true,"campfire_choices":[{"floor":8,"key":"REST"},{"data":"Zap","floor":15,"key":"SMITH"}],"circlet_count":0,"master_deck":["Strike_B","Strike_B","Strike_B","Strike_B","Defend_B","Defend_B","Defend_B","Defend_B","Zap+1","Dualcast","Stack","Genetic Algorithm","HandOfGreed","Auto Shields","Skim","Ball Lightning","Gash","Beam Cell"],"relics":["Cracked Core","Golden Idol","Regal Pillow","Orichalcum","Boot","PreservedInsect"],"acts_visited":["Exordium"],"potions_floor_usage":[13,13,16],"damage_taken":[{"damage":3,"enemies":"Jaw Worm","floor":1,"turns":4},{"damage":1,"enemies":"2 Louse","floor":3,"turns":4},{"damage":44,"enemies":"3 Sentries","floor":6,"turns":10},{"damage":0,"enemies":"Cultist","floor":10,"turns":2},{"damage":4,"enemies":"Red Slaver","floor":11,"turns":3},{"damage":2,"enemies":"Blue Slaver","floor":12,"turns":4},{"damage":7,"enemies":"Gremlin Nob","floor":13,"turns":3},{"damage":46,"enemies":"Hexaghost","floor":16,"turns":9}],"seed_played":"5705139627366651829","potions_obtained":[{"floor":10,"key":"Fire Potion"},{"floor":12,"key":"Dexterity Potion"},{"floor":13,"key":"AttackPotion"}],"is_trial":false,"path_per_floor":["M","$","M","?","$","E","?","R","T","M","M","M","E","$","R","B"],"character_chosen":"DEFECT","items_purchased":["Genetic Algorithm","HandOfGreed","Auto Shields"],"campfire_rested":1,"item_purchase_floors":[2,2,2],"current_hp_per_floor":[65,65,64,64,64,20,20,57,57,57,53,51,44,44,44,0,0],"gold":24,"neow_bonus":"TWO_FIFTY_GOLD","is_daily":false,"chose_seed":false,"campfire_upgraded":1,"win_rate":0.0,"timestamp":1611162446,"path_taken":["M","$","M","?","$","E","?","R","T","?","M","M","E","?","R","BOSS"],"items_purchased_type":["Card","Card","Card"],"build_version":"2020-12-22","purchased_purges":2,"victory":false,"max_hp_per_floor":[75,75,75,75,75,75,75,75,75,75,75,75,75,75,75,75,75],"card_choices":[{"not_picked":["Steam Power","Sunder"],"picked":"Stack","floor":1},{"not_picked":["Hologram","Compile Driver"],"picked":"Skim","floor":3},{"not_picked":["Stack","Steam"],"picked":"Ball Lightning","floor":6},{"not_picked":["Tempest","Double Energy"],"picked":"Gash","floor":10},{"not_picked":["Static Discharge","Compile Driver"],"picked":"Beam Cell","floor":11},{"not_picked":["Sweeping Beam","Aggregate","Stack"],"picked":"SKIP","floor":12},{"not_picked":["Lockon","Sweeping Beam","Steam"],"picked":"SKIP","floor":13}],"player_experience":140282,"relics_obtained":[{"floor":6,"key":"Regal Pillow"},{"floor":9,"key":"Boot"},{"floor":13,"key":"PreservedInsect"}],"event_choices":[{"damage_healed":0,"gold_gain":0,"player_choice":"Take Wound","damage_taken":0,"relics_obtained":["Golden Idol"],"max_hp_gain":0,"max_hp_loss":0,"event_name":"Golden Idol","floor":4,"gold_loss":0,"cards_obtained":["Injury"]},{"damage_healed":0,"gold_gain":0,"player_choice":"Paid Gold","damage_taken":0,"relics_obtained":["Orichalcum"],"max_hp_gain":0,"max_hp_loss":0,"event_name":"WeMeetAgain","floor":7,"gold_loss":75}],"is_beta":false,"boss_relics":[],"items_purged_floors":[2,14],"is_endless":false,"potions_floor_spawned":[10,12,13],"killed_by":"Hexaghost","ascension_level":6}}