{"host":"eejrqhjknvwl59ep","time":1611183082,"event":{"mods":["AchievementEnabler","BaseMod","Defuse TimeMaze Blight","Hubris","Infinite Spire","Minty Spire (QoL Compilation)","StSLib"],"gold_per_floor":[115,215,231,242,242,276,309,309,385,385,396,236,263,297,297,402,402,420,470,670,469,469,502,528,528,528,557,557,557,557,557,557,654,654,667,667,451,451,171,171,198,227,227,227,255,34,34,34,34,34],"floor_reached":51,"language":"ENG","playtime":2248,"items_purged":["Conserve Battery"],"score":1082,"play_id":"a8ea7b1b-da9c-400f-92bf-fce22dc4c6ad","local_time":"20210120235122","daily_mods":["SealedDeck","Heirloom","Flight"],"is_ascension_mode":false,"campfire_choices":[{"data":"Fusion","floor":8,"key":"SMITH"},{"data":"Fusion","floor":10,"key":"SMITH"},{"data":"Defragment","floor":15,"key":"SMITH"},{"data":"Echo Form","floor":25,"key":"SMITH"},{"data":"Coolheaded","floor":28,"key":"SMITH"},{"data":"Reboot","floor":32,"key":"SMITH"},{"data":"Mayhem","floor":40,"key":"SMITH"},{"data":"Seek","floor":44,"key":"SMITH"},{"data":"Amplify","floor":49,"key":"SMITH"}],"circlet_count":0,"master_deck":["Fusion+1","Fusion+1","Cold Snap","Cold Snap","Cold Snap","Cold Snap","Coolheaded+1","Glacier","Glacier","Ball Lightning","Ball Lightning+1","Defragment+1","Finesse","Coolheaded","Echo Form+1","Ball Lightning","Static Discharge","Coolheaded","Blizzard+1","Ball Lightning","Reboot+1","Amplify+1","Loop","Mayhem+1","Madness","Madness","Panache","Panacea","Seek+1","Defragment+1","Storm"],"relics":["Burning Blood","FossilizedHelix","infinitespire:Cubic Diamond","Juzu Bracelet","Art of War","Pantograph","Gambling Chip","hubris:MysteriousPyramids","hubris:VirtuousBlindfold","Tiny House","hubris:BallOfYels","Du-Vu Doll","hubris:64BitClover","Matryoshka","TungstenRod","hubris:ScarierMask","hubris:DisguiseKit","Nunchaku","Regal Pillow","Lantern","Question Card","DataDisk","Bag of Marbles","Mercury Hourglass"],"acts_visited":["Exordium","TheCity","TheBeyond"],"potions_floor_usage":[16],"damage_taken":[{"damage":0,"enemies":"Jaw Worm","floor":1,"turns":4},{"damage":0,"enemies":"infinitespire:Voidling","floor":3,"turns":5},{"damage":0,"enemies":"Small Slimes","floor":4,"turns":3},{"damage":0,"enemies":"Lagavulin","floor":6,"turns":10},{"damage":0,"enemies":"Gremlin Nob","floor":7,"turns":5},{"damage":0,"enemies":"Blue Slaver","floor":11,"turns":5},{"damage":0,"enemies":"3 Sentries","floor":13,"turns":9},{"damage":0,"enemies":"Lagavulin","floor":14,"turns":7},{"damage":7,"enemies":"Hexaghost","floor":16,"turns":13},{"damage":0,"enemies":"Spheric Guardian","floor":18,"turns":4},{"damage":9,"enemies":"Gremlin Leader","floor":23,"turns":6},{"damage":16,"enemies":"Slavers","floor":24,"turns":6},{"damage":0,"enemies":"Book of Stabbing","floor":27,"turns":6},{"damage":0,"enemies":"Automaton","floor":33,"turns":8},{"damage":0,"enemies":"Orb Walker","floor":35,"turns":3},{"damage":30,"enemies":"Nemesis","floor":41,"turns":7},{"damage":10,"enemies":"Giant Head","floor":42,"turns":6},{"damage":16,"enemies":"Nemesis","floor":45,"turns":7},{"damage":26,"enemies":"Donu and Deca","floor":50,"turns":4}],"seed_played":"3334283629844292341","potions_obtained":[{"floor":3,"key":"BlessingOfTheForge"},{"floor":7,"key":"Block Potion"},{"floor":11,"key":"LiquidBronze"},{"floor":16,"key":"LiquidBronze"}],"is_trial":true,"path_per_floor":["M","?","M","M","?","E","E","R","T","R","M","$","E","E","R","B",null,"M","AVR","?","$","T","E","E","R","T","E","R","?","?","?","R","B",null,"M","?","$","?","$","R","E","E","T","R","E","$","T","?","R","B",null],"character_chosen":"DEFECT","items_purchased":["Defragment","Finesse","Static Discharge","Coolheaded","Loop","Mayhem","Panache","Panacea","Storm","DataDisk"],"campfire_rested":0,"item_purchase_floors":[12,12,21,21,37,37,39,39,46,46],"current_hp_per_floor":[75,75,75,75,75,75,75,75,75,75,75,75,75,75,75,74,75,75,80,80,80,80,77,67,67,67,73,73,73,73,73,73,80,80,80,80,80,71,71,71,47,43,43,43,33,33,33,33,33,38],"gold":34,"neow_bonus":"","is_daily":false,"chose_seed":false,"campfire_upgraded":9,"win_rate":0.0,"timestamp":1611183082,"path_taken":["M","?","?","?","?","E","E","R","T","R","M","$","E","E","R","BOSS","M","AVR","?","$","?","E","E","R","T","E","R","?","?","?","R","BOSS","M","?","?","?","?","R","E","E","T","R","E","$","?","?","R","BOSS"],"items_purchased_type":["Card","Card","Card","Card","Card","Card","Card","Card","Card","Relic"],"build_version":"2020-12-22","purchased_purges":1,"victory":true,"max_hp_per_floor":[75,75,75,75,75,75,75,75,75,75,75,75,75,75,75,75,75,75,80,80,80,80,80,80,80,80,80,80,80,80,80,80,80,80,80,80,80,80,80,80,80,80,80,80,80,80,80,80,80,80],"card_choices":[{"not_picked":["Lockon","Melter","Compile Driver"],"picked":"SKIP","floor":1},{"not_picked":["Compile Driver","Conserve Battery"],"picked":"Ball Lightning","floor":3},{"not_picked":["Gash","Compile Driver","Steam"],"picked":"SKIP","floor":4},{"not_picked":["Hello World","Double Energy","Rebound"],"picked":"SKIP","floor":6},{"not_picked":["BootSequence","White Noise","Turbo"],"picked":"SKIP","floor":7},{"not_picked":["Go for the Eyes","Double Energy"],"picked":"Ball Lightning","floor":11},{"not_picked":["Hologram","Genetic Algorithm"],"picked":"Coolheaded","floor":13},{"not_picked":["Meteor Strike","Stack","Streamline"],"picked":"SKIP","floor":14},{"not_picked":["Seek","Fission"],"picked":"Echo Form","floor":16},{"not_picked":["Conserve Battery","Sweeping Beam","Fusion+1"],"picked":"SKIP","floor":18},{"not_picked":["Steam","Redo"],"picked":"Ball Lightning","floor":19},{"not_picked":["Leap+1","Steam+1"],"picked":"Blizzard+1","floor":23},{"not_picked":["All For One","Turbo"],"picked":"Ball Lightning","floor":24},{"not_picked":["Barrage","Streamline","Conserve Battery"],"picked":"SKIP","floor":27},{"not_picked":["Reboot","hubris:Prefetch"],"picked":"Amplify","floor":33},{"not_picked":["Steam+1","Steam Power+1","Self Repair"],"picked":"SKIP","floor":35},{"not_picked":["Barrage","Beam Cell","Hologram+1"],"picked":"SKIP","floor":41},{"not_picked":["Darkness","Gash","BattleHymn"],"picked":"Seek","floor":42},{"not_picked":["Force Field+1","Darkness+1","FollowUp"],"picked":"Defragment+1","floor":45}],"player_experience":252904,"relics_obtained":[{"floor":6,"key":"Juzu Bracelet"},{"floor":7,"key":"Art of War"},{"floor":9,"key":"Pantograph"},{"floor":13,"key":"Gambling Chip"},{"floor":14,"key":"hubris:MysteriousPyramids"},{"floor":22,"key":"hubris:BallOfYels"},{"floor":23,"key":"Du-Vu Doll"},{"floor":24,"key":"hubris:64BitClover"},{"floor":26,"key":"Matryoshka"},{"floor":27,"key":"TungstenRod"},{"floor":41,"key":"hubris:DisguiseKit"},{"floor":42,"key":"Nunchaku"},{"floor":43,"key":"Regal Pillow"},{"floor":43,"key":"Lantern"},{"floor":45,"key":"Question Card"},{"floor":47,"key":"Bag of Marbles"},{"floor":47,"key":"Mercury Hourglass"}],"event_choices":[{"damage_healed":0,"gold_gain":100,"player_choice":"Pray","damage_taken":0,"max_hp_gain":0,"max_hp_loss":0,"event_name":"Golden Shrine","floor":2,"gold_loss":0},{"damage_healed":0,"gold_gain":200,"player_choice":"Gold","damage_taken":0,"max_hp_gain":0,"max_hp_loss":0,"event_name":"Wheel of Change","floor":20,"gold_loss":0},{"damage_healed":0,"gold_gain":0,"player_choice":"Got Potions","damage_taken":0,"max_hp_gain":0,"max_hp_loss":0,"event_name":"Lab","floor":30,"gold_loss":0},{"damage_healed":0,"gold_gain":0,"player_choice":"Ignored","damage_taken":0,"max_hp_gain":0,"max_hp_loss":0,"event_name":"NoteForYourself","floor":31,"gold_loss":0},{"damage_healed":0,"gold_gain":0,"player_choice":"Ignored","damage_taken":0,"max_hp_gain":0,"max_hp_loss":0,"event_name":"Transmorgrifier","floor":36,"gold_loss":0},{"damage_healed":0,"gold_gain":0,"player_choice":"Embrace Madness","damage_taken":10,"max_hp_gain":0,"max_hp_loss":0,"event_name":"Winding Halls","floor":38,"gold_loss":0,"cards_obtained":["Madness","Madness"]},{"damage_healed":0,"gold_gain":0,"player_choice":"Ignored","damage_taken":0,"max_hp_gain":0,"max_hp_loss":0,"event_name":"SecretPortal","floor":48,"gold_loss":0}],"is_beta":false,"boss_relics":[{"not_picked":["Fusion Hammer","hubris:RunicObelisk"],"picked":"hubris:VirtuousBlindfold"},{"not_picked":["Philosopher\u0027s Stone","Snecko Eye"],"picked":"hubris:ScarierMask"}],"items_purged_floors":[21],"is_endless":false,"potions_floor_spawned":[3,7,11,16,27,35,41,45],"ascension_level":0}}