{"host":"n605f8gctjc87d7h","time":1611183802,"event":{"mods":["Aspiration","Bard","BaseMod","Better Match","Better Note","Better Skull","Better Third Choice","Conspire","Halation","Hermit","Infinite Spire","Minty Spire (QoL Compilation)","Replay The Spire","Retaliation","Shade Mod","Spicy Shops","StS++","StSLib","The IronCluck"],"gold_per_floor":[111,111,93,93,114,114,114,130,130,130,154,174,174,197,197,321,321,334,334,334,294,294,294,294,294],"floor_reached":24,"language":"ENG","playtime":1392,"items_purged":[],"score":276,"play_id":"220c9801-87be-41d2-905a-a19108922ec1","local_time":"20210120150322","is_ascension_mode":true,"campfire_choices":[{"floor":6,"key":"REST"},{"data":"ReplayTheSpireMod:Scrap Shanks","floor":10,"key":"SMITH"},{"floor":13,"key":"REST"},{"data":"Tools of the Trade","floor":23,"key":"SMITH"}],"circlet_count":0,"master_deck":["AscendersBane","Strike_G","Strike_G","Strike_G","Strike_G","Strike_G","Defend_G+1","Defend_G","Defend_G+1","Defend_G","Defend_G","Survivor","Neutralize","ReplayTheSpireMod:Scrap Shanks+1","Midas Touch","Dagger Throw","StSpp:Throw","Finisher","ReplayTheSpireMod:The Works","Underhanded Strike","Tools of the Trade+1","conspire:DoublingDagger","Calculated Gamble"],"relics":["Ring of the Snake","aspiration:DSix","Golden Idol","Potion Belt","halation:YellowSoulGem"],"acts_visited":["Exordium","TheCity"],"potions_floor_usage":[11,12,14,24,24],"damage_taken":[{"damage":4,"enemies":"Small Slimes","floor":1,"turns":4},{"damage":2,"enemies":"2 Louse","floor":5,"turns":3},{"damage":0,"enemies":"conspire:RoseBush","floor":8,"turns":4},{"damage":17,"enemies":"conspire:2 RoseBushes","floor":11,"turns":8},{"damage":6,"enemies":"Exordium Thugs","floor":12,"turns":5},{"damage":0,"enemies":"Large Slime","floor":14,"turns":5},{"damage":41,"enemies":"Slime Boss","floor":16,"turns":11},{"damage":5,"enemies":"Shell Parasite","floor":18,"turns":7},{"damage":74,"enemies":"Slavers","floor":24,"turns":5}],"seed_played":"-1314832724449726449","potions_obtained":[{"floor":1,"key":"Adrenaline Potion"},{"floor":5,"key":"Swift Potion"},{"floor":8,"key":"Weak Potion"},{"floor":15,"key":"LiquidBronze"},{"floor":15,"key":"Venom Potion"}],"is_trial":false,"path_per_floor":["M","?","$","?","M","R","?","M","T","R","M","M","R","M","R","B",null,"M","?","?","$","?","R","E"],"character_chosen":"THE_SILENT","items_purchased":["Midas Touch","Calculated Gamble"],"campfire_rested":2,"item_purchase_floors":[3,21],"current_hp_per_floor":[59,45,45,28,26,47,68,68,68,68,51,45,66,66,66,25,59,54,70,70,70,70,70,0,0],"gold":294,"neow_bonus":"DSIX","is_daily":false,"chose_seed":false,"campfire_upgraded":2,"win_rate":0.0,"timestamp":1611183802,"path_taken":["M","?","$","?","M","R","?","M","T","R","?","M","R","M","R","BOSS","M","?","?","$","?","R","E"],"items_purchased_type":["Card","Card"],"build_version":"2020-12-22","purchased_purges":0,"victory":false,"max_hp_per_floor":[70,70,70,70,70,70,70,70,70,70,70,70,70,70,70,70,70,70,70,70,70,70,70,70,70],"card_choices":[{"not_picked":["Acrobatics","Dagger Throw"],"picked":"ReplayTheSpireMod:Scrap Shanks","floor":1},{"not_picked":["StSpp:Anticipation","Infinite Blades"],"picked":"Dagger Throw","floor":5},{"not_picked":["Deflect","Hidden Blade"],"picked":"StSpp:Throw","floor":8},{"not_picked":["StSpp:Throw","StSpp:PoisonousPunch"],"picked":"Finisher","floor":11},{"not_picked":["StSpp:Dive","Outmaneuver"],"picked":"ReplayTheSpireMod:The Works","floor":12},{"not_picked":["PiercingWail","Caltrops"],"picked":"Underhanded Strike","floor":14},{"not_picked":["Malaise","Storm of Steel"],"picked":"Tools of the Trade","floor":16},{"not_picked":["Hidden Blade","ReplayTheSpireMod:Tripwire"],"picked":"conspire:DoublingDagger","floor":18}],"player_experience":621851,"relics_obtained":[],"event_choices":[{"damage_healed":59,"gold_gain":0,"player_choice":"Upgrade","damage_taken":14,"max_hp_gain":0,"max_hp_loss":70,"event_name":"betterThird:BetterShining","floor":2,"gold_loss":0,"cards_upgraded":["Defend_G","Defend_G"]},{"damage_healed":0,"gold_gain":0,"player_choice":"Take Damage","damage_taken":17,"relics_obtained":["Golden Idol"],"max_hp_gain":0,"max_hp_loss":0,"event_name":"Golden Idol","floor":4,"gold_loss":0},{"damage_healed":23,"gold_gain":0,"player_choice":"Heal","damage_taken":0,"max_hp_gain":0,"max_hp_loss":0,"event_name":"The Library","floor":19,"gold_loss":0}],"is_beta":false,"boss_relics":[{"not_picked":["Abe\u0027s Treasure","Cursed Key","StSpp:Balance"]}],"items_purged_floors":[],"is_endless":false,"potions_floor_spawned":[1,5,8],"killed_by":"Slavers","ascension_level":10}}