{"host":"8a3jzv7qxg3y7b6t","time":1611107350,"event":{"mods":["BaseMod","Better Third Choice","Downfall","Hermit","Minty Spire (QoL Compilation)","Relic Stats","StSLib","The Bug Knight","The Cursed"],"gold_per_floor":[112,112,112,137,137,137,137,137],"floor_reached":7,"language":"ENG","playtime":440,"items_purged":[],"score":43,"play_id":"266c5613-66c2-4524-b3be-9622b481a4c6","local_time":"20210119174910","is_ascension_mode":true,"campfire_choices":[{"floor":6,"key":"RECALL"}],"circlet_count":0,"master_deck":["Strike_G","Strike_G","Strike_G","Strike_G","Strike_G","Defend_G","Defend_G","Defend_G","Defend_G","Defend_G","Survivor","Neutralize","Blade Dance","Burn","Injury","Endless Agony+1"],"relics":["Black Star","Golden Idol"],"acts_visited":["Exordium"],"potions_floor_usage":[],"damage_taken":[{"damage":2,"enemies":"2 Louse","floor":1,"turns":4},{"damage":0,"enemies":"Small Slimes","floor":4,"turns":4},{"damage":77,"enemies":"HollowMod:MossKnight","floor":7,"turns":18}],"seed_played":"-7511286789087014817","potions_obtained":[],"is_trial":false,"path_per_floor":["M","?","?","M","?","R","E"],"character_chosen":"THE_SILENT","items_purchased":[],"campfire_rested":0,"item_purchase_floors":[],"current_hp_per_floor":[68,68,68,68,68,68,0,0],"gold":137,"neow_bonus":"BOSS_RELIC","is_daily":false,"chose_seed":false,"campfire_upgraded":0,"win_rate":0.0,"timestamp":1611107350,"path_taken":["M","?","?","M","?","R","E"],"items_purchased_type":[],"build_version":"2020-12-22","purchased_purges":0,"victory":false,"max_hp_per_floor":[70,70,70,70,70,70,70,70],"relic_stats":{"counters":[3,26],"Golden Idol":5,"Black Star":0,"obtain_stats":[{"Golden Idol":3,"Black Star":0,"Ring of the Snake":0},{"Golden Idol":1,"Black Star":0,"Ring of the Snake":0},{"Golden Idol":4,"Black Star":0,"Ring of the Snake":0}]},"card_choices":[{"not_picked":["Bouncing Flask","Crippling Poison"],"picked":"Blade Dance","floor":1},{"not_picked":["All Out Attack","Outmaneuver"],"picked":"Endless Agony","floor":4}],"player_experience":621962,"relics_obtained":[],"event_choices":[{"damage_healed":68,"gold_gain":0,"player_choice":"Embrace Burn","damage_taken":0,"max_hp_gain":0,"max_hp_loss":70,"event_name":"betterThird:BetterShining","floor":2,"gold_loss":0},{"damage_healed":0,"gold_gain":0,"player_choice":"Take Wound","damage_taken":0,"relics_obtained":["Golden Idol"],"max_hp_gain":0,"max_hp_loss":0,"event_name":"Golden Idol","floor":3,"gold_loss":0,"cards_obtained":["Injury"]},{"damage_healed":0,"gold_gain":0,"player_choice":"Grow","damage_taken":0,"max_hp_gain":0,"max_hp_loss":0,"event_name":"Living Wall","floor":5,"gold_loss":0,"cards_upgraded":["Endless Agony"]}],"is_beta":false,"boss_relics":[],"items_purged_floors":[],"is_endless":false,"potions_floor_spawned":[],"killed_by":"HollowMod:MossKnight","ascension_level":2}}