{"host":"ishme5wb80o83upk","time":1611175969,"event":{"mods":["BaseMod","Minty Spire (QoL Compilation)","StSLib","The Runesmith"],"gold_per_floor":[117,130,130,140,6,6,35,35,35,48,48,75,75,115,115,198,252,272,292,30,30,80,80,80,80],"floor_reached":24,"language":"KOR","playtime":834,"items_purged":["Runesmith:Strike_RS","Runesmith:ShiftingStrike"],"score":403,"play_id":"c9455204-17e4-4c95-8ef1-6cd1fcc9b905","local_time":"20210121055249","is_ascension_mode":true,"campfire_choices":[{"data":"Runesmith:Reinforce","floor":6.0,"key":"SMITH"},{"data":"Runesmith:HammerThrow","floor":11.0,"key":"SMITH"},{"data":"Runesmith:ChargedHammer","floor":15.0,"key":"SMITH"},{"data":"Runesmith:Reinforce","floor":23.0,"key":"SMITH"}],"circlet_count":0,"master_deck":["AscendersBane","Runesmith:CraftFirestone","Runesmith:Fortify","Runesmith:FissionHammer","Runesmith:UnstableHammer","Runesmith:Reinforce+1","Runesmith:HammerThrow+1","Runesmith:EarthShield","Runesmith:Firewall","Runesmith:ChargedHammer+1","Runesmith:CraftIndustria","Runesmith:LastStand","Runesmith:Refine","Runesmith:GenerateForcefield","Runesmith:ElementalConversion","Runesmith:Reinforce+1","Runesmith:Grindstone"],"relics":["Runesmith:BrokenRuby","Frozen Egg 2","Bronze Scales","CeramicFish","Vajra","Pandora\u0027s Box","OrangePellets"],"acts_visited":["Exordium","TheCity"],"potions_floor_usage":[24,24],"damage_taken":[{"damage":0.0,"enemies":"Cultist","floor":1.0,"turns":3.0},{"damage":6.0,"enemies":"Small Slimes","floor":2.0,"turns":3.0},{"damage":0.0,"enemies":"2 Louse","floor":4.0,"turns":3.0},{"damage":12.0,"enemies":"3 Sentries","floor":7.0,"turns":6.0},{"damage":0.0,"enemies":"Exordium Wildlife","floor":10.0,"turns":3.0},{"damage":1.0,"enemies":"Lagavulin","floor":12.0,"turns":4.0},{"damage":8.0,"enemies":"Gremlin Nob","floor":14.0,"turns":3.0},{"damage":13.0,"enemies":"Hexaghost","floor":16.0,"turns":9.0},{"damage":0.0,"enemies":"Spheric Guardian","floor":18.0,"turns":3.0},{"damage":0.0,"enemies":"Chosen","floor":19.0,"turns":5.0},{"damage":37,"enemies":"Slavers","floor":24,"turns":3}],"seed_played":"-562466852512596474","potions_obtained":[{"floor":2.0,"key":"GamblersBrew"},{"floor":3.0,"key":"FearPotion"},{"floor":18.0,"key":"CultistPotion"}],"is_trial":false,"path_per_floor":["M","M","?","M","$","R","E","$","T","M","R","E","?","E","R","B",null,"M","M","$","?","?","R","E"],"character_chosen":"RUNESMITH_CLASS","items_purchased":["Runesmith:EarthShield","OrangePellets"],"campfire_rested":0,"item_purchase_floors":[5,20],"current_hp_per_floor":[59,53,53,53,53,53,41,41,41,41,41,40,40,32,32,19,54,54,54,54,54,54,54,17,17],"gold":80,"neow_bonus":"TRANSFORM_CARD","is_daily":false,"chose_seed":false,"campfire_upgraded":4,"win_rate":0.0,"timestamp":1611175969,"path_taken":["M","M","?","M","$","R","E","?","T","M","R","E","?","E","R","BOSS","M","M","$","?","?","R","E"],"items_purchased_type":["Card","Relic"],"build_version":"2020-12-22","purchased_purges":2,"victory":false,"max_hp_per_floor":[66,66,66,66,66,66,66,66,66,66,66,66,66,66,66,66,66,66,66,66,66,66,66,66,66],"card_choices":[{"not_picked":["Runesmith:StaticCage","Runesmith:Overpower"],"picked":"Runesmith:UnstableHammer","floor":1.0},{"not_picked":["Runesmith:Repurpose","Runesmith:ShiftingStrike"],"picked":"Runesmith:Reinforce","floor":2.0},{"not_picked":["Runesmith:StaticCage","Runesmith:Repurpose"],"picked":"Runesmith:HammerThrow","floor":4.0},{"not_picked":["Runesmith:CraftIncendium","Runesmith:Repurpose","Runesmith:EarthShield"],"picked":"SKIP","floor":7.0},{"not_picked":["Runesmith:BackupBattery","Runesmith:GrandSlam"],"picked":"Runesmith:Firewall","floor":10.0},{"not_picked":["Runesmith:Attraction","Runesmith:ElementalConversion","Runesmith:StaticCage"],"picked":"SKIP","floor":12.0},{"not_picked":["Runesmith:GenerateForcefield","Runesmith:HeatExchange"],"picked":"Runesmith:ChargedHammer","floor":14.0},{"not_picked":["Runesmith:CraftMedicinae","Runesmith:GenerateForcefield"],"picked":"Runesmith:CraftIndustria","floor":16.0},{"not_picked":["Runesmith:BackupBattery","Runesmith:Refine","Runesmith:PerfectChisel"],"picked":"SKIP","floor":18.0},{"not_picked":["Runesmith:StaticCage","Runesmith:Overpower"],"picked":"Runesmith:Grindstone","floor":19.0}],"player_experience":1161366,"relics_obtained":[{"floor":7.0,"key":"Frozen Egg 2"},{"floor":9.0,"key":"Bronze Scales"},{"floor":12.0,"key":"CeramicFish"},{"floor":14.0,"key":"Vajra"}],"event_choices":[{"damage_healed":0.0,"max_hp_gain":0.0,"max_hp_loss":0.0,"gold_gain":0.0,"event_name":"Lab","player_choice":"Got Potions","floor":3.0,"gold_loss":0.0,"damage_taken":0.0},{"damage_healed":0.0,"max_hp_gain":0.0,"max_hp_loss":0.0,"gold_gain":0.0,"event_name":"Liars Game","player_choice":"Ignored","floor":13.0,"gold_loss":0.0,"damage_taken":0.0},{"damage_healed":0.0,"max_hp_gain":0.0,"max_hp_loss":0.0,"gold_gain":0.0,"event_name":"Vampires","player_choice":"Ignored","floor":21.0,"gold_loss":0.0,"damage_taken":0.0},{"damage_healed":0.0,"max_hp_gain":0.0,"max_hp_loss":0.0,"gold_gain":50.0,"event_name":"Nest","player_choice":"Stole From Cult","floor":22.0,"gold_loss":0.0,"damage_taken":0.0}],"is_beta":false,"boss_relics":[{"not_picked":["SlaversCollar","Runesmith:PocketReactor"],"picked":"Pandora\u0027s Box"}],"items_purged_floors":[5,20],"is_endless":false,"potions_floor_spawned":[2,4,18],"killed_by":"Slavers","ascension_level":18}}