{"host":"ilrepnd391jk07a9","time":1611145725,"event":{"mods":["Aspiration","BaseMod","Better Altar","Better Note","Better Skull","Better Third Choice","BetterRewards","Colored Powertips","Defuse TimeMaze Blight","GifTheSpireLib","Gremlin Skip","Halation","Highlight Path","Hubris","Infinite Spire","Minty Spire (QoL Compilation)","Quick Restart","Relic Stats","Replay The Spire","StSLib","Stuff the Spire","everything is the same but u backflip on backflip","vexMod"],"gold_per_floor":[114,114,114,61,61,93,42,42,42,54,54,0,0,11,11,83,83,99,111,129,79,90,120,140,166,193,219,233,233,233,233,233,312,312,331,331,331,331,342,373,389,389,389,403,403,403,403,403,431,431,431,431,431],"floor_reached":54,"language":"ENG","playtime":3827,"items_purged":["Strike_G"],"score":2877,"play_id":"2c5d6fec-0f09-4dce-8944-24ac69031e82","local_time":"20210121012845","is_ascension_mode":true,"campfire_choices":[{"floor":8.0,"key":"REST"},{"data":"Pot Of Greed","floor":15.0,"key":"SMITH"},{"data":"Pot Of Greed","floor":29,"key":"SMITH"},{"floor":32,"key":"REST"},{"floor":42,"key":"REST"},{"floor":47,"key":"REST"},{"data":"A Thousand Cuts","floor":51,"key":"SMITH"}],"circlet_count":0,"master_deck":["AscendersBane","Strike_G","Strike_G","Strike_G","Defend_G","Defend_G","Defend_G+1","Defend_G","Defend_G","Survivor","Neutralize","ReplayTheSpireMod:Scrap Shanks","ReplayTheSpireMod:Scrap Shanks","After Image","hubris:SlightOfHand","Accuracy+1","Concentrate","Dash","Die Die Die+1","Backflip+1","Pot Of Greed+1","Pot Of Greed+1","Blade Dance","Hidden Blade","StuffTheSpire:Shiver","Phantasmal Killer","Pot Of Greed+1","CurseOfTheBell","PiercingWail+1","Sneak Up+1","hubris:Sniper+1","Blade Dance+1","Terror+1","Acrobatics+1","J.A.X.+1","A Thousand Cuts+1","Heel Hook","hubris:Sniper+1","Eviscerate","Pot Of Greed+1","Voices"],"relics":["Ring of the Snake","hubris:TenFootPole","aspiration:DSix","Lizard Tail","hubris:OldNail","Basket Of Snakes","Pondfish Scales","ClockworkSouvenir","OrangePellets","halation:LettersToHer","Grinning Jar","Tough Bandages","Gremlin Food","Calling Bell","Toxic Egg 2","Ancient Tea Set","Replay:Towering Pillar of Hats","ReplayTheSpireMod:TigerMarble","halation:Pancakes","StuffTheSpire:EmeraldSignet","halation:SelfBoilingWater","infinitespire:EmpoweringShard","Cursed Key","HoveringKite","hubris:FruitBowl","hubris:Reverence","infinitespire:Satchel","infinitespire:PuzzleCube","hubris:Icosahedron"],"acts_visited":["Exordium","TheCity","TheBeyond"],"potions_floor_usage":[23,25,40,52],"damage_taken":[{"damage":2.0,"enemies":"Jaw Worm","floor":1.0,"turns":6.0},{"damage":16.0,"enemies":"Replay:BlueRogue","floor":6.0,"turns":4.0},{"damage":0.0,"enemies":"Small Slimes","floor":10.0,"turns":3.0},{"damage":0.0,"enemies":"2 Louse","floor":14.0,"turns":3.0},{"damage":14.0,"enemies":"Hexaghost","floor":16.0,"turns":10.0},{"damage":0.0,"enemies":"Chosen","floor":18.0,"turns":4.0},{"damage":4.0,"enemies":"2 Thieves","floor":19.0,"turns":3.0},{"damage":1.0,"enemies":"3 Cultists","floor":20.0,"turns":3.0},{"damage":0.0,"enemies":"Snake Plant","floor":22.0,"turns":4.0},{"damage":18,"enemies":"Slavers","floor":23,"turns":8},{"damage":0,"enemies":"Snecko","floor":24,"turns":4},{"damage":29,"enemies":"Gremlin Leader","floor":25,"turns":4},{"damage":0,"enemies":"Book of Stabbing","floor":27,"turns":2},{"damage":0,"enemies":"Centurion and Healer","floor":28,"turns":2},{"damage":0,"enemies":"Collector","floor":33,"turns":4},{"damage":0,"enemies":"3 Darklings","floor":35,"turns":3},{"damage":0,"enemies":"Orb Walker","floor":39,"turns":2},{"damage":0,"enemies":"Reptomancer","floor":40,"turns":3},{"damage":34,"enemies":"3 Darklings","floor":41,"turns":5},{"damage":53,"enemies":"Transient","floor":44,"turns":6},{"damage":0,"enemies":"Nemesis","floor":49,"turns":3},{"damage":46,"enemies":"Awakened One","floor":52,"turns":7},{"damage":1,"enemies":"infinitespire:MassOfShapes","floor":53,"turns":4}],"seed_played":"1294755663732311024","potions_obtained":[{"floor":6.0,"key":"SkillPotion"},{"floor":14.0,"key":"Weak Potion"},{"floor":16.0,"key":"FearPotion"},{"floor":18.0,"key":"SteroidPotion"},{"floor":20.0,"key":"SkillPotion"},{"floor":23,"key":"ColorlessPotion"},{"floor":25,"key":"Adrenaline Potion"},{"floor":41,"key":"LiquidBronze"},{"floor":44,"key":"DuplicationPotion"}],"is_trial":false,"path_per_floor":["M","?","?","$","$","E","$","R","T","M","?","?","?","M","R","B",null,"M","M","M","?","M","E","M","E","T","E","M","R","?","T","R","B",null,"M","?","AVR","$","M","E","M","R","T","M","PTL","PTL","R","?","E","?","R","B","B",null],"character_chosen":"THE_SILENT","items_purchased":["ReplayTheSpireMod:Scrap Shanks","hubris:TenFootPole","aspiration:DSix","hubris:OldNail","ReplayTheSpireMod:Scrap Shanks","After Image","hubris:SlightOfHand","Accuracy","ClockworkSouvenir","OrangePellets","halation:LettersToHer","Concentrate","Backflip","Hidden Blade","hubris:FruitBowl"],"campfire_rested":4,"item_purchase_floors":[0,0,0,0,0,0,0,0,0,0,0,0,4,7,38],"current_hp_per_floor":[15,25,25,25,25,9,9,28,28,28,50,50,50,50,50,36,59,59,55,54,54,54,36,36,51,51,53,53,53,53,53,66,66,66,66,66,66,47,47,51,19,38,38,30,30,30,49,49,51,51,51,9,10],"gold":431,"neow_bonus":"","is_daily":false,"chose_seed":false,"campfire_upgraded":3,"win_rate":0.0,"timestamp":1611145725,"path_taken":["M","?","?","?","$","E","?","R","T","?","?","?","?","M","R","BOSS","M","M","?","?","?","E","M","E","T","E","M","R","?","?","R","BOSS","M","?","AVR","?","M","E","M","R","T","M","PTL","PTL","R","?","E","?","R","BOSS","BOSS"],"items_purchased_type":["Card","Relic","Relic","Relic","Card","Card","Card","Card","Relic","Relic","Relic","Card","Card","Card","Relic"],"build_version":"2020-12-22","purchased_purges":1,"victory":true,"max_hp_per_floor":[66,66,66,66,66,66,66,66,66,66,66,66,66,66,66,66,66,66,66,66,66,66,66,66,66,66,66,66,66,66,66,66,66,66,66,66,66,66,66,66,66,66,66,66,66,66,66,66,66,66,66,66,66],"relic_stats":{"OrangePellets":[51],"Lizard Tail":33,"Tough Bandages":[348],"counters":[239,895],"HoveringKite":[19],"Cursed Key":1,"obtain_stats":[{"Replay:Accelerometer":9,"StuffTheSpire:BottledEssence":0,"Blood Vial":97,"StuffTheSpire:SapphireSignet":0,"vexMod:InvisibilityCloak":107,"infinitespire:ShieldingShard":107,"hubris:AstralHammer":89,"Fusion Hammer":137,"halation:PromiseList":42,"aspiration:DSix":0,"Replay:Bottled Steam":9,"Runic Cube":123,"hubris:MobiusCoin":39,"Blue Candle":2,"Pen Nib":61,"infinitespire:Magic Flask":0,"StuffTheSpire:MayFlowers":31,"infinitespire:Broken Mirror":48,"infinitespire:Lychee Nut":116,"Snecko Eye":170,"StuffTheSpire:DullRazor":0,"vexMod:ImprovementManual":121,"Unceasing Top":37,"hubris:Reverence":83,"Regal Pillow":176,"Torii":148,"Singing Bowl":95,"King of Hearts":26,"StuffTheSpire:GrapeVine":59,"hubris:EmptyBottle":100,"Smiling Mask":93,"Ancient Tea Set":118,"Burning Blood":0,"Pet Ghost":103,"halation:Pancakes":25,"StuffTheSpire:Gunfinga":151,"infinitespire:Bottled Soul":43,"aspiration:AnachronicSnailShell":0,"Chemical X":74,"Replay:Bottled Eggs":11,"aspiration:FutureDiary":85,"InkBottle":114,"aspiration:ChemicalBlood":10,"Ring of the Snake":72,"Potion Belt":143,"NeowsBlessing":0,"hubris:64BitClover":0,"halation:BottledLove":7,"vexMod:BerryBomb":144,"PreservedInsect":0,"infinitespire:Lucky Rock":61,"Replay:Arrowhead":63,"StuffTheSpire:Mouthbags":127,"betterThird:SlimedRelic":108,"Art of War":167,"Durian":0,"Garlic":46,"halation:PinkSoulGem":3,"halation:Trompette":28,"hubris:BottledRain":113,"infinitespire:Midas Blood":117,"Ice Cream":37,"Calipers":36,"Gremlin Horn":50,"HoveringKite":37,"Centennial Puzzle":7,"halation:PrussianBluePaint":125,"Philosopher\u0027s Stone":17,"Prayer Wheel":0,"halation:KoshaPiece":152,"Girya":17,"hubris:Teleporter":126,"Replay:Grab Bag":17,"StuffTheSpire:ForceGauntlet":77,"hubris:FruitBowl":38,"hubris:HollowSoul":5,"Charon\u0027s Ashes":117,"vexMod:PaidLearning":55,"Du-Vu Doll":40,"hubris:Zylophone":0,"OrangePellets":0,"Onion Ring":122,"StuffTheSpire:PointBlank":48,"infinitespire:EmpoweringShard":0,"StuffTheSpire:OldFever":162,"Pocketwatch":8,"Black Blood":34,"aspiration:TomeofQuesting":59,"halation:WeightlessCrab":24,"Juzu Bracelet":87,"Empty Cage":34,"PrismaticShard":0,"aspiration:StickyExplosives_weak":5,"Tough Bandages":9,"hubris:Icosahedron":90,"Chameleon Ring":146,"StuffTheSpire:Nightcore":165,"halation:LettersToHer":0,"Runic Pyramid":156,"Guide Book":0,"halation:IllGainedPizza":75,"hubris:MedicalManual":42,"Replay:WaspNest":111,"Odd Mushroom":106,"Calling Bell":17,"Pondfish Scales":0,"infinitespire:Satchel":97,"halation:EternalFortune":19,"StuffTheSpire:CocoNut":177,"hubris:BundleOfHerbs":0,"infinitespire:Burning Sword":69,"Bag of Marbles":0,"Membership Card":159,"hubris:OldNail":0,"Golden Egg":18,"infinitespire:BottledMercury":47,"vexMod:MemoryStick":40,"StuffTheSpire:Barrel":97,"vexMod:TanglingVine":174,"halation:HeavySnake":178,"vexMod:CardConverter":0,"vexMod:EndlessSickness":86,"hubris:DeckOfHolding":57,"MealTicket":133,"infinitespire:Golems Mask":0,"vexMod:DeviousBotling":34,"Kunai":36,"Replay:Wax Seal":125,"Electric Blood":121,"hubris:TinFlute":18,"StuffTheSpire:NeowsTribute":98,"Pear":111,"halation:QuantumPhysicsTextbook":70,"hubris:SphereOfDissonance":13,"Replay:Ancient Bell":34,"SlaversCollar":1,"Runic Dome":7,"Ooze Armor":17,"halation:Jellyphish":36,"halation:PenCase":82,"Pandora\u0027s Box":34,"hubris:TenFootPole":63,"Kintsugi":69,"infinitespire:PuzzleCube":43,"Abe\u0027s Treasure":134,"infinitespire:Cupcake":138,"vexMod:BigBerry":17,"Lantern":62,"aspiration:Lifesprig":73,"hubris:Metronome":0,"halation:Sosunser":0,"Magic Flower":26,"StoneCalendar":6,"Painkiller Herb":169,"Blue Doll":56,"StuffTheSpire:EmeraldSignet":26,"Replay:Multitool":27,"Bag of Preparation":45,"Cursed Key":17,"Replay:Rubber Ducky":130,"StuffTheSpire:RunicConfusion":102,"Shovel":0,"halation:Toothbrush":35,"hubris:FunFungus":96,"WingedGreaves":8,"halation:PinkAlligatorPlush":52,"hubris:ChampionShield":14,"StuffTheSpire:RedRose":5,"hubris:GlazedTorus":0,"Self Forming Clay":34,"Basket Of Snakes":0,"StuffTheSpire:Expresso":0,"Thread and Needle":0,"infinitespire:Joker Card":42,"Omamori":0,"infinitespire:CheckeredPen":27,"halation:SelfBoilingWater":17,"MawBank":30,"Turnip":42,"Bottled Lightning":109,"halation:AfternoonTea":78,"Toy Ornithopter":125,"Vajra":172,"halation:Prosthetics":40,"Lizard Tail":62,"DollysMirror":39,"Strawberry":100,"halation:VictoryRuler":0,"Toxic Egg 2":0,"Replay:Blank Codex":71,"Happy Flower":66,"vexMod:ScavengeHelm":71,"aspiration:Nostalgia":72,"Dead Branch":27,"Astrolabe":52,"Oddly Smooth Stone":139,"vexMod:TimeEaterHat":0,"infinitespire:Beetle Shell":95,"Letter Opener":13,"aspiration:SeaSaltIceCream":0,"Replay:Kaleidoscope":0,"War Paint":113,"Question Card":38,"Replay:Baseball":0,"Shuriken":40,"Simple Rune":50,"StuffTheSpire:DarkSteelAnvil":120,"Molten Egg 2":128,"hubris:ToyBattleship":24,"ReplayTheSpireMod:TigerMarble":9,"Grinning Jar":79,"Meat on the Bone":29,"ReplayFunnel":50,"halation:PapillonHeart":45,"Replay:PocketPolymizer":41,"Snecko Heart":155,"Mango":0,"Incense Burner":0,"ClockworkSouvenir":0,"StuffTheSpire:Experiment12":125,"Frozen Eye":44,"Pantograph":54,"Gambling Chip":93,"Tiny Chest":27,"Red Skull":17,"StuffTheSpire:Tea":147,"Gremlin Food":13,"hubris:DisguiseKit":68,"ReplayTheSpireMod:Ninjato":28,"Replay:Towering Pillar of Hats":0,"infinitespire:CursedDice":31,"Quantum Egg":154,"aspiration:HummingbirdHeart":0,"aspiration:SecretTechniqueScroll":38,"White Beast Statue":26,"Peace Pipe":0,"CaptainsWheel":64,"Anchor":78,"ChewingGum":16,"Another Sword":51,"StuffTheSpire:Kangaroo":2,"Snack Pack":105,"Coffee Dripper":151,"TungstenRod":83},{"Replay:Accelerometer":31,"StuffTheSpire:BottledEssence":105,"Blood Vial":66,"StuffTheSpire:SapphireSignet":105,"vexMod:InvisibilityCloak":70,"infinitespire:ShieldingShard":154,"hubris:AstralHammer":63,"Fusion Hammer":83,"halation:PromiseList":24,"aspiration:DSix":105,"Replay:Bottled Steam":3,"Runic Cube":78,"hubris:MobiusCoin":20,"Blue Candle":106,"Pen Nib":134,"infinitespire:Magic Flask":27,"StuffTheSpire:MayFlowers":39,"infinitespire:Broken Mirror":46,"infinitespire:Lychee Nut":74,"Snecko Eye":100,"StuffTheSpire:DullRazor":105,"vexMod:ImprovementManual":161,"Unceasing Top":207,"hubris:Reverence":59,"Regal Pillow":103,"Torii":89,"Singing Bowl":148,"King of Hearts":36,"StuffTheSpire:GrapeVine":133,"hubris:EmptyBottle":150,"Smiling Mask":64,"Ancient Tea Set":76,"Burning Blood":0,"Pet Ghost":68,"halation:Pancakes":228,"StuffTheSpire:Gunfinga":91,"infinitespire:Bottled Soul":124,"aspiration:AnachronicSnailShell":105,"Chemical X":139,"Replay:Bottled Eggs":32,"aspiration:FutureDiary":60,"InkBottle":73,"aspiration:ChemicalBlood":31,"Ring of the Snake":139,"Potion Belt":86,"NeowsBlessing":0,"hubris:64BitClover":27,"halation:BottledLove":31,"vexMod:BerryBomb":88,"PreservedInsect":161,"infinitespire:Lucky Rock":52,"Replay:Arrowhead":53,"StuffTheSpire:Mouthbags":80,"betterThird:SlimedRelic":154,"Art of War":98,"Durian":105,"Garlic":211,"halation:PinkSoulGem":163,"halation:Trompette":175,"hubris:BottledRain":156,"infinitespire:Midas Blood":159,"Ice Cream":18,"Calipers":43,"Gremlin Horn":25,"HoveringKite":232,"Centennial Puzzle":165,"halation:PrussianBluePaint":78,"Philosopher\u0027s Stone":8,"Prayer Wheel":105,"halation:KoshaPiece":91,"Girya":8,"hubris:Teleporter":78,"Replay:Grab Bag":8,"StuffTheSpire:ForceGauntlet":57,"hubris:FruitBowl":232,"hubris:HollowSoul":29,"Charon\u0027s Ashes":75,"vexMod:PaidLearning":50,"Du-Vu Doll":22,"hubris:Zylophone":105,"OrangePellets":105,"Onion Ring":77,"StuffTheSpire:PointBlank":24,"infinitespire:EmpoweringShard":161,"StuffTheSpire:OldFever":97,"Pocketwatch":3,"Black Blood":17,"aspiration:TomeofQuesting":51,"halation:WeightlessCrab":11,"Juzu Bracelet":61,"Empty Cage":41,"PrismaticShard":105,"aspiration:StickyExplosives_weak":190,"Tough Bandages":218,"hubris:Icosahedron":63,"Chameleon Ring":88,"StuffTheSpire:Nightcore":98,"halation:LettersToHer":216,"Runic Pyramid":94,"Guide Book":105,"halation:IllGainedPizza":140,"hubris:MedicalManual":46,"Replay:WaspNest":73,"Odd Mushroom":154,"Calling Bell":8,"Pondfish Scales":161,"infinitespire:Satchel":149,"halation:EternalFortune":197,"StuffTheSpire:CocoNut":103,"hubris:BundleOfHerbs":161,"infinitespire:Burning Sword":55,"Bag of Marbles":161,"Membership Card":95,"hubris:OldNail":105,"Golden Egg":35,"infinitespire:BottledMercury":185,"vexMod:MemoryStick":21,"StuffTheSpire:Barrel":65,"vexMod:TanglingVine":102,"halation:HeavySnake":103,"vexMod:CardConverter":105,"vexMod:EndlessSickness":61,"hubris:DeckOfHolding":50,"MealTicket":80,"infinitespire:Golems Mask":105,"vexMod:DeviousBotling":41,"Kunai":42,"Replay:Wax Seal":78,"Electric Blood":77,"hubris:TinFlute":34,"StuffTheSpire:NeowsTribute":66,"Pear":72,"halation:QuantumPhysicsTextbook":56,"hubris:SphereOfDissonance":32,"Replay:Ancient Bell":179,"SlaversCollar":27,"Runic Dome":30,"Ooze Armor":34,"halation:Jellyphish":18,"halation:PenCase":59,"Pandora\u0027s Box":120,"hubris:TenFootPole":53,"Kintsugi":138,"infinitespire:PuzzleCube":46,"Abe\u0027s Treasure":81,"infinitespire:Cupcake":84,"vexMod:BigBerry":111,"Lantern":52,"aspiration:Lifesprig":56,"hubris:Metronome":161,"halation:Sosunser":161,"Magic Flower":12,"StoneCalendar":2,"Painkiller Herb":99,"Blue Doll":131,"StuffTheSpire:EmeraldSignet":228,"Replay:Multitool":13,"Bag of Preparation":46,"Cursed Key":8,"Replay:Rubber Ducky":80,"StuffTheSpire:RunicConfusion":67,"Shovel":105,"halation:Toothbrush":41,"hubris:FunFungus":64,"WingedGreaves":165,"halation:PinkAlligatorPlush":129,"hubris:ChampionShield":33,"StuffTheSpire:RedRose":107,"hubris:GlazedTorus":105,"Self Forming Clay":179,"Basket Of Snakes":216,"StuffTheSpire:Expresso":105,"Thread and Needle":105,"infinitespire:Joker Card":45,"Omamori":105,"infinitespire:CheckeredPen":174,"halation:SelfBoilingWater":8,"MawBank":177,"Turnip":23,"Bottled Lightning":72,"halation:AfternoonTea":141,"Toy Ornithopter":78,"Vajra":101,"halation:Prosthetics":44,"Lizard Tail":135,"DollysMirror":44,"Strawberry":67,"halation:VictoryRuler":161,"Toxic Egg 2":161,"Replay:Blank Codex":139,"Happy Flower":54,"vexMod:ScavengeHelm":56,"aspiration:Nostalgia":139,"Dead Branch":36,"Astrolabe":48,"Oddly Smooth Stone":84,"vexMod:TimeEaterHat":105,"infinitespire:Beetle Shell":64,"Letter Opener":6,"aspiration:SeaSaltIceCream":105,"Replay:Kaleidoscope":105,"War Paint":73,"Question Card":43,"Replay:Baseball":105,"Shuriken":45,"Simple Rune":47,"StuffTheSpire:DarkSteelAnvil":76,"Molten Egg 2":80,"hubris:ToyBattleship":36,"ReplayTheSpireMod:TigerMarble":108,"Grinning Jar":59,"Meat on the Bone":38,"ReplayFunnel":46,"halation:PapillonHeart":210,"Replay:PocketPolymizer":22,"Snecko Heart":93,"Mango":105,"Incense Burner":161,"ClockworkSouvenir":161,"StuffTheSpire:Experiment12":78,"Frozen Eye":124,"Pantograph":49,"Gambling Chip":63,"Tiny Chest":37,"Red Skull":8,"StuffTheSpire:Tea":89,"Gremlin Food":219,"hubris:DisguiseKit":54,"ReplayTheSpireMod:Ninjato":37,"Replay:Towering Pillar of Hats":161,"infinitespire:CursedDice":16,"Quantum Egg":92,"aspiration:HummingbirdHeart":105,"aspiration:SecretTechniqueScroll":19,"White Beast Statue":200,"Peace Pipe":105,"CaptainsWheel":53,"Anchor":58,"ChewingGum":33,"Another Sword":26,"StuffTheSpire:Kangaroo":28,"Snack Pack":69,"Coffee Dripper":90,"TungstenRod":60},{"Replay:Accelerometer":134,"StuffTheSpire:BottledEssence":389,"Blood Vial":293,"StuffTheSpire:SapphireSignet":389,"vexMod:InvisibilityCloak":313,"infinitespire:ShieldingShard":590,"hubris:AstralHammer":284,"Fusion Hammer":343,"halation:PromiseList":97,"aspiration:DSix":389,"Replay:Bottled Steam":3,"Runic Cube":333,"hubris:MobiusCoin":73,"Blue Candle":391,"Pen Nib":508,"infinitespire:Magic Flask":112,"StuffTheSpire:MayFlowers":174,"infinitespire:Broken Mirror":212,"infinitespire:Lychee Nut":322,"Snecko Eye":382,"StuffTheSpire:DullRazor":389,"vexMod:ImprovementManual":613,"Unceasing Top":756,"hubris:Reverence":270,"Regal Pillow":387,"Torii":359,"Singing Bowl":562,"King of Hearts":162,"StuffTheSpire:GrapeVine":504,"hubris:EmptyBottle":575,"Smiling Mask":287,"Ancient Tea Set":326,"Burning Blood":0,"Pet Ghost":303,"halation:Pancakes":854,"StuffTheSpire:Gunfinga":366,"infinitespire:Bottled Soul":471,"aspiration:AnachronicSnailShell":389,"Chemical X":527,"Replay:Bottled Eggs":139,"aspiration:FutureDiary":274,"InkBottle":320,"aspiration:ChemicalBlood":134,"Ring of the Snake":527,"Potion Belt":351,"NeowsBlessing":0,"hubris:64BitClover":112,"halation:BottledLove":134,"vexMod:BerryBomb":356,"PreservedInsect":613,"infinitespire:Lucky Rock":241,"Replay:Arrowhead":242,"StuffTheSpire:Mouthbags":336,"betterThird:SlimedRelic":590,"Art of War":377,"Durian":389,"Garlic":776,"halation:PinkSoulGem":615,"halation:Trompette":647,"hubris:BottledRain":596,"infinitespire:Midas Blood":605,"Ice Cream":63,"Calipers":195,"Gremlin Horn":99,"HoveringKite":865,"Centennial Puzzle":622,"halation:PrussianBluePaint":333,"Philosopher\u0027s Stone":23,"Prayer Wheel":389,"halation:KoshaPiece":366,"Girya":23,"hubris:Teleporter":333,"Replay:Grab Bag":23,"StuffTheSpire:ForceGauntlet":260,"hubris:FruitBowl":865,"hubris:HollowSoul":120,"Charon\u0027s Ashes":324,"vexMod:PaidLearning":236,"Du-Vu Doll":86,"hubris:Zylophone":389,"OrangePellets":389,"Onion Ring":329,"StuffTheSpire:PointBlank":97,"infinitespire:EmpoweringShard":613,"StuffTheSpire:OldFever":376,"Pocketwatch":3,"Black Blood":59,"aspiration:TomeofQuesting":238,"halation:WeightlessCrab":35,"Juzu Bracelet":279,"Empty Cage":188,"PrismaticShard":389,"aspiration:StickyExplosives_weak":679,"Tough Bandages":808,"hubris:Icosahedron":284,"Chameleon Ring":356,"StuffTheSpire:Nightcore":377,"halation:LettersToHer":798,"Runic Pyramid":372,"Guide Book":389,"halation:IllGainedPizza":532,"hubris:MedicalManual":212,"Replay:WaspNest":320,"Odd Mushroom":590,"Calling Bell":23,"Pondfish Scales":613,"infinitespire:Satchel":568,"halation:EternalFortune":712,"StuffTheSpire:CocoNut":387,"hubris:BundleOfHerbs":613,"infinitespire:Burning Sword":251,"Bag of Marbles":613,"Membership Card":373,"hubris:OldNail":389,"Golden Egg":155,"infinitespire:BottledMercury":664,"vexMod:MemoryStick":80,"StuffTheSpire:Barrel":289,"vexMod:TanglingVine":385,"halation:HeavySnake":387,"vexMod:CardConverter":389,"vexMod:EndlessSickness":279,"hubris:DeckOfHolding":236,"MealTicket":336,"infinitespire:Golems Mask":389,"vexMod:DeviousBotling":188,"Kunai":191,"Replay:Wax Seal":333,"Electric Blood":329,"hubris:TinFlute":149,"StuffTheSpire:NeowsTribute":293,"Pear":316,"halation:QuantumPhysicsTextbook":256,"hubris:SphereOfDissonance":139,"Replay:Ancient Bell":656,"SlaversCollar":112,"Runic Dome":123,"Ooze Armor":149,"halation:Jellyphish":63,"halation:PenCase":270,"Pandora\u0027s Box":452,"hubris:TenFootPole":242,"Kintsugi":525,"infinitespire:PuzzleCube":212,"Abe\u0027s Treasure":338,"infinitespire:Cupcake":347,"vexMod:BigBerry":421,"Lantern":241,"aspiration:Lifesprig":256,"hubris:Metronome":613,"halation:Sosunser":613,"Magic Flower":39,"StoneCalendar":2,"Painkiller Herb":379,"Blue Doll":500,"StuffTheSpire:EmeraldSignet":854,"Replay:Multitool":41,"Bag of Preparation":212,"Cursed Key":23,"Replay:Rubber Ducky":336,"StuffTheSpire:RunicConfusion":299,"Shovel":389,"halation:Toothbrush":188,"hubris:FunFungus":287,"WingedGreaves":622,"halation:PinkAlligatorPlush":496,"hubris:ChampionShield":144,"StuffTheSpire:RedRose":394,"hubris:GlazedTorus":389,"Self Forming Clay":656,"Basket Of Snakes":798,"StuffTheSpire:Expresso":389,"Thread and Needle":389,"infinitespire:Joker Card":205,"Omamori":389,"infinitespire:CheckeredPen":646,"halation:SelfBoilingWater":23,"MawBank":650,"Turnip":91,"Bottled Lightning":316,"halation:AfternoonTea":534,"Toy Ornithopter":333,"Vajra":383,"halation:Prosthetics":198,"Lizard Tail":512,"DollysMirror":198,"Strawberry":299,"halation:VictoryRuler":613,"Toxic Egg 2":613,"Replay:Blank Codex":527,"Happy Flower":245,"vexMod:ScavengeHelm":256,"aspiration:Nostalgia":527,"Dead Branch":162,"Astrolabe":227,"Oddly Smooth Stone":347,"vexMod:TimeEaterHat":389,"infinitespire:Beetle Shell":287,"Letter Opener":12,"aspiration:SeaSaltIceCream":389,"Replay:Kaleidoscope":389,"War Paint":320,"Question Card":195,"Replay:Baseball":389,"Shuriken":205,"Simple Rune":220,"StuffTheSpire:DarkSteelAnvil":326,"Molten Egg 2":336,"hubris:ToyBattleship":162,"ReplayTheSpireMod:TigerMarble":397,"Grinning Jar":270,"Meat on the Bone":171,"ReplayFunnel":212,"halation:PapillonHeart":772,"Replay:PocketPolymizer":86,"Snecko Heart":370,"Mango":389,"Incense Burner":613,"ClockworkSouvenir":613,"StuffTheSpire:Experiment12":333,"Frozen Eye":471,"Pantograph":231,"Gambling Chip":284,"Tiny Chest":167,"Red Skull":23,"StuffTheSpire:Tea":359,"Gremlin Food":811,"hubris:DisguiseKit":245,"ReplayTheSpireMod:Ninjato":167,"Replay:Towering Pillar of Hats":613,"infinitespire:CursedDice":52,"Quantum Egg":368,"aspiration:HummingbirdHeart":389,"aspiration:SecretTechniqueScroll":67,"White Beast Statue":722,"Peace Pipe":389,"CaptainsWheel":242,"Anchor":264,"ChewingGum":144,"Another Sword":106,"StuffTheSpire:Kangaroo":116,"Snack Pack":312,"Coffee Dripper":363,"TungstenRod":274}],"Ring of the Snake":[46]},"card_choices":[{"not_picked":["Underhanded Strike","Acrobatics"],"picked":"Dash","floor":1.0},{"not_picked":["Deflect","Cloak And Dagger"],"picked":"Blade Dance","floor":6.0},{"not_picked":["Outmaneuver","Bane"],"picked":"StuffTheSpire:Shiver","floor":10.0},{"not_picked":["Deflect","StuffTheSpire:BumpUp","Bane"],"picked":"SKIP","floor":14.0},{"not_picked":["aspiration:Lunge","infinitespire:Neurotoxin"],"picked":"Phantasmal Killer","floor":16.0},{"not_picked":["StuffTheSpire:ClusterCrunch","StuffTheSpire:ReptileScales+1"],"picked":"PiercingWail+1","floor":18.0},{"not_picked":["Deadly Poison+1","Dash+1","StuffTheSpire:BumpUp"],"picked":"SKIP","floor":19.0},{"not_picked":["ReplayTheSpireMod:Exploit Weakness+1","Dodge and Roll+1","Noxious Fumes"],"picked":"SKIP","floor":20.0},{"not_picked":["Quick Slash","Noxious Fumes"],"picked":"Sneak Up+1","floor":22.0},{"not_picked":["StuffTheSpire:MirrorStance+1","Eviscerate"],"picked":"hubris:Sniper+1","floor":23},{"not_picked":["StuffTheSpire:Sprint+1","StuffTheSpire:BumpUp"],"picked":"Blade Dance+1","floor":24},{"not_picked":["Unload","Deflect+1"],"picked":"Terror+1","floor":25},{"not_picked":["Riddle With Holes","Setup+1"],"picked":"Acrobatics+1","floor":27},{"not_picked":["StuffTheSpire:Python+1","Dagger Throw","Dagger Spray"],"picked":"SKIP","floor":28},{"not_picked":["Replay:Bag of Tricks+1","Atom Bomb"],"picked":"A Thousand Cuts","floor":33},{"not_picked":["Dagger Throw","Underhanded Strike","StuffTheSpire:Repulse+1"],"picked":"SKIP","floor":35},{"not_picked":["PiercingWail+1","StuffTheSpire:ReptileScales+1"],"picked":"hubris:Sniper+1","floor":39},{"not_picked":["Blade Dance+1","Cloak And Dagger+1"],"picked":"Eviscerate","floor":40},{"not_picked":["Toxin Wave+1","Underhanded Strike+1","Slice"],"picked":"SKIP","floor":41},{"not_picked":["Sucker Punch","Acrobatics+1","Noxious Fumes+1"],"picked":"SKIP","floor":44},{"not_picked":["Flechettes","ReplayTheSpireMod:Tripwire+1","Unload"],"picked":"SKIP","floor":49}],"player_experience":777770,"relics_obtained":[{"floor":6.0,"key":"Grinning Jar"},{"floor":9.0,"key":"halation:LettersToHer"},{"floor":9.0,"key":"Tough Bandages"},{"floor":17.0,"key":"Toxic Egg 2"},{"floor":17.0,"key":"Ancient Tea Set"},{"floor":17.0,"key":"Replay:Towering Pillar of Hats"},{"floor":23,"key":"ReplayTheSpireMod:TigerMarble"},{"floor":25,"key":"halation:Pancakes"},{"floor":26,"key":"halation:LettersToHer"},{"floor":26,"key":"StuffTheSpire:EmeraldSignet"},{"floor":27,"key":"halation:SelfBoilingWater"},{"floor":31,"key":"halation:LettersToHer"},{"floor":31,"key":"infinitespire:EmpoweringShard"},{"floor":40,"key":"hubris:Reverence"},{"floor":43,"key":"halation:LettersToHer"},{"floor":43,"key":"infinitespire:Satchel"},{"floor":49,"key":"infinitespire:PuzzleCube"}],"event_choices":[{"damage_healed":22.0,"max_hp_gain":0.0,"max_hp_loss":0.0,"gold_gain":0.0,"event_name":"Big Fish","player_choice":"Banana","floor":11.0,"gold_loss":0.0,"damage_taken":0.0},{"damage_healed":0.0,"max_hp_gain":0.0,"max_hp_loss":0.0,"gold_gain":0.0,"event_name":"betterThird:BetterGoop","player_choice":"Left","floor":12.0,"gold_loss":54.0,"damage_taken":0.0},{"damage_healed":0.0,"max_hp_gain":0.0,"max_hp_loss":0.0,"gold_gain":0.0,"event_name":"WeMeetAgain","player_choice":"Gave Potion","floor":13.0,"gold_loss":0.0,"damage_taken":0.0,"relics_obtained":["Gremlin Food"]},{"damage_healed":0.0,"max_hp_gain":0.0,"max_hp_loss":0.0,"gold_gain":0.0,"event_name":"Designer","player_choice":"Upgrade","floor":21.0,"gold_loss":50.0,"damage_taken":0.0,"cards_upgraded":["Pot Of Greed"]},{"damage_healed":0,"gold_gain":0,"player_choice":"Obtain J.A.X.","damage_taken":0,"max_hp_gain":0,"max_hp_loss":0,"event_name":"Drug Dealer","floor":30,"gold_loss":0,"cards_obtained":["J.A.X."]},{"damage_healed":0,"gold_gain":0,"player_choice":"1 cards matched","damage_taken":0,"max_hp_gain":0,"max_hp_loss":0,"event_name":"Match and Keep!","floor":36,"gold_loss":0,"cards_obtained":["Heel Hook"]},{"damage_healed":0,"gold_gain":0,"player_choice":"Ignored","damage_taken":0,"max_hp_gain":0,"max_hp_loss":0,"event_name":"Mysterious Sphere","floor":48,"gold_loss":0}],"is_beta":false,"boss_relics":[{"not_picked":["hubris:GrandSneckoEye","halation:PlatinumPhoenix"],"picked":"Calling Bell"},{"not_picked":["SacredBark","aspiration:WatcherSkillbook"],"picked":"Cursed Key"}],"items_purged_floors":[0],"is_endless":false,"potions_floor_spawned":[6,14,16,18,20,23,25,41,44,49],"ascension_level":20}}