{"host":"xp5rvh2jwe2ejyfm","time":1611174381,"event":{"mods":["BaseMod","Downfall","Hermit","Minty Spire (QoL Compilation)","Robot Space Explorer","StSLib","The Clintock","The Construct","The Cursed","The Disciple","The Forsaken","The Hierophant","The Runesmith"],"gold_per_floor":[99,99,110,122,39,72,126,151,76,102,102,52,64,164,174,273,273,23,38,53,53,1,1,1,7,34,34,34,53,70,80,96,200,200,150,160,179,192,192,192,215,240,260,260,260,360,210,224,241,241,241,241],"floor_reached":50,"language":"ENG","playtime":3088,"items_purged":[],"score":637,"play_id":"3dd97451-920d-4b42-9e8d-fcfd827c7571","local_time":"20210120152621","is_ascension_mode":false,"campfire_choices":[{"floor":1,"key":"RECALL"},{"floor":12,"key":"REST"},{"data":"Slimebound:Split","floor":18,"key":"SMITH"},{"data":"Slimebound:MegaLick","floor":23,"key":"SMITH"},{"floor":28,"key":"REST"},{"data":"Slimebound:MassFeed","floor":35,"key":"SMITH"},{"data":"Slimebound:HauntingLick","floor":47,"key":"SMITH"}],"circlet_count":0,"master_deck":["Slimebound:Tackle","Slimebound:Defend_Slimebound","Slimebound:Defend_Slimebound","Slimebound:Split+1","Slimebound:CorrosiveSpit","Slimebound:OneTwoCombo+1","Slimebound:MegaLick+1","Slimebound:SplitBruiser","Slimebound:SplitLeeching","Slimebound:TongueLash","Slimebound:ItLooksTasty","Slimebound:RejuvenatingLick","Slimebound:RainOfGoop","Slimebound:SplitMire","Slimebound:LivingWall","Slimebound:SplitAcid","Slimebound:LivingWall","Slimebound:LeechLife","Slimebound:OneTwoCombo+1","Slimebound:PressTheAttack+1","Slimebound:SlimeSlap+1","Slimebound:GrowthPunch","Slimebound:Schlurp+1","Slimebound:RainOfGoop+1","Slimebound:HauntingLick+1","Slimebound:MassFeed+1","Slimebound:RejuvenatingLick","Slimebound:ItLooksTasty","Pain","Slimebound:SplitSpecialist+1","Slimebound:GoopSpray+1","Slimebound:DouseInSlime","Slimebound:SpikyOuterGoop+1","Slimebound:Prepare","Slimebound:GoopSpray","Slimebound:MassFeed"],"relics":["Slimebound:AbsorbEndCombatUpgraded","construct:FoamFinger","Centennial Puzzle","CaptainsWheel","Slimebound:GreedOozeRelic","Smiling Mask","Slimebound:MaxSlimesRelic","Astrolabe","downfall:HeartBlessingRed","downfall:HeartBlessingGreen","theForsaken:Lifeblossom","Bottled Flame","Singing Bowl","WarpedTongs","InkBottle","Toy Ornithopter","downfall:HeartBlessingBlue"],"acts_visited":["Exordium","TheCity","TheBeyond"],"potions_floor_usage":[8,8,8,10,14,14,22,37,38,42,45,46,48,50,50,50],"damage_taken":[{"damage":7,"enemies":"2 Louse","floor":3,"turns":3},{"damage":1,"enemies":"Cultist","floor":4,"turns":3},{"damage":0,"enemies":"downfall:FleeingMerchant","floor":5,"turns":4},{"damage":34,"enemies":"Lagavulin","floor":6,"turns":7},{"damage":8,"enemies":"Gremlin Nob","floor":8,"turns":4},{"damage":10,"enemies":"Lagavulin","floor":10,"turns":4},{"damage":0,"enemies":"Jaw Worm","floor":13,"turns":2},{"damage":25,"enemies":"downfall:Heads","floor":14,"turns":5},{"damage":0,"enemies":"Blue Slaver","floor":15,"turns":3},{"damage":38,"enemies":"SI_SHIV_ARCHETYPE","floor":16,"turns":6},{"damage":4,"enemies":"Shell Parasite","floor":19,"turns":3},{"damage":0,"enemies":"Chosen","floor":20,"turns":3},{"damage":0,"enemies":"downfall:FleeingMerchant","floor":22,"turns":4},{"damage":14,"enemies":"downfall:FleeingMerchant","floor":25,"turns":4},{"damage":27,"enemies":"Gremlin Leader","floor":26,"turns":4},{"damage":21,"enemies":"Centurion and Healer","floor":29,"turns":3},{"damage":7,"enemies":"Chosen and Byrds","floor":30,"turns":2},{"damage":0,"enemies":"Snake Plant","floor":31,"turns":2},{"damage":10,"enemies":"Cultist and Chosen","floor":32,"turns":3},{"damage":28,"enemies":"WA_ARCHETYPE_CALM","floor":33,"turns":7},{"damage":23,"enemies":"3 Shapes","floor":36,"turns":3},{"damage":35,"enemies":"3 Darklings","floor":37,"turns":3},{"damage":26,"enemies":"Sphere and 2 Shapes","floor":38,"turns":6},{"damage":72,"enemies":"Reptomancer","floor":42,"turns":4},{"damage":2,"enemies":"Spire Growth","floor":43,"turns":4},{"damage":23,"enemies":"Spire Growth","floor":45,"turns":4},{"damage":7,"enemies":"downfall:LadyInBlue","floor":46,"turns":5},{"damage":35,"enemies":"3 Darklings","floor":48,"turns":9},{"damage":18,"enemies":"Jaw Worm Horde","floor":49,"turns":4},{"damage":153,"enemies":"IC_BLOCK_ARCHETYPE","floor":50,"turns":8}],"seed_played":"560270698333396350","potions_obtained":[{"floor":3,"key":"Block Potion"},{"floor":6,"key":"EntropicBrew"},{"floor":10,"key":"Dexterity Potion"},{"floor":19,"key":"Fire Potion"},{"floor":31,"key":"Slimebound:ThreeZeroPotion"},{"floor":32,"key":"LiquidBronze"},{"floor":33,"key":"SkillPotion"},{"floor":38,"key":"Slimebound:SlimyTonguePotion"},{"floor":43,"key":"Explosive Potion"},{"floor":45,"key":"Guardian:BlockOnCardUsePotion"},{"floor":46,"key":"LiquidMemories"},{"floor":46,"key":"hexamod:SoulburnPotion"},{"floor":49,"key":"Strength Potion"}],"is_trial":false,"path_per_floor":["R","?","M","M","$","E","T","E","?","E","?","R","M","?","M","B",null,"R","M","M","?","$","R","T","$","E","?","R","M","M","M","M","B",null,"R","M","M","M","?","$","T","E","M","?","?","?","R","M","M","B"],"character_chosen":"SLIMEBOUND","items_purchased":["Slimebound:TongueLash","Slimebound:HauntingLick","Bottled Flame","Slimebound:RejuvenatingLick"],"campfire_rested":2,"item_purchase_floors":[5,22,25,25],"current_hp_per_floor":[65,65,60,63,65,35,35,35,35,33,21,40,46,29,31,1,65,65,65,65,54,70,70,70,69,54,54,70,60,62,71,74,52,77,77,66,53,81,81,81,81,31,56,56,48,89,99,81,92,0,0,0],"gold":241,"neow_bonus":"ONE_RANDOM_RARE_CARD","is_daily":false,"chose_seed":false,"campfire_upgraded":4,"win_rate":0.0,"timestamp":1611174381,"path_taken":["R","?","?","M","$","E","T","E","?","E","?","R","M","?","M","BOSS","R","M","M","?","$","R","T","$","E","?","R","M","?","M","M","BOSS","R","M","M","M","?","$","T","E","?","?","?","?","R","?","M","BOSS"],"items_purchased_type":["Card","Card","Relic","Card"],"build_version":"2020-12-22","purchased_purges":0,"victory":false,"max_hp_per_floor":[65,65,65,65,65,65,65,65,65,65,65,65,65,65,65,65,65,65,65,65,70,70,70,70,70,70,70,70,73,75,77,77,77,77,77,79,81,81,81,81,81,81,87,87,87,89,99,105,113,113,113,113],"card_choices":[{"not_picked":["Slimebound:Equalize","Slimebound:SamplingLick"],"picked":"Slimebound:MegaLick","floor":3},{"not_picked":["Slimebound:ItLooksTasty","Slimebound:ForwardTackle"],"picked":"Slimebound:SplitBruiser","floor":4},{"not_picked":["Slimebound:LeechingTouch","Slimebound:SlimeSpikes"],"picked":"Slimebound:SplitLeeching","floor":5},{"not_picked":["Slimebound:FormOfPuddle","Slimebound:SplitMire"],"picked":"Slimebound:ItLooksTasty","floor":6},{"not_picked":["Slimebound:ProtectTheBoss","Slimebound:Repurpose"],"picked":"Slimebound:RejuvenatingLick","floor":8},{"not_picked":["Slimebound:Overexert","Slimebound:FinishingTackle"],"picked":"Slimebound:RainOfGoop","floor":10},{"not_picked":["Slimebound:PressTheAttack","Slimebound:SlimeTap"],"picked":"Slimebound:SplitMire","floor":13},{"not_picked":["Slimebound:SplitMire","Slimebound:Chomp"],"picked":"Slimebound:SplitAcid","floor":14},{"not_picked":["Slimebound:GrowthPunch","Slimebound:Recycling"],"picked":"Slimebound:LivingWall","floor":15},{"not_picked":["Slimebound:DouseInSlime","Slimebound:PrepareCrush"],"picked":"Slimebound:LeechLife","floor":16},{"not_picked":["Slimebound:FormOfPuddle","Slimebound:LivingWall+1"],"picked":"Slimebound:GrowthPunch","floor":19},{"not_picked":["Slimebound:GoopTackle","Slimebound:SlimeTap+1"],"picked":"Slimebound:Schlurp+1","floor":20},{"not_picked":["Slimebound:SamplingLick","Slimebound:ForwardTackle"],"picked":"Slimebound:RainOfGoop+1","floor":22},{"not_picked":["Slimebound:Chomp","Slimebound:Prepare"],"picked":"Slimebound:MassFeed","floor":25},{"not_picked":["Slimebound:SplitAcid","Slimebound:FinishingTackle"],"picked":"Slimebound:ItLooksTasty","floor":26},{"not_picked":["Slimebound:SplitBruiser","Slimebound:SlimeBarrage"],"picked":"Slimebound:SplitSpecialist+1","floor":29},{"not_picked":["Slimebound:Dissolve","Slimebound:FinishingTackle","Slimebound:ComboTackle+1"],"picked":"Singing Bowl","floor":30},{"not_picked":["Slimebound:SlimeSpikes","Slimebound:Prepare","Slimebound:Recollect+1"],"picked":"Singing Bowl","floor":31},{"not_picked":["Slimebound:RainOfGoop","Slimebound:Replication"],"picked":"Slimebound:GoopSpray+1","floor":32},{"not_picked":["Slimebound:Darklings","Slimebound:Overexert"],"picked":"Slimebound:DouseInSlime","floor":33},{"not_picked":["Slimebound:GrowthPunch","Slimebound:PressTheAttack","Slimebound:ComboTackle+1"],"picked":"Singing Bowl","floor":36},{"not_picked":["Slimebound:SplitBruiser","Slimebound:DisruptingSlam","Slimebound:PressTheAttack"],"picked":"Singing Bowl","floor":37},{"not_picked":["Slimebound:ComboTackle","Slimebound:Gluttony+1"],"picked":"Slimebound:SpikyOuterGoop+1","floor":38},{"not_picked":["Slimebound:ForwardTackle+1","Slimebound:LeechEnergy+1"],"picked":"Slimebound:Prepare","floor":42},{"not_picked":["Slimebound:Schlurp+1","Slimebound:Recycling","Slimebound:SplitMire+1"],"picked":"Singing Bowl","floor":43},{"not_picked":["Slimebound:GoopTackle+1","Slimebound:Recollect"],"picked":"Slimebound:GoopSpray","floor":45},{"not_picked":["Slimebound:Recollect+1","Slimebound:SplitLeeching","Slimebound:SplitAcid+1"],"picked":"Singing Bowl","floor":46},{"not_picked":["Slimebound:SplitMire","Slimebound:GrowthPunch+1","Slimebound:Schlurp"],"picked":"Singing Bowl","floor":48},{"not_picked":["Slimebound:SplitBruiser","Slimebound:ComboTackle"],"picked":"Slimebound:MassFeed","floor":49}],"player_experience":267171,"relics_obtained":[{"floor":6,"key":"construct:FoamFinger"},{"floor":7,"key":"Centennial Puzzle"},{"floor":8,"key":"CaptainsWheel"},{"floor":10,"key":"Smiling Mask"},{"floor":24,"key":"theForsaken:Lifeblossom"},{"floor":26,"key":"Singing Bowl"},{"floor":42,"key":"InkBottle"},{"floor":46,"key":"Toy Ornithopter"}],"event_choices":[{"damage_healed":0,"gold_gain":0,"player_choice":"Ignored","damage_taken":0,"max_hp_gain":0,"max_hp_loss":0,"event_name":"NoteForYourself","floor":2,"gold_loss":0},{"damage_healed":0,"gold_gain":0,"player_choice":"Success","damage_taken":12,"relics_obtained":["Slimebound:MaxSlimesRelic"],"max_hp_gain":0,"max_hp_loss":0,"event_name":"Scrap Ooze","floor":11,"gold_loss":0},{"damage_healed":0,"gold_gain":0,"player_choice":"Rummage","damage_taken":0,"relics_obtained":["WarpedTongs"],"max_hp_gain":0,"max_hp_loss":0,"event_name":"Accursed Blacksmith","floor":27,"gold_loss":0,"cards_obtained":["Pain"]}],"is_beta":false,"boss_relics":[{"not_picked":["SacredBark","Snecko Eye"],"picked":"Astrolabe"},{"not_picked":["Philosopher\u0027s Stone","Cursed Key"],"picked":"Slimebound:AbsorbEndCombatUpgraded"}],"items_purged_floors":[],"is_endless":false,"potions_floor_spawned":[3,6,10,19,31,32,33,38,43,45,46,49],"killed_by":"IC_BLOCK_ARCHETYPE","ascension_level":0}}