{"host":"ojme7g6xlqwffsso","time":1611122711,"event":{"mods":["BaseMod","Downfall","Minty Spire (QoL Compilation)","StSLib"],"gold_per_floor":[99,109,109,101,276,12,38,71,6,6,6,6],"floor_reached":10,"language":"ENG","playtime":349,"items_purged":["Normality"],"score":84,"play_id":"97157310-7900-46c9-a28d-b47431fccd3d","local_time":"20210120150511","is_ascension_mode":true,"campfire_choices":[{"data":"hexamod:Float","floor":1,"key":"SMITH"}],"circlet_count":0,"master_deck":["hexamod:Strike","hexamod:Strike","hexamod:Strike","hexamod:Strike+1","hexamod:Defend","hexamod:Defend+1","hexamod:Defend","hexamod:Defend","hexamod:Sear","hexamod:Float+1","hexamod:VolcanoVisage+1","downfall:Malfunctioning","hexamod:FirstSeal","hexamod:SecondSeal","hexamod:ThirdSeal","hexamod:FourthSeal","Doubt","hexamod:BacktrackSmack","hexamod:AdvancingGuard","hexamod:HauntingEcho","hexamod:NecessarySacrifice","hexamod:EtherealExpedition","hexamod:GhostOfSpirePast","hexamod:SwordOfDarkness","hexamod:FastForward"],"relics":["hexamod:SpiritBrand","Anchor","Mango"],"acts_visited":["Exordium"],"potions_floor_usage":[10],"damage_taken":[{"damage":11,"enemies":"Small Slimes","floor":2,"turns":4},{"damage":0,"enemies":"downfall:FleeingMerchant","floor":6,"turns":4},{"damage":22,"enemies":"3 Sentries","floor":8,"turns":8},{"damage":15,"enemies":"downfall:FleeingMerchant","floor":9,"turns":4},{"damage":68,"enemies":"Gremlin Nob","floor":10,"turns":5}],"seed_played":"3469904896237481954","potions_obtained":[{"floor":2,"key":"ColorlessPotion"},{"floor":6,"key":"FairyPotion"},{"floor":8,"key":"LiquidBronze"},{"floor":9,"key":"SkillPotion"}],"is_trial":false,"path_per_floor":["R","M","?","?","?","$","T","E","$","E"],"character_chosen":"THE_SPIRIT","items_purchased":["Anchor","hexamod:HauntingEcho","hexamod:FastForward"],"campfire_rested":0,"item_purchase_floors":[6,6,9],"current_hp_per_floor":[63,52,52,45,45,45,45,44,36,0,0,0],"gold":6,"neow_bonus":"THREE_RARE_CARDS","is_daily":false,"chose_seed":false,"campfire_upgraded":1,"win_rate":0.0,"timestamp":1611122711,"path_taken":["R","M","?","?","?","$","T","E","$","E"],"items_purchased_type":["Relic","Card","Card"],"build_version":"2020-12-22","purchased_purges":1,"victory":false,"max_hp_per_floor":[70,70,70,70,70,70,70,84,84,84,84,84],"card_choices":[{"not_picked":["hexamod:UnleashSpirits","hexamod:GhostflameInferno"],"picked":"hexamod:VolcanoVisage","floor":0},{"not_picked":["hexamod:RecurringNightmare","hexamod:GhostLash"],"picked":"hexamod:BacktrackSmack","floor":2},{"not_picked":["hexamod:SecondSeal","hexamod:InspiringFlames"],"picked":"hexamod:BacktrackSmack","floor":6},{"not_picked":["hexamod:ThermalTransfer","hexamod:BacktrackSmack"],"picked":"hexamod:AdvancingGuard","floor":6},{"not_picked":["hexamod:Incineration","hexamod:NightmareStrike"],"picked":"hexamod:NecessarySacrifice","floor":8},{"not_picked":["hexamod:FlamesFromBeyond","hexamod:ExtraCrispy"],"picked":"hexamod:EtherealExpedition","floor":8},{"not_picked":["hexamod:ChargedBarrage","hexamod:FlamesFromBeyond"],"picked":"hexamod:GhostOfSpirePast","floor":9},{"not_picked":["hexamod:FlamesFromBeyond","hexamod:NightmareStrike"],"picked":"hexamod:SwordOfDarkness","floor":9}],"player_experience":895381,"relics_obtained":[{"floor":8,"key":"Mango"}],"event_choices":[],"is_beta":false,"boss_relics":[],"items_purged_floors":[6],"is_endless":false,"potions_floor_spawned":[2],"killed_by":"Gremlin Nob","ascension_level":7}}