{"host":"v4tuy5ykrbdcm9o9","time":1611169935,"event":{"mods":["BaseMod","Duelist Mod","Minty Spire (QoL Compilation)","Replay The Spire","StSLib"],"gold_per_floor":[118,193,209,209,219,219,239,268,268],"floor_reached":8,"language":"ENG","playtime":462,"items_purged":[],"score":73,"play_id":"d6f91d53-eeb1-4e7d-9f38-2488ed6e1190","local_time":"20210120141215","is_ascension_mode":true,"campfire_choices":[{"data":"Eruption","floor":6,"key":"SMITH"}],"circlet_count":0,"master_deck":["Strike_P","Strike_P","Strike_P","Strike_P","Defend_P","Defend_P","Defend_P","Defend_P","Eruption+1","Vigilance","Replay:ManipulateFuture","Replay:AtTheReady","Looming Evil","Replay:BluntJabs","FearNoEvil"],"relics":["PureWater","NeowsBlessing","ReplayTheSpireMod:Ring of Collecting"],"acts_visited":["Exordium"],"potions_floor_usage":[8],"damage_taken":[{"damage":0,"enemies":"Jaw Worm","floor":1,"turns":1},{"damage":0,"enemies":"2 Louse","floor":3,"turns":2},{"damage":0,"enemies":"Small Slimes","floor":5,"turns":1},{"damage":2,"enemies":"3 Louse","floor":7,"turns":3},{"damage":45,"enemies":"Gremlin Nob","floor":8,"turns":5}],"seed_played":"2962032899170508372","potions_obtained":[{"floor":7,"key":"Dexterity Potion"}],"is_trial":false,"path_per_floor":["M","?","M","?","M","R","M","E"],"character_chosen":"WATCHER","items_purchased":[],"campfire_rested":0,"item_purchase_floors":[],"current_hp_per_floor":[72,61,61,61,61,61,59,14,14],"gold":268,"neow_bonus":"THREE_ENEMY_KILL","is_daily":false,"chose_seed":false,"campfire_upgraded":1,"win_rate":0.0,"timestamp":1611169935,"path_taken":["M","?","M","?","M","R","M","E"],"items_purchased_type":[],"build_version":"2020-12-22","purchased_purges":0,"victory":false,"max_hp_per_floor":[72,72,72,72,72,72,72,72,72],"card_choices":[{"not_picked":["CutThroughFate","Replay:DivineShield"],"picked":"Replay:ManipulateFuture","floor":1},{"not_picked":["WheelKick","PathToVictory"],"picked":"Replay:AtTheReady","floor":3},{"not_picked":["SashWhip","EmptyBody"],"picked":"Replay:BluntJabs","floor":5},{"not_picked":["DeceiveReality","BowlingBash"],"picked":"FearNoEvil","floor":7}],"player_experience":603354,"relics_obtained":[{"floor":4,"key":"ReplayTheSpireMod:Ring of Collecting"}],"event_choices":[{"damage_healed":0,"gold_gain":75,"player_choice":"Gather Gold","damage_taken":11,"max_hp_gain":0,"max_hp_loss":0,"event_name":"World of Goop","floor":2,"gold_loss":0}],"is_beta":false,"boss_relics":[],"items_purged_floors":[],"is_endless":false,"potions_floor_spawned":[7,8],"killed_by":"Gremlin Nob","ascension_level":5}}