{"host":"a4s27ghlnr83kbqz","time":1611160090,"event":{"mods":["AchievementEnabler","BaseMod","Colored Map","Minty Spire (QoL Compilation)","Permanent Neow","SuperFastMode"],"gold_per_floor":[116,116,140,140,153,153,187,202,229,229,254,268,292,217,217,217,217],"floor_reached":16,"language":"KOR","playtime":299,"items_purged":["Defend_G"],"score":161,"play_id":"48e46d5f-9690-4796-aad5-79ab7bd6f6b6","local_time":"20210121002810","is_ascension_mode":true,"campfire_choices":[{"data":"All Out Attack","floor":6,"key":"SMITH"},{"floor":10,"key":"REST"},{"data":"Terror","floor":15,"key":"SMITH"}],"circlet_count":0,"master_deck":["AscendersBane","Strike_G","Strike_G","Strike_G","Strike_G","Defend_G","Defend_G","Defend_G","Defend_G","Survivor","Neutralize","All Out Attack+1","Bane","Leg Sweep","Grand Finale","Poisoned Stab","Terror+1","Backflip"],"relics":["Ring of the Snake","Snake Skull","Golden Idol","Orichalcum","Regal Pillow"],"acts_visited":["Exordium"],"potions_floor_usage":[7],"damage_taken":[{"damage":0,"enemies":"2 Louse","floor":1,"turns":3},{"damage":16,"enemies":"Small Slimes","floor":3,"turns":4},{"damage":1,"enemies":"Cultist","floor":5,"turns":4},{"damage":11,"enemies":"Gremlin Nob","floor":7,"turns":4},{"damage":3,"enemies":"Blue Slaver","floor":8,"turns":5},{"damage":0,"enemies":"3 Louse","floor":11,"turns":4},{"damage":1,"enemies":"2 Fungi Beasts","floor":12,"turns":3},{"damage":11,"enemies":"Large Slime","floor":13,"turns":6},{"damage":53,"enemies":"Slime Boss","floor":16,"turns":9}],"seed_played":"3398365331334079672","potions_obtained":[{"floor":1,"key":"FearPotion"},{"floor":7,"key":"Dexterity Potion"},{"floor":12,"key":"ColorlessPotion"}],"is_trial":false,"path_per_floor":["M","?","M","?","M","R","E","M","T","R","M","M","M","$","R","B"],"character_chosen":"THE_SILENT","items_purchased":[],"campfire_rested":1,"item_purchase_floors":[],"current_hp_per_floor":[63,63,47,47,46,46,35,32,32,65,65,64,53,53,53,0,0],"gold":217,"neow_bonus":"RANDOM_COMMON_RELIC","is_daily":false,"chose_seed":false,"campfire_upgraded":2,"win_rate":0.0,"timestamp":1611160090,"path_taken":["M","?","M","?","M","R","E","M","T","R","M","M","M","$","R","BOSS"],"items_purchased_type":[],"build_version":"2020-12-22","purchased_purges":1,"victory":false,"max_hp_per_floor":[70,65,65,65,65,65,65,65,65,65,65,65,65,65,65,65,65],"card_choices":[{"not_picked":["Backflip","Sucker Punch"],"picked":"All Out Attack","floor":1},{"not_picked":["Backflip","Flying Knee"],"picked":"Bane","floor":3},{"not_picked":["Flying Knee","Acrobatics"],"picked":"Leg Sweep","floor":5},{"not_picked":["Dodge and Roll","Sucker Punch"],"picked":"Grand Finale","floor":7},{"not_picked":["Flying Knee","Backstab"],"picked":"Poisoned Stab","floor":8},{"not_picked":["Backstab","Slice"],"picked":"Terror","floor":11},{"not_picked":["Quick Slash","Bouncing Flask"],"picked":"Backflip","floor":12},{"not_picked":["Infinite Blades","Noxious Fumes","Outmaneuver"],"picked":"SKIP","floor":13}],"player_experience":1116396,"relics_obtained":[{"floor":7,"key":"Orichalcum"},{"floor":9,"key":"Regal Pillow"}],"event_choices":[{"damage_healed":0,"gold_gain":0,"player_choice":"Lose Max HP","damage_taken":0,"relics_obtained":["Golden Idol"],"max_hp_gain":0,"max_hp_loss":5,"event_name":"Golden Idol","floor":2,"gold_loss":0},{"cards_removed":["Strike_G"],"damage_healed":0,"gold_gain":0,"player_choice":"Purged","damage_taken":0,"max_hp_gain":0,"max_hp_loss":0,"event_name":"Purifier","floor":4,"gold_loss":0}],"is_beta":false,"boss_relics":[],"items_purged_floors":[14],"is_endless":false,"potions_floor_spawned":[1,7,12,13],"killed_by":"Slime Boss","ascension_level":11}}