{"host":"vhkb6vx6yafo1fpa","time":1611157556,"event":{"mods":["BaseMod","Colored Map","Custom Start","Minty Spire (QoL Compilation)","Quick Restart","Replay The Spire","StSLib","SuperFastMode"],"gold_per_floor":[115,126,333,383,401,401,424,424,424,457,482,482,493,522,522,422,422],"floor_reached":16,"language":"KOR","playtime":408,"items_purged":[],"score":210,"play_id":"1504c21d-c084-4503-8185-f17bdb334b3e","local_time":"20210121004556","is_ascension_mode":false,"campfire_choices":[{"data":"Dark Embrace","floor":6.0,"key":"SMITH"},{"data":"Demonic Infusion","floor":8.0,"key":"SMITH"},{"floor":15,"key":"REST"}],"circlet_count":0,"master_deck":["Strike_R+1","Strike_R","Strike_R","Strike_R","Strike_R+1","Defend_R","Defend_R","Defend_R","Bash","Shrug It Off","Dark Embrace+1","Demonic Infusion+1","Doubt","Languid","Normality","Regret","Burning Pact","Demon Form+1","Pommel Strike","ReplayTheSpireMod:IOU","Languid","Parasite","Power Through"],"relics":["Burning Blood","Ring of Greed","ReplayTheSpireMod:Ring of Challenge","Golden Egg","The Courier","Simple Rune","Mercury Hourglass","Iron Hammer","Replay:Kaleidoscope"],"acts_visited":["Exordium"],"potions_floor_usage":[14],"damage_taken":[{"damage":9.0,"enemies":"Small Slimes","floor":1.0,"turns":4.0},{"damage":8.0,"enemies":"Jaw Worm","floor":2.0,"turns":4.0},{"damage":1.0,"enemies":"2 Louse","floor":5.0,"turns":3.0},{"damage":30.0,"enemies":"Gremlin Nob","floor":10.0,"turns":4.0},{"damage":18.0,"enemies":"Lots of Slimes","floor":11.0,"turns":4.0},{"damage":10.0,"enemies":"Exordium Wildlife","floor":13.0,"turns":3.0},{"damage":5,"enemies":"Lagavulin","floor":14,"turns":5},{"damage":44,"enemies":"Slime Boss","floor":16,"turns":6}],"seed_played":"9203134520088262077","potions_obtained":[{"floor":2.0,"key":"Elixir"},{"floor":11.0,"key":"FearPotion"}],"is_trial":false,"path_per_floor":["M","M","?","?","M","R","T","R","T","E","M","?","M","E","R","B"],"character_chosen":"IRONCLAD","items_purchased":[],"campfire_rested":1,"item_purchase_floors":[],"current_hp_per_floor":[85,83,48,48,53,53,53,53,53,29,17,17,13,14,40,0,0],"gold":422,"neow_bonus":"TEN_PERCENT_HP_BONUS","is_daily":false,"chose_seed":false,"campfire_upgraded":2,"win_rate":0.0,"timestamp":1611157556,"path_taken":["M","M","?","?","M","R","?","R","T","E","M","?","?","E","R","BOSS"],"items_purchased_type":[],"build_version":"2020-12-22","purchased_purges":0,"victory":false,"max_hp_per_floor":[88,88,88,88,88,88,88,88,88,88,88,88,88,88,88,88,88],"card_choices":[{"not_picked":["Warcry","Battle Trance"],"picked":"Shrug It Off","floor":1.0},{"not_picked":["Havoc","Perfected Strike"],"picked":"Dark Embrace","floor":2.0},{"not_picked":["Wild Strike","Headbutt"],"picked":"Demonic Infusion","floor":3.0},{"not_picked":["Rupture","Clash","Headbutt"],"picked":"SKIP","floor":5.0},{"not_picked":["Limit Break","Run Through","Intimidate"],"picked":"SKIP","floor":10.0},{"not_picked":["Run Through","Warcry"],"picked":"Burning Pact","floor":11.0},{"not_picked":["Wild Strike","ReplayReversal"],"picked":"Pommel Strike","floor":13.0},{"not_picked":["Thunderclap","Wild Strike"],"picked":"Power Through","floor":14}],"player_experience":329139,"relics_obtained":[{"floor":4.0,"key":"Ring of Greed"},{"floor":4.0,"key":"ReplayTheSpireMod:Ring of Challenge"},{"floor":4.0,"key":"Golden Egg"},{"floor":4.0,"key":"The Courier"},{"floor":7.0,"key":"Simple Rune"},{"floor":9.0,"key":"Mercury Hourglass"},{"floor":10.0,"key":"Iron Hammer"},{"floor":14,"key":"Replay:Kaleidoscope"}],"event_choices":[{"damage_healed":0.0,"max_hp_gain":0.0,"max_hp_loss":0.0,"gold_gain":0.0,"cards_transformed":["Defend_R"],"event_name":"Transmorgrifier","player_choice":"Transformed","floor":12.0,"gold_loss":0.0,"damage_taken":0.0,"cards_obtained":["Demon Form"]}],"is_beta":false,"boss_relics":[],"items_purged_floors":[],"is_endless":false,"potions_floor_spawned":[2,11],"killed_by":"Slime Boss","ascension_level":0}}