{"host":"qhhcmep1unj6mpf7","time":1611154374,"event":{"mods":["2.2 Compatiblity","AchievementEnabler","BaseMod","Colored Map","DeckTracker","Highlight Path","Keyboard Shortcuts","Minty Spire (QoL Compilation)","Permanent Neow","Quick Restart","Random Character Button","StSLib","SuperFastMode","everything is the same but u backflip on backflip"],"gold_per_floor":[115,65,65,30,50,50,82,95,143,143,154,168,187,206,206,305,305,323,71,90,109,127,127,127],"floor_reached":23,"language":"KOR","playtime":1167,"items_purged":[],"score":197,"play_id":"8e049960-0c91-469e-b6ea-cc747478b546","local_time":"20210120235254","is_ascension_mode":false,"campfire_choices":[{"data":"Loop","floor":6.0,"key":"SMITH"},{"data":"Darkness","floor":10.0,"key":"SMITH"},{"data":"Creative AI","floor":15,"key":"SMITH"}],"circlet_count":0,"master_deck":["Strike_B","Strike_B","Defend_B","Defend_B","Defend_B","Defend_B","Zap","Dualcast","Loop+1","Hologram","Darkness+1","Glacier","Creative AI+1","Redo","White Noise","Amplify","Meteor Strike"],"relics":["Cracked Core","Bird Faced Urn","Centennial Puzzle","Orichalcum","Inserter","Bottled Tornado"],"acts_visited":["Exordium","TheCity"],"potions_floor_usage":[12,12,17,23,23],"damage_taken":[{"damage":0.0,"enemies":"Small Slimes","floor":1.0,"turns":4.0},{"damage":1.0,"enemies":"Cultist","floor":5.0,"turns":4.0},{"damage":34.0,"enemies":"Gremlin Nob","floor":7.0,"turns":4.0},{"damage":1.0,"enemies":"Jaw Worm","floor":8.0,"turns":4.0},{"damage":17.0,"enemies":"Large Slime","floor":11.0,"turns":4.0},{"damage":4,"enemies":"Gremlin Gang","floor":12,"turns":19},{"damage":0,"enemies":"Blue Slaver","floor":13,"turns":4},{"damage":1,"enemies":"2 Fungi Beasts","floor":14,"turns":5},{"damage":29,"enemies":"Slime Boss","floor":16,"turns":7},{"damage":29,"enemies":"2 Thieves","floor":18,"turns":3},{"damage":20,"enemies":"Shell Parasite","floor":20,"turns":8},{"damage":32,"enemies":"Shelled Parasite and Fungi","floor":21,"turns":12},{"damage":46,"enemies":"Centurion and Healer","floor":22,"turns":10},{"damage":91,"enemies":"Gremlin Leader","floor":23,"turns":7}],"seed_played":"-2269136371556841577","potions_obtained":[{"floor":5.0,"key":"Swift Potion"},{"floor":8.0,"key":"Weak Potion"},{"floor":11.0,"key":"DistilledChaos"},{"floor":16,"key":"Fruit Juice"},{"floor":20,"key":"Regen Potion"},{"floor":21,"key":"Fire Potion"}],"is_trial":false,"path_per_floor":["M","?","?","$","M","R","E","M","T","R","M","M","M","M","R","B",null,"M","$","M","M","M","E"],"character_chosen":"DEFECT","items_purchased":["Loop","Bottled Tornado"],"campfire_rested":0,"item_purchase_floors":[4,19],"current_hp_per_floor":[54,54,54,54,55,55,23,24,24,24,9,51,53,56,56,43,80,51,51,57,80,64,0,0],"gold":127,"neow_bonus":"ONE_RARE_RELIC","is_daily":false,"chose_seed":false,"campfire_upgraded":3,"win_rate":0.0,"timestamp":1611154374,"path_taken":["M","?","?","$","M","R","E","M","T","R","M","?","M","?","R","BOSS","M","$","M","M","M","E"],"items_purchased_type":["Card","Relic"],"build_version":"2020-12-22","purchased_purges":0,"victory":false,"max_hp_per_floor":[75,75,75,75,75,75,75,75,75,75,75,75,75,75,75,75,80,80,80,80,80,80,80,80],"card_choices":[{"not_picked":["Gash","Barrage","Beam Cell"],"picked":"SKIP","floor":1.0},{"not_picked":["Compile Driver","Ball Lightning"],"picked":"Hologram","floor":5.0},{"not_picked":["Leap","Steam"],"picked":"Darkness","floor":7.0},{"not_picked":["Tempest","Force Field"],"picked":"Glacier","floor":8.0},{"not_picked":["Steam Power","Ball Lightning"],"picked":"Creative AI","floor":11.0},{"not_picked":["Cold Snap","Aggregate"],"picked":"Redo","floor":12},{"not_picked":["Conserve Battery","Reprogram"],"picked":"White Noise","floor":13},{"not_picked":["Heatsinks","Go for the Eyes","Sweeping Beam"],"picked":"SKIP","floor":14},{"not_picked":["Core Surge","Buffer"],"picked":"Amplify","floor":16},{"not_picked":["Sweeping Beam","Fusion+1","Streamline"],"picked":"SKIP","floor":18},{"not_picked":["Stack","Gash","Barrage"],"picked":"SKIP","floor":20},{"not_picked":["Skim","Loop"],"picked":"Meteor Strike","floor":21},{"not_picked":["Cold Snap+1","Gash","Streamline+1"],"picked":"SKIP","floor":22}],"player_experience":316783,"relics_obtained":[{"floor":7.0,"key":"Centennial Puzzle"},{"floor":9.0,"key":"Orichalcum"}],"event_choices":[{"cards_removed":["Strike_B"],"damage_healed":0.0,"max_hp_gain":0.0,"max_hp_loss":0.0,"gold_gain":0.0,"event_name":"The Cleric","player_choice":"Card Removal","floor":2.0,"gold_loss":50.0,"damage_taken":0.0},{"cards_removed":["Strike_B"],"damage_healed":0.0,"max_hp_gain":0.0,"max_hp_loss":0.0,"gold_gain":0.0,"event_name":"Bonfire Elementals","player_choice":"Offered Basic","floor":3.0,"gold_loss":0.0,"damage_taken":0.0}],"is_beta":false,"boss_relics":[{"not_picked":["SacredBark","Snecko Eye"],"picked":"Inserter"}],"items_purged_floors":[],"is_endless":false,"potions_floor_spawned":[5,8,11,16,20,21],"killed_by":"Gremlin Leader","ascension_level":0}}