{"host":"oigynbtg272c19pw","time":1611156245,"event":{"mods":["BaseMod","Colored Map","Minty Spire (QoL Compilation)","Relic Stats","Slay the Relics Exporter","StSLib"],"gold_per_floor":[113,113,113,132,144,144,175,175,175,201,220,22,22,41,41,119,119,132,147,160,170,56,85,95,18,18,18,33,65,65,79,79,79,79],"floor_reached":33,"playtime":1263,"items_purged":["Strike_G"],"score":648,"play_id":"fe781cff-6bfc-4600-81a2-0aba70f2d9fe","local_time":"20210120162405","is_ascension_mode":true,"campfire_choices":[{"data":"Envenom","floor":6.0,"key":"SMITH"},{"floor":8.0,"key":"REST"},{"data":"Catalyst","floor":15.0,"key":"SMITH"},{"data":"Night Terror","floor":27,"key":"SMITH"},{"data":"Finisher","floor":30,"key":"SMITH"},{"data":"Footwork","floor":32,"key":"SMITH"}],"circlet_count":0,"master_deck":["AscendersBane","Strike_G+1","Strike_G+1","Strike_G","Defend_G","Defend_G","Defend_G","Defend_G","Defend_G","Survivor","Neutralize","Poisoned Stab","Envenom+1","Blade Dance","Poisoned Stab","Finisher+1","Catalyst+1","Well Laid Plans","Backstab","Bane","Night Terror+1","Dagger Spray","Cloak And Dagger+1","Backflip+1","Backstab","Terror","PiercingWail","Footwork+1","Escape Plan+1","Blur"],"relics":["Ring of the Snake","Bronze Scales","Blue Candle","Whetstone","ClockworkSouvenir","Coffee Dripper","Orichalcum","Lantern","Smiling Mask"],"acts_visited":["Exordium","TheCity"],"potions_floor_usage":[23,23,28,29],"damage_taken":[{"damage":0.0,"enemies":"2 Louse","floor":1.0,"turns":3.0},{"damage":7.0,"enemies":"Jaw Worm","floor":4.0,"turns":4.0},{"damage":0.0,"enemies":"Cultist","floor":5.0,"turns":4.0},{"damage":34.0,"enemies":"3 Sentries","floor":7.0,"turns":7.0},{"damage":12.0,"enemies":"Lagavulin","floor":10.0,"turns":5.0},{"damage":4.0,"enemies":"2 Fungi Beasts","floor":11.0,"turns":3.0},{"damage":0.0,"enemies":"3 Louse","floor":14.0,"turns":1.0},{"damage":8.0,"enemies":"Hexaghost","floor":16.0,"turns":6.0},{"damage":0.0,"enemies":"Chosen","floor":18.0,"turns":3.0},{"damage":13.0,"enemies":"2 Thieves","floor":19.0,"turns":4.0},{"damage":2.0,"enemies":"Cultist and Chosen","floor":20.0,"turns":4.0},{"damage":0.0,"enemies":"Snecko","floor":21.0,"turns":3.0},{"damage":0,"enemies":"Gremlin Leader","floor":23,"turns":2},{"damage":23,"enemies":"Snake Plant","floor":24,"turns":4},{"damage":0,"enemies":"3 Cultists","floor":28,"turns":3},{"damage":5,"enemies":"Slavers","floor":29,"turns":6},{"damage":7,"enemies":"Centurion and Healer","floor":31,"turns":6},{"damage":10,"enemies":"Collector","floor":33,"turns":2}],"seed_played":"-8934814814838905376","potions_obtained":[{"floor":5.0,"key":"PowerPotion"},{"floor":7.0,"key":"ColorlessPotion"},{"floor":10.0,"key":"SteroidPotion"},{"floor":14.0,"key":"Block Potion"},{"floor":20.0,"key":"FearPotion"},{"floor":24,"key":"ColorlessPotion"},{"floor":28,"key":"PowerPotion"}],"is_trial":false,"path_per_floor":["M","?","?","M","M","R","E","R","T","E","M","$","$","M","R","B",null,"M","M","M","M","$","E","M","$","T","R","M","E","R","M","R","B"],"character_chosen":"THE_SILENT","items_purchased":["ClockworkSouvenir","Backstab","Backstab","Footwork"],"campfire_rested":1,"item_purchase_floors":[12,12,22,25],"current_hp_per_floor":[59,59,59,52,52,52,18,37,37,25,21,21,21,21,21,13,53,53,40,38,38,38,38,15,15,15,15,15,10,10,3,3,0,0],"gold":79,"neow_bonus":"RANDOM_COMMON_RELIC","is_daily":false,"chose_seed":false,"campfire_upgraded":5,"win_rate":0.0,"timestamp":1611156245,"path_taken":["M","?","?","M","M","R","E","R","T","E","M","?","$","M","R","BOSS","M","M","M","M","?","E","M","$","T","R","M","E","R","M","R","BOSS"],"items_purchased_type":["Relic","Card","Card","Card"],"build_version":"2020-12-13","purchased_purges":1,"victory":false,"max_hp_per_floor":[66,66,66,66,66,66,66,66,66,66,66,66,66,66,66,66,66,66,66,66,66,66,66,66,66,66,66,66,66,66,66,66,66,66],"relic_stats":{"counters":[18,70],"Bronze Scales":[168],"Blue Candle":[0],"Whetstone":["Strike_G","Strike_G"],"Orichalcum":[30],"Smiling Mask":0,"obtain_stats":[{"Lantern":26,"Bronze Scales":0,"Blue Candle":7,"Coffee Dripper":17,"Whetstone":10,"Orichalcum":23,"Smiling Mask":29,"Ring of the Snake":0,"ClockworkSouvenir":12},{"Lantern":14,"Bronze Scales":0,"Blue Candle":4,"Coffee Dripper":8,"Whetstone":5,"Orichalcum":13,"Smiling Mask":16,"Ring of the Snake":0,"ClockworkSouvenir":6},{"Lantern":53,"Bronze Scales":0,"Blue Candle":18,"Coffee Dripper":33,"Whetstone":23,"Orichalcum":49,"Smiling Mask":62,"Ring of the Snake":0,"ClockworkSouvenir":26}],"Ring of the Snake":[36]},"card_choices":[{"not_picked":["Caltrops","Outmaneuver"],"picked":"Poisoned Stab","floor":1.0},{"not_picked":["Deflect","Outmaneuver"],"picked":"Blade Dance","floor":4.0},{"not_picked":["Quick Slash","Underhanded Strike"],"picked":"Poisoned Stab","floor":5.0},{"not_picked":["Blade Dance","Grand Finale"],"picked":"Finisher","floor":7.0},{"not_picked":["Heel Hook","Tactician"],"picked":"Catalyst","floor":10.0},{"not_picked":["Finisher","Bane"],"picked":"Well Laid Plans","floor":11.0},{"not_picked":["Outmaneuver","Tactician"],"picked":"Bane","floor":14.0},{"not_picked":["Venomology","Bullet Time"],"picked":"Night Terror","floor":16.0},{"not_picked":["Backflip","Sucker Punch","Quick Slash+1"],"picked":"SKIP","floor":18.0},{"not_picked":["Infinite Blades","Reflex"],"picked":"Dagger Spray","floor":19.0},{"not_picked":["Dagger Throw","Flying Knee"],"picked":"Cloak And Dagger+1","floor":20.0},{"not_picked":["Sucker Punch","Cloak And Dagger+1"],"picked":"Backflip+1","floor":21.0},{"not_picked":["Bane+1","Quick Slash"],"picked":"Terror","floor":23},{"not_picked":["Deadly Poison","Dagger Throw"],"picked":"PiercingWail","floor":24},{"not_picked":["Cloak And Dagger","Eviscerate","Predator"],"picked":"SKIP","floor":28},{"not_picked":["Outmaneuver","Dagger Spray"],"picked":"Escape Plan+1","floor":29},{"not_picked":["Dagger Throw","Endless Agony"],"picked":"Blur","floor":31}],"player_experience":1446156,"relics_obtained":[{"floor":7.0,"key":"Blue Candle"},{"floor":10.0,"key":"Whetstone"},{"floor":23,"key":"Orichalcum"},{"floor":26,"key":"Lantern"},{"floor":29,"key":"Smiling Mask"}],"event_choices":[{"damage_healed":0.0,"max_hp_gain":0.0,"max_hp_loss":0.0,"gold_gain":0.0,"event_name":"Liars Game","player_choice":"Ignored","floor":2.0,"gold_loss":0.0,"damage_taken":0.0},{"damage_healed":0.0,"max_hp_gain":0.0,"max_hp_loss":0.0,"gold_gain":0.0,"cards_transformed":["Strike_G"],"event_name":"Living Wall","player_choice":"Change","floor":3.0,"gold_loss":0.0,"damage_taken":0.0,"cards_obtained":["Envenom"]}],"is_beta":false,"boss_relics":[{"not_picked":["Empty Cage","WristBlade"],"picked":"Coffee Dripper"}],"items_purged_floors":[22],"is_endless":false,"potions_floor_spawned":[5,7,10,11,14,20,24,28],"killed_by":"Collector","ascension_level":20}}