{"host":"kig4ty9d1aubg29s","time":1611146910,"event":{"mods":["BaseMod","Minty Spire (QoL Compilation)","READ ME - Guardian Mod","READ ME - Snecko Mod","StSLib","The Cursed","The Gatherer","The Hierophant","The Runesmith"],"gold_per_floor":[17,33,33,59,92,104,156,168,180,201,235,276,288,332,344,463,547,589,629,641,653,653],"floor_reached":21,"language":"KOR","playtime":573,"items_purged":[],"score":387,"play_id":"c91bbfa9-14e4-4dee-825e-ceabc55a6f42","local_time":"20210120214830","is_ascension_mode":true,"campfire_choices":[{"data":"Storm","floor":6,"key":"SMITH"},{"floor":13,"key":"REST"},{"data":"Zap","floor":15,"key":"SMITH"}],"circlet_count":0,"master_deck":["AscendersBane","Strike_B","Strike_B","Strike_B","Strike_B","Defend_B","Defend_B","Defend_B","Defend_B","Zap+1","Dualcast","Storm+1","Sweeping Beam","Injury","Stack+1","Rebound","Parasite","Coolheaded","Heatsinks","Doom and Gloom","Electrodynamics","Darkness","Ball Lightning","Lockon"],"relics":["Cracked Core","Golden Idol","MawBank","CeramicFish","Letter Opener","Tiny House"],"acts_visited":["Exordium","TheCity"],"potions_floor_usage":[7,16,16,18],"damage_taken":[{"damage":1,"enemies":"Cultist","floor":1,"turns":3},{"damage":4,"enemies":"Jaw Worm","floor":2,"turns":4},{"damage":0,"enemies":"Small Slimes","floor":5,"turns":2},{"damage":30,"enemies":"Lagavulin","floor":7,"turns":6},{"damage":17,"enemies":"Looter","floor":11,"turns":3},{"damage":16,"enemies":"3 Louse","floor":12,"turns":4},{"damage":12,"enemies":"2 Fungi Beasts","floor":14,"turns":3},{"damage":26,"enemies":"Slime Boss","floor":16,"turns":10},{"damage":29,"enemies":"Chosen","floor":18,"turns":7},{"damage":39,"enemies":"2 Thieves","floor":19,"turns":3},{"damage":18,"enemies":"Centurion and Healer","floor":21,"turns":2}],"seed_played":"810294368909534880","potions_obtained":[{"floor":1,"key":"FearPotion"},{"floor":5,"key":"DuplicationPotion"},{"floor":14,"key":"FearPotion"},{"floor":17,"key":"Fruit Juice"},{"floor":19,"key":"SteroidPotion"}],"is_trial":false,"path_per_floor":["M","M","?","T","M","R","E","?","T","?","M","M","R","M","R","B",null,"M","M","?","M"],"character_chosen":"DEFECT","items_purchased":[],"campfire_rested":1,"item_purchase_floors":[],"current_hp_per_floor":[77,73,73,73,73,73,43,43,43,64,47,31,56,44,44,18,73,49,10,10,0,0],"gold":653,"neow_bonus":"TWENTY_PERCENT_HP_BONUS","is_daily":false,"chose_seed":false,"campfire_upgraded":2,"win_rate":0.0,"timestamp":1611146910,"path_taken":["M","M","?","?","M","R","E","?","T","?","M","M","R","M","R","BOSS","M","M","?","M"],"items_purchased_type":[],"build_version":"2020-12-22","purchased_purges":0,"victory":false,"max_hp_per_floor":[85,85,85,85,85,85,85,85,85,85,85,85,85,85,85,85,90,95,95,95,95,95],"card_choices":[{"not_picked":["Melter","Beam Cell"],"picked":"Storm","floor":1},{"not_picked":["Leap","Rebound"],"picked":"Sweeping Beam","floor":2},{"not_picked":["Turbo","Blizzard"],"picked":"Stack","floor":5},{"not_picked":["Gash","Leap"],"picked":"Rebound","floor":7},{"not_picked":["Streamline","Rebound"],"picked":"Coolheaded","floor":11},{"not_picked":["Genetic Algorithm","Go for the Eyes"],"picked":"Heatsinks","floor":12},{"not_picked":["Rainbow","Gash"],"picked":"Doom and Gloom","floor":14},{"not_picked":["Meteor Strike","Biased Cognition"],"picked":"Electrodynamics","floor":16},{"not_picked":["Leap","Sweeping Beam"],"picked":"Darkness","floor":17},{"not_picked":["Cold Snap","Sweeping Beam"],"picked":"Ball Lightning","floor":18},{"not_picked":["Compile Driver","Streamline"],"picked":"Lockon","floor":19}],"player_experience":1954932,"relics_obtained":[{"floor":4,"key":"MawBank"},{"floor":7,"key":"CeramicFish"},{"floor":9,"key":"Letter Opener"}],"event_choices":[{"damage_healed":0,"gold_gain":0,"player_choice":"Take Wound","damage_taken":0,"relics_obtained":["Golden Idol"],"max_hp_gain":0,"max_hp_loss":0,"event_name":"Golden Idol","floor":3,"gold_loss":0,"cards_obtained":["Injury"]},{"damage_healed":0,"gold_gain":0,"player_choice":"Ignored","damage_taken":0,"max_hp_gain":0,"max_hp_loss":0,"event_name":"Shining Light","floor":8,"gold_loss":0},{"damage_healed":21,"gold_gain":0,"player_choice":"Healed and dodged fight","damage_taken":0,"max_hp_gain":0,"max_hp_loss":0,"event_name":"Mushrooms","floor":10,"gold_loss":0,"cards_obtained":["Parasite"]},{"damage_healed":0,"gold_gain":0,"player_choice":"Ignored","damage_taken":0,"max_hp_gain":0,"max_hp_loss":0,"event_name":"Cursed Tome","floor":20,"gold_loss":0}],"is_beta":false,"boss_relics":[{"not_picked":["Coffee Dripper","SacredBark"],"picked":"Tiny House"}],"items_purged_floors":[],"is_endless":false,"potions_floor_spawned":[1,5,14,19],"killed_by":"Centurion and Healer","ascension_level":20}}