{"host":"0dsi8ju7ih3zb7n8","time":1611171144,"event":{"mods":["2.2 Compatiblity","Act Like it!","BaseMod","Downfall","Hermit","Minty Spire (QoL Compilation)","Robot Space Explorer","Spicy Shops","StSLib"],"gold_per_floor":[115,115,128,128,128,159,192,192,215,215,215,60,60,94,94,198,198,210,485,505,196,196,227,227,227,254,289,289,289,323,37,37,137,137,156,156,172,172,218,218,249,70,70,70,70,70,101,126,126,126],"floor_reached":51,"language":"ENG","playtime":2043,"items_purged":[],"score":1147,"play_id":"a115a36c-ecf3-4dd5-afab-2cb40b6d3b67","local_time":"20210120203224","daily_mods":["SealedDeck","Heirloom","Flight"],"is_ascension_mode":false,"campfire_choices":[{"data":"champ:PreemptiveStrike","floor":8,"key":"SMITH"},{"data":"champ:SetATrap","floor":10,"key":"SMITH"},{"data":"champ:ShieldSlam","floor":11,"key":"SMITH"},{"data":"champ:Backstep","floor":13,"key":"SMITH"},{"data":"champ:VampiricStrike","floor":15,"key":"SMITH"},{"data":"champ:EnchantSword","floor":25,"key":"SMITH"},{"data":"champ:RapidStrikes","floor":29,"key":"SMITH"},{"data":"champ:Devastate","floor":32,"key":"SMITH"},{"data":"champ:FancyFootwork","floor":40,"key":"SMITH"},{"data":"champ:StanceDance","floor":44,"key":"SMITH"},{"data":"champ:FaceSlap","floor":45,"key":"SMITH"},{"data":"Panacea","floor":49,"key":"SMITH"}],"circlet_count":0,"master_deck":["champ:PreemptiveStrike+1","champ:ArenaPreparation","champ:DeathBlow","champ:FaceSlap+1","champ:FancyFootwork+1","champ:StanceDance+1","champ:DefensiveStyle","champ:RapidStrikes+1","champ:ShieldSlam+1","champ:ArenaPreparation","champ:SetATrap+1","champ:FocusedBerserking","champ:Backstep+1","champ:VampiricStrike+1","champ:EnchantSword+1","champ:ViciousMockery+1","champ:MurderStrike","champ:RecklessLeap+1","champ:Devastate+1","champ:Improvising+1","champ:EndlessRage+1","Panacea+1","Flash of Steel+1","Magnetism+1","champ:MurderStrike+1","champ:CalledShot+1"],"relics":["champ:ChampionCrown","Torii","champ:LiftRelic","PreservedInsect","Matryoshka","Lantern","Toy Ornithopter","Membership Card","Frozen Egg 2","Philosopher\u0027s Stone","TungstenRod","champ:BerserkersGuideToSlaughter","Juzu Bracelet","Shuriken","Nunchaku","hexamod:CandleOfCauterizing","bronze:BronzeIdol","Slimebound:StickyStick","MealTicket","Enchiridion","Omamori","Molten Egg 2","Ginger","sneckomod:SneckoTalon","Thread and Needle","Pen Nib","Dead Branch","bronze:DonusWashers","Happy Flower","Letter Opener","sneckomod:BlankCard"],"acts_visited":["Exordium","TheCity","TheBeyond"],"potions_floor_usage":[39],"damage_taken":[{"damage":16,"enemies":"Jaw Worm","floor":1,"turns":3},{"damage":10,"enemies":"Cultist","floor":3,"turns":2},{"damage":0,"enemies":"3 Sentries","floor":6,"turns":1},{"damage":0,"enemies":"Gremlin Nob","floor":7,"turns":2},{"damage":45,"enemies":"3 Sentries","floor":14,"turns":2},{"damage":85,"enemies":"Slime Boss","floor":16,"turns":6},{"damage":10,"enemies":"Shell Parasite","floor":18,"turns":3},{"damage":25,"enemies":"Spheric Guardian","floor":20,"turns":3},{"damage":17,"enemies":"Slavers","floor":23,"turns":4},{"damage":7,"enemies":"Gremlin Leader","floor":27,"turns":3},{"damage":0,"enemies":"Book of Stabbing","floor":30,"turns":2},{"damage":30,"enemies":"Automaton","floor":33,"turns":5},{"damage":42,"enemies":"3 Darklings","floor":35,"turns":3},{"damage":39,"enemies":"3 Shapes","floor":37,"turns":3},{"damage":30,"enemies":"2 Orb Walkers","floor":39,"turns":4},{"damage":15,"enemies":"Reptomancer","floor":41,"turns":3},{"damage":13,"enemies":"Nemesis","floor":47,"turns":3},{"damage":7,"enemies":"Reptomancer","floor":48,"turns":3},{"damage":73,"enemies":"Awakened One","floor":50,"turns":5}],"seed_played":"6716786657556830045","potions_obtained":[{"floor":3,"key":"AttackPotion"},{"floor":7,"key":"champ:TechniquePotion"},{"floor":18,"key":"SpeedPotion"},{"floor":20,"key":"PowerPotion"},{"floor":46,"key":"DuplicationPotion"}],"is_trial":true,"path_per_floor":["M","?","M","?","?","E","E","R","T","R","R","$","R","E","R","B",null,"M","?","M","$","?","E","?","R","T","E","?","R","E","$","R","B",null,"M","?","M","?","?","R","E","$","T","R","R","?","E","E","R","B",null],"character_chosen":"THE_CHAMP","items_purchased":["Membership Card","TungstenRod","champ:BerserkersGuideToSlaughter","Juzu Bracelet","Shuriken","Nunchaku","Molten Egg 2","Ginger","Dead Branch","bronze:DonusWashers"],"campfire_rested":0,"item_purchase_floors":[12,21,21,21,21,21,31,31,42,42],"current_hp_per_floor":[89,90,90,95,95,95,95,95,95,95,95,95,95,95,95,95,95,95,95,95,95,77,75,75,75,75,88,76,76,86,100,100,100,100,100,95,86,77,82,82,87,95,95,95,95,95,95,95,95,62],"gold":126,"neow_bonus":"","is_daily":false,"chose_seed":false,"campfire_upgraded":12,"win_rate":0.0,"timestamp":1611171144,"path_taken":["M","?","?","?","?","E","E","R","T","R","R","?","R","E","R","BOSS","M","?","?","$","?","E","?","R","T","E","?","R","E","?","R","BOSS","M","?","M","?","?","R","E","$","T","R","R","?","E","E","R","BOSS"],"items_purchased_type":["Relic","Relic","Relic","Relic","Relic","Relic","Relic","Relic","Relic","Relic"],"build_version":"2020-12-22","purchased_purges":0,"victory":true,"max_hp_per_floor":[90,90,90,95,95,95,95,95,95,95,95,95,95,95,95,95,95,95,95,95,95,100,100,100,100,100,100,100,100,100,100,100,100,100,100,95,95,95,95,95,95,95,95,95,95,95,95,95,95,95],"card_choices":[{"not_picked":["champ:FanOfKnives","champ:BerserkersShout"],"picked":"champ:ArenaPreparation","floor":1},{"not_picked":["champ:DeathBlow","champ:PerfectedStrike"],"picked":"champ:SetATrap","floor":3},{"not_picked":["champ:Shatter","champ:Circumvent"],"picked":"champ:FocusedBerserking","floor":6},{"not_picked":["champ:CrownThrow","champ:SkillfulDodge","champ:Backstep"],"picked":"SKIP","floor":7},{"not_picked":["champ:CrownThrow","champ:SkillfulDodge"],"picked":"champ:Backstep","floor":7},{"not_picked":["champ:GutPunch","champ:CrownThrow"],"picked":"champ:VampiricStrike","floor":14},{"not_picked":["champ:SteelEdge","champ:TripleStrike"],"picked":"champ:EnchantSword","floor":16},{"not_picked":["champ:EnGarde","champ:Backstep","champ:BerserkersShout"],"picked":"SKIP","floor":18},{"not_picked":["champ:Shatter","champ:CrownThrow"],"picked":"champ:ViciousMockery+1","floor":20},{"not_picked":["champ:Endure","champ:EnGarde"],"picked":"champ:MurderStrike","floor":23},{"not_picked":["champ:ShieldSigil+1","champ:CrownThrow+1"],"picked":"champ:RecklessLeap+1","floor":27},{"not_picked":["champ:HeartStrike","champ:Haymaker+1"],"picked":"champ:Devastate","floor":30},{"not_picked":["champ:TripleStrike+1","champ:VampiricStrike+1"],"picked":"champ:Improvising+1","floor":33},{"not_picked":["champ:AdrenalArmor+1","champ:ShieldSigil"],"picked":"champ:EndlessRage+1","floor":35},{"not_picked":["champ:EnGarde","champ:ShieldSigil+1","champ:Endure"],"picked":"SKIP","floor":37},{"not_picked":["Purity","Madness"],"picked":"Panacea","floor":38},{"not_picked":["Bandage Up","Panacea"],"picked":"Flash of Steel+1","floor":38},{"not_picked":["Dramatic Entrance+1","Deep Breath"],"picked":"Magnetism+1","floor":38},{"not_picked":["champ:PreciseThrust+1","champ:GutPunch+1","champ:CrownThrow+1"],"picked":"SKIP","floor":41},{"not_picked":["champ:Endure","champ:RecklessLeap+1"],"picked":"champ:MurderStrike+1","floor":47},{"not_picked":["champ:GutPunch+1","champ:FlashCut+1"],"picked":"champ:CalledShot+1","floor":48}],"player_experience":828368,"relics_obtained":[{"floor":6,"key":"PreservedInsect"},{"floor":7,"key":"Matryoshka"},{"floor":9,"key":"Lantern"},{"floor":9,"key":"Toy Ornithopter"},{"floor":14,"key":"Frozen Egg 2"},{"floor":23,"key":"hexamod:CandleOfCauterizing"},{"floor":26,"key":"bronze:BronzeIdol"},{"floor":26,"key":"Slimebound:StickyStick"},{"floor":27,"key":"MealTicket"},{"floor":28,"key":"Enchiridion"},{"floor":30,"key":"Omamori"},{"floor":39,"key":"Thread and Needle"},{"floor":41,"key":"Pen Nib"},{"floor":43,"key":"Happy Flower"},{"floor":47,"key":"Letter Opener"},{"floor":48,"key":"sneckomod:BlankCard"}],"event_choices":[{"cards_removed":["champ:EnGarde"],"damage_healed":5,"gold_gain":0,"player_choice":"Offered Common","damage_taken":0,"max_hp_gain":0,"max_hp_loss":0,"event_name":"Bonfire Elementals","floor":2,"gold_loss":0},{"cards_removed":["champ:EnGarde"],"damage_healed":5,"gold_gain":0,"player_choice":"Offered Special","damage_taken":0,"max_hp_gain":0,"max_hp_loss":0,"event_name":"Bonfire Elementals","floor":2,"gold_loss":0},{"damage_healed":0,"gold_gain":0,"player_choice":"Donut","damage_taken":0,"max_hp_gain":5,"max_hp_loss":0,"event_name":"Big Fish","floor":4,"gold_loss":0},{"damage_healed":0,"gold_gain":275,"player_choice":"Desecrate","damage_taken":0,"max_hp_gain":0,"max_hp_loss":0,"event_name":"Golden Shrine","floor":19,"gold_loss":0,"cards_obtained":["Regret"]},{"damage_healed":0,"gold_gain":0,"player_choice":"Shed Blood","damage_taken":24,"max_hp_gain":5,"max_hp_loss":0,"event_name":"Forgotten Altar","floor":22,"gold_loss":0},{"damage_healed":0,"gold_gain":0,"player_choice":"Obtained Book","damage_taken":16,"max_hp_gain":0,"max_hp_loss":0,"event_name":"Cursed Tome","floor":28,"gold_loss":0},{"damage_healed":0,"gold_gain":0,"player_choice":"Max HP","damage_taken":0,"max_hp_gain":0,"max_hp_loss":5,"event_name":"Winding Halls","floor":36,"gold_loss":0},{"damage_healed":0,"gold_gain":0,"player_choice":"Memory 3","damage_taken":10,"max_hp_gain":0,"max_hp_loss":0,"event_name":"SensoryStone","floor":38,"gold_loss":0},{"damage_healed":0,"gold_gain":0,"player_choice":"Fight","damage_taken":0,"max_hp_gain":0,"max_hp_loss":0,"event_name":"Mysterious Sphere","floor":39,"gold_loss":0},{"damage_healed":0,"gold_gain":0,"player_choice":"Got Potions","damage_taken":0,"max_hp_gain":0,"max_hp_loss":0,"event_name":"Lab","floor":46,"gold_loss":0}],"is_beta":false,"boss_relics":[{"not_picked":["champ:PowerArmor","Astrolabe"],"picked":"Philosopher\u0027s Stone"},{"not_picked":["Tiny House","Snecko Eye"],"picked":"sneckomod:SneckoTalon"}],"items_purged_floors":[],"is_endless":false,"potions_floor_spawned":[3,7,18,20,35,37],"ascension_level":0}}