{"host":"33wh7cigx3w9wmym","time":1611104580,"event":{"mods":["AchievementEnabler","Act Like it!","BaseMod","Colored Map","Colored Powertips","Downfall","Friendly Minions","GifTheSpireLib","Minty Spire (QoL Compilation)","StSLib"],"gold_per_floor":[99,114,24,88,106,6,33,49,49,82,82,100,130,146,164,266,266,166,183,183,201,214,105,105,105,105,120,145,145,175,193,203,203,203],"floor_reached":33,"language":"ENG","playtime":2086,"items_purged":["Injury"],"score":401,"play_id":"016d959b-7bf8-4d0d-a64e-56f335236eda","local_time":"20210119230300","is_ascension_mode":true,"campfire_choices":[{"floor":1,"key":"RECALL"},{"data":"champ:Taunt","floor":6,"key":"SMITH"},{"data":"champ:EnGarde","floor":9,"key":"SMITH"},{"data":"champ:SwordSigil","floor":11,"key":"SMITH"},{"data":"champ:Lariat","floor":18,"key":"SMITH"},{"data":"champ:ShieldWall","floor":26,"key":"SMITH"},{"data":"champ:MurderStrike","floor":29,"key":"SMITH"}],"circlet_count":0,"master_deck":["champ:Strike","champ:Strike","champ:Strike","champ:Strike","champ:Defend","champ:Defend","champ:Defend","champ:Defend","champ:Execute","champ:Taunt+1","champ:PreemptiveStrike","champ:EnGarde+1","champ:BringItOn","champ:ShieldWall+1","champ:DefensiveStyle","champ:SwordSigil+1","champ:Lariat+1","champ:DefensiveShout","champ:ArenaPreparation","CurseOfTheBell","champ:DefensiveShout","champ:PreemptiveStrike","champ:FlashCut","champ:Circumvent","Writhe","champ:MurderStrike+1","champ:ArenaPreparation","champ:VampiricStrike"],"relics":["champ:ChampionCrown","FossilizedHelix","champ:DefensiveTrainingManual","downfall:HeartBlessingRed","Orichalcum","Art of War","Darkstone Periapt","Calling Bell","Smiling Mask","champ:SpectersHand","WingedGreaves","downfall:HeartBlessingGreen","Bottled Lightning","StoneCalendar","Bag of Marbles","Oddly Smooth Stone"],"acts_visited":["Exordium","TheCity"],"potions_floor_usage":[],"damage_taken":[{"damage":1,"enemies":"2 Louse","floor":2,"turns":3},{"damage":0,"enemies":"downfall:FleeingMerchant","floor":3,"turns":4},{"damage":55,"enemies":"Lagavulin Event","floor":4,"turns":8},{"damage":1,"enemies":"Cultist","floor":5,"turns":4},{"damage":0,"enemies":"Small Slimes","floor":8,"turns":4},{"damage":12,"enemies":"Lagavulin","floor":10,"turns":8},{"damage":10,"enemies":"Blue Slaver","floor":12,"turns":4},{"damage":0,"enemies":"3 Sentries","floor":13,"turns":3},{"damage":0,"enemies":"2 Fungi Beasts","floor":14,"turns":3},{"damage":0,"enemies":"Large Slime","floor":15,"turns":4},{"damage":23,"enemies":"WA_ARCHETYPE_RETAIN","floor":16,"turns":7},{"damage":31,"enemies":"Shell Parasite","floor":19,"turns":4},{"damage":0,"enemies":"3 Cultists","floor":21,"turns":2},{"damage":55,"enemies":"Centurion and Healer","floor":22,"turns":5},{"damage":0,"enemies":"downfall:FleeingMerchant","floor":23,"turns":4},{"damage":33,"enemies":"Sentry and Sphere","floor":27,"turns":5},{"damage":41,"enemies":"Book of Stabbing","floor":28,"turns":6},{"damage":0,"enemies":"Gremlin Leader","floor":30,"turns":4},{"damage":9,"enemies":"Snecko","floor":31,"turns":3},{"damage":0,"enemies":"3 Cultists","floor":32,"turns":3},{"damage":46,"enemies":"DF_ARCHETYPE_CLAW","floor":33,"turns":5}],"seed_played":"4276878879697041366","potions_obtained":[{"floor":8,"key":"ColorlessPotion"},{"floor":10,"key":"SteroidPotion"},{"floor":13,"key":"SpeedPotion"},{"floor":14,"key":"champ:UltimateStancePotion"}],"is_trial":false,"path_per_floor":["R","M","$","?","M","R","T","M","R","E","R","M","E","M","M","B",null,"R","M","?","M","M","$","T","?","R","M","E","R","E","M","M","B"],"character_chosen":"THE_CHAMP","items_purchased":["champ:FlashCut","champ:Circumvent"],"campfire_rested":0,"item_purchase_floors":[23,23],"current_hp_per_floor":[90,89,90,60,69,69,69,69,69,77,77,77,77,87,90,77,96,96,75,96,96,96,96,96,102,102,89,48,48,48,39,39,0,0,0],"gold":203,"neow_bonus":"ONE_RARE_RELIC","is_daily":false,"chose_seed":false,"campfire_upgraded":6,"win_rate":0.0,"timestamp":1611104580,"path_taken":["R","M","$","?","M","R","T","M","R","E","R","M","E","M","M","BOSS","R","M","?","M","?","$","T","?","R","M","E","R","E","M","M","BOSS"],"items_purchased_type":["Card","Card"],"build_version":"2020-12-22","purchased_purges":1,"victory":false,"max_hp_per_floor":[90,90,90,90,90,90,90,90,90,90,90,90,90,90,90,90,96,96,96,96,96,96,96,96,102,102,102,102,102,102,102,102,102,102,102],"card_choices":[{"not_picked":["champ:Circumvent","champ:FalseCounter"],"picked":"champ:PreemptiveStrike","floor":2},{"not_picked":["champ:AdrenalArmor","champ:Backstep"],"picked":"champ:EnGarde","floor":3},{"not_picked":["champ:IronFortress","champ:PerfectedStrike"],"picked":"champ:BringItOn","floor":4},{"not_picked":["champ:BringItOn","champ:BladeFlurry"],"picked":"champ:ShieldWall","floor":5},{"not_picked":["champ:FocusedBerserking","champ:BerserkersShout"],"picked":"champ:DefensiveStyle","floor":8},{"not_picked":["champ:TornadoPunch","champ:DefensiveStyle"],"picked":"champ:SwordSigil","floor":10},{"not_picked":["champ:StanceDance","champ:ShieldSlam"],"picked":"champ:Lariat","floor":12},{"not_picked":["champ:GutPunch","champ:FalseCounter"],"picked":"champ:DefensiveShout","floor":13},{"not_picked":["champ:DefensiveShout","champ:GutPunch"],"picked":"champ:ArenaPreparation","floor":14},{"not_picked":["champ:EnGarde","champ:FocusedDefense","champ:FanOfKnives"],"picked":"SKIP","floor":15},{"not_picked":["champ:BringItOn+1","champ:DefensiveShout","champ:BerserkersShout+1"],"picked":"SKIP","floor":19},{"not_picked":["champ:BringItOn+1","champ:BerserkersShout+1"],"picked":"champ:DefensiveShout","floor":19},{"not_picked":["champ:Backstep","champ:DefensiveStyle+1"],"picked":"champ:PreemptiveStrike","floor":21},{"not_picked":["champ:Haymaker","champ:BerserkersShout+1","champ:Lariat+1"],"picked":"SKIP","floor":22},{"not_picked":["champ:PreciseThrust","champ:RapidStrikes","champ:Encircle"],"picked":"SKIP","floor":23},{"not_picked":["champ:SwordSigil","champ:FlashCut"],"picked":"champ:MurderStrike","floor":27},{"not_picked":["champ:PerfectedStrike","champ:DefensiveStyle","champ:LastStand"],"picked":"SKIP","floor":28},{"not_picked":["champ:AdrenalArmor","champ:FanOfKnives"],"picked":"champ:ArenaPreparation","floor":30},{"not_picked":["champ:PreciseThrust","champ:DefensiveShout","champ:ShieldSigil"],"picked":"SKIP","floor":31},{"not_picked":["champ:EndlessRage+1","champ:BerserkersShout"],"picked":"champ:VampiricStrike","floor":32}],"player_experience":415756,"relics_obtained":[{"floor":4,"key":"champ:DefensiveTrainingManual"},{"floor":7,"key":"Orichalcum"},{"floor":10,"key":"Art of War"},{"floor":13,"key":"Darkstone Periapt"},{"floor":17,"key":"Smiling Mask"},{"floor":17,"key":"champ:SpectersHand"},{"floor":17,"key":"WingedGreaves"},{"floor":24,"key":"Bottled Lightning"},{"floor":28,"key":"Bag of Marbles"},{"floor":30,"key":"Oddly Smooth Stone"}],"event_choices":[{"damage_healed":21,"gold_gain":0,"player_choice":"Full Heal","damage_taken":0,"max_hp_gain":0,"max_hp_loss":0,"event_name":"Wheel of Change","floor":20,"gold_loss":0}],"is_beta":false,"boss_relics":[{"not_picked":["Astrolabe","champ:ChampionCrownUpgraded"],"picked":"Calling Bell"}],"items_purged_floors":[3],"is_endless":false,"potions_floor_spawned":[8,10,13,14,16,22,30,31,32],"killed_by":"DF_ARCHETYPE_CLAW","ascension_level":3}}