{"host":"44ogagedco4idcly","time":1611177457,"event":{"mods":["BaseMod","Minty Spire (QoL Compilation)","Replay The Spire","StSLib"],"gold_per_floor":[119,131,131,150,55,55,67,93,145,77,77,77,77,88,88,184,184,195,141,152,152,251,251,264,280,280,297,311,311,311],"floor_reached":29,"language":"ENG","playtime":738,"items_purged":[],"score":238,"play_id":"751716c0-6f46-4aab-82da-f43506e15f46","local_time":"20210120151737","is_ascension_mode":true,"campfire_choices":[{"data":"Twin Strike","floor":6,"key":"SMITH"},{"data":"Flame Barrier","floor":13,"key":"SMITH"},{"data":"Inflame","floor":15,"key":"SMITH"},{"data":"Limit Break","floor":23,"key":"SMITH"}],"circlet_count":0,"master_deck":["Strike_R+1","Strike_R","Strike_R","Strike_R","Strike_R","Defend_R","Defend_R","Defend_R","Defend_R","Bash","Cleave","Twin Strike+1","Bludgeon","Swift Strike","Flame Barrier+1","Inflame+1","Cleave","Limit Break+1","CurseOfTheBell","Heavy Blade","Inflame","Inflame","Thunderclap","Blood for Blood+1","Demon Form","Heavy Blade+1"],"relics":["Burning Blood","Juzu Bracelet","HornCleat","Replay:Mystery Machine","ReplayFunnel","Calling Bell","Happy Flower","Darkstone Periapt","Replay:Towering Pillar of Hats","White Beast Statue"],"acts_visited":["Exordium","TheCity"],"potions_floor_usage":[16,16,28,28,29],"damage_taken":[{"damage":5,"enemies":"Small Slimes","floor":1,"turns":3},{"damage":7,"enemies":"2 Louse","floor":2,"turns":3},{"damage":1,"enemies":"Jaw Worm","floor":4,"turns":3},{"damage":0,"enemies":"Large Slime","floor":7,"turns":2},{"damage":17,"enemies":"3 Sentries","floor":8,"turns":5},{"damage":0,"enemies":"3 Louse","floor":14,"turns":2},{"damage":28,"enemies":"Hexaghost","floor":16,"turns":8},{"damage":0,"enemies":"Chosen","floor":18,"turns":3},{"damage":14,"enemies":"3 Byrds","floor":20,"turns":6},{"damage":32,"enemies":"3 Cultists","floor":24,"turns":5},{"damage":24,"enemies":"Centurion and Healer","floor":25,"turns":5},{"damage":28,"enemies":"Snake Plant","floor":27,"turns":4},{"damage":34,"enemies":"Cultist and Chosen","floor":28,"turns":7},{"damage":10,"enemies":"Book of Stabbing","floor":29,"turns":4}],"seed_played":"2423693510642971077","potions_obtained":[{"floor":4,"key":"Strength Potion"},{"floor":7,"key":"BlessingOfTheForge"},{"floor":8,"key":"Elixir"},{"floor":16,"key":"EssenceOfSteel"},{"floor":20,"key":"BloodPotion"},{"floor":24,"key":"LiquidBronze"},{"floor":28,"key":"LifebloodPotion"}],"is_trial":false,"path_per_floor":["M","M","?","M","$","R","M","E","T","$","?","?","R","M","R","B",null,"M","$","M","?","?","R","M","M","T","M","M","E"],"character_chosen":"IRONCLAD","items_purchased":["Swift Strike","Inflame","Inflame"],"campfire_rested":0,"item_purchase_floors":[5,10,19],"current_hp_per_floor":[80,79,79,80,80,80,80,69,69,69,74,62,62,68,68,46,85,85,85,77,85,85,85,59,41,41,19,8,0,0],"gold":311,"neow_bonus":"RANDOM_COMMON_RELIC","is_daily":false,"chose_seed":false,"campfire_upgraded":4,"win_rate":0.0,"timestamp":1611177457,"path_taken":["M","M","?","M","$","R","M","E","T","$","?","?","R","M","R","BOSS","M","$","M","?","?","R","M","M","T","M","M","E"],"items_purchased_type":["Card","Card","Card"],"build_version":"2020-12-22","purchased_purges":0,"victory":false,"max_hp_per_floor":[80,80,80,80,80,80,80,80,80,80,85,85,85,85,85,85,85,85,85,85,85,85,85,85,85,85,85,85,85,85],"card_choices":[{"not_picked":["Havoc","ReplayTheSpireMod:Stacked"],"picked":"Cleave","floor":1},{"not_picked":["Flex","ReplayTheSpireMod:Stacked"],"picked":"Twin Strike","floor":2},{"not_picked":["Rage","Wild Strike"],"picked":"Bludgeon","floor":4},{"not_picked":["ReplayTheSpireMod:Strike From Hell","Massacre","Replay:Undeath\u0027s Touch"],"picked":"SKIP","floor":7},{"not_picked":["Entrench","Abandon"],"picked":"Flame Barrier","floor":8},{"not_picked":["Infernal Blade","True Grit"],"picked":"Cleave","floor":14},{"not_picked":["Impervious","Reaper"],"picked":"Limit Break","floor":16},{"not_picked":["Pummel","ReplayTheSpireMod:Limb From Limb"],"picked":"Heavy Blade","floor":18},{"not_picked":["Twin Strike","Clash"],"picked":"Thunderclap","floor":20},{"not_picked":["Flex","Sentinel"],"picked":"Blood for Blood+1","floor":24},{"not_picked":["Replay:Undeath\u0027s Touch","True Grit+1"],"picked":"Demon Form","floor":25},{"not_picked":["Cleave","Pommel Strike"],"picked":"Heavy Blade+1","floor":27},{"not_picked":["Clash+1","ReplayTheSpireMod:LeadingStrike","ReplayReversal"],"picked":"SKIP","floor":28}],"player_experience":122560,"relics_obtained":[{"floor":8,"key":"HornCleat"},{"floor":9,"key":"Replay:Mystery Machine"},{"floor":17,"key":"Happy Flower"},{"floor":17,"key":"Darkstone Periapt"},{"floor":17,"key":"Replay:Towering Pillar of Hats"},{"floor":26,"key":"White Beast Statue"}],"event_choices":[{"damage_healed":0,"gold_gain":0,"player_choice":"Donut","damage_taken":0,"max_hp_gain":5,"max_hp_loss":0,"event_name":"Big Fish","floor":11,"gold_loss":0},{"damage_healed":0,"gold_gain":0,"player_choice":"Success","damage_taken":12,"relics_obtained":["ReplayFunnel"],"max_hp_gain":0,"max_hp_loss":0,"event_name":"Scrap Ooze","floor":12,"gold_loss":0},{"damage_healed":28,"gold_gain":0,"player_choice":"Heal","damage_taken":0,"max_hp_gain":0,"max_hp_loss":0,"event_name":"The Library","floor":21,"gold_loss":0},{"damage_healed":0,"gold_gain":99,"player_choice":"Stole From Cult","damage_taken":0,"max_hp_gain":0,"max_hp_loss":0,"event_name":"Nest","floor":22,"gold_loss":0}],"is_beta":false,"boss_relics":[{"not_picked":["Painkiller Herb","Astrolabe"],"picked":"Calling Bell"}],"items_purged_floors":[],"is_endless":false,"potions_floor_spawned":[4,7,8,16,20,24,27,28],"killed_by":"Book of Stabbing","ascension_level":1}}