{"host":"f5n4tidiz2n5sooh","time":1611110911,"event":{"mods":["BaseMod","Colored Map","Minty Spire (QoL Compilation)","Relic Stats","Slay the Relics Exporter","StSLib"],"gold_per_floor":[19,39,52,65,65,82,82,110,110,123,48,62,62,87,87,162,162,175,190,190,190,190],"floor_reached":21,"language":"ENG","playtime":817,"items_purged":["Strike_B"],"score":386,"play_id":"05b401ad-9adb-49ff-8c46-a58eb9b30cbe","local_time":"20210119204831","is_ascension_mode":true,"campfire_choices":[{"floor":7,"key":"REST"},{"floor":13,"key":"REST"},{"data":"Defragment","floor":15,"key":"SMITH"}],"circlet_count":0,"master_deck":["AscendersBane","Strike_B","Strike_B","Defend_B","Defend_B","Defend_B","Defend_B","Zap","Dualcast","Barrage","Ball Lightning","Darkness","Genetic Algorithm","Fusion","Hyperbeam","Capacitor","Coolheaded","Defragment+1","Turbo","Coolheaded","Decay"],"relics":["Cracked Core","Pocketwatch","Sundial","StrikeDummy","Bottled Tornado","SacredBark"],"acts_visited":["Exordium","TheCity"],"potions_floor_usage":[6,8,18,21],"damage_taken":[{"damage":1,"enemies":"Cultist","floor":1,"turns":3},{"damage":4,"enemies":"Jaw Worm","floor":2,"turns":4},{"damage":13,"enemies":"Small Slimes","floor":3,"turns":2},{"damage":8,"enemies":"Blue Slaver","floor":4,"turns":4},{"damage":24,"enemies":"Lots of Slimes","floor":6,"turns":4},{"damage":11,"enemies":"Gremlin Nob","floor":8,"turns":3},{"damage":6,"enemies":"2 Fungi Beasts","floor":10,"turns":3},{"damage":4,"enemies":"Exordium Thugs","floor":12,"turns":3},{"damage":11,"enemies":"Lagavulin","floor":14,"turns":5},{"damage":13,"enemies":"Hexaghost","floor":16,"turns":8},{"damage":23,"enemies":"Shell Parasite","floor":18,"turns":4},{"damage":22,"enemies":"Chosen","floor":19,"turns":5},{"damage":11,"enemies":"Snake Plant","floor":21,"turns":2}],"seed_played":"6855918664861630413","potions_obtained":[{"floor":1,"key":"SneckoOil"},{"floor":4,"key":"Dexterity Potion"},{"floor":10,"key":"LiquidBronze"},{"floor":16,"key":"FearPotion"}],"is_trial":false,"path_per_floor":["M","M","M","M","?","M","R","E","T","M","$","M","R","E","R","B",null,"M","M","?","M"],"character_chosen":"DEFECT","items_purchased":[],"campfire_rested":2,"item_purchase_floors":[],"current_hp_per_floor":[63,59,46,38,38,14,35,24,24,18,18,14,35,24,24,11,56,33,11,11,0,0],"gold":190,"neow_bonus":"ONE_RARE_RELIC","is_daily":false,"chose_seed":false,"campfire_upgraded":1,"win_rate":0.0,"timestamp":1611110911,"path_taken":["M","M","M","?","?","M","R","E","T","M","?","M","R","E","R","BOSS","M","M","?","M"],"items_purchased_type":[],"build_version":"2020-12-22","purchased_purges":1,"victory":false,"max_hp_per_floor":[71,71,71,71,71,71,71,71,71,71,71,71,71,71,71,71,71,71,71,71,71,71],"relic_stats":{"counters":[13,50],"Sundial":[6],"obtain_stats":[{"Sundial":8,"SacredBark":17,"Bottled Tornado":14,"Cracked Core":0,"StrikeDummy":9,"Pocketwatch":0},{"Sundial":6,"SacredBark":10,"Bottled Tornado":9,"Cracked Core":0,"StrikeDummy":6,"Pocketwatch":0},{"Sundial":20,"SacredBark":39,"Bottled Tornado":31,"Cracked Core":0,"StrikeDummy":20,"Pocketwatch":0}],"Pocketwatch":[99]},"card_choices":[{"not_picked":["Undo","Gash"],"picked":"Barrage","floor":1},{"not_picked":["Leap","Hologram"],"picked":"Ball Lightning","floor":2},{"not_picked":["Recycle","Gash"],"picked":"Darkness","floor":3},{"not_picked":["Gash","Chaos"],"picked":"Genetic Algorithm","floor":4},{"not_picked":["Rebound","Compile Driver"],"picked":"Hyperbeam","floor":6},{"not_picked":["Chaos","Melter","Steam"],"picked":"SKIP","floor":8},{"not_picked":["Redo","Hologram"],"picked":"Capacitor","floor":10},{"not_picked":["Melter","Undo"],"picked":"Coolheaded","floor":12},{"not_picked":["Redo","Turbo"],"picked":"Defragment","floor":14},{"not_picked":["Go for the Eyes","Sweeping Beam+1"],"picked":"Turbo","floor":18},{"not_picked":["Gash","Chill"],"picked":"Coolheaded","floor":19}],"player_experience":2020623,"relics_obtained":[{"floor":8,"key":"Sundial"},{"floor":9,"key":"StrikeDummy"},{"floor":14,"key":"Bottled Tornado"}],"event_choices":[{"damage_healed":0,"gold_gain":0,"cards_transformed":["Strike_B"],"player_choice":"Transformed","damage_taken":0,"max_hp_gain":0,"max_hp_loss":0,"event_name":"Transmorgrifier","floor":5,"gold_loss":0,"cards_obtained":["Fusion"]},{"damage_healed":0,"gold_gain":0,"player_choice":"Smashed Altar","damage_taken":0,"max_hp_gain":0,"max_hp_loss":0,"event_name":"Forgotten Altar","floor":20,"gold_loss":0,"cards_obtained":["Decay"]}],"is_beta":false,"boss_relics":[{"not_picked":["Busted Crown","FrozenCore"],"picked":"SacredBark"}],"items_purged_floors":[11],"is_endless":false,"potions_floor_spawned":[1,4,10,16],"killed_by":"Snake Plant","ascension_level":20}}