{"host":"rjfefv2ruvigm2gb","time":1611105946,"event":{"mods":["A Penny For Your Troubles","Act Like it!","AlwaysNeverKeys","Arknights The Spire","BaseMod","Block Reminder","Conspire","Curses Come First","Dark Map","Displayed Cursed Tome","Elementarium","Evolution","Fireblade Mod","Fox Events","Gensokyo","Gold Saver","Googly Eyes","HexUI Lib","Hubris","Infinite Spire","Ironclad Rager","Mad Scientist","Mimic Mod","Minty Spire (QoL Compilation)","Permanent Neow","Poor People Problems","Quick Restart","Relic Stats","Replay The Spire","Shop Mod","Spire Arcade","StS++","StSLib","SuperFastMode","The Alterego","The Blue Laboratory","The Sage","TheSwordswoman","Thieving Mod","Virulent Crown"],"gold_per_floor":[421,60,76,76,76,110,125,125,125,160,194,194,213,223,223,319,319,335,335,34,45,45,45,45],"floor_reached":23,"language":"ENG","playtime":975,"items_purged":[],"score":224,"play_id":"cfa6053c-20c9-401b-a9e6-783abddd1e7f","local_time":"20210119192546","is_ascension_mode":false,"campfire_choices":[{"floor":12,"key":"REST"},{"floor":15,"key":"REST"}],"circlet_count":0,"master_deck":["FireBladeMod:SoulStrike","FireBladeMod:StrikeFireBlade+1","FireBladeMod:StrikeFireBlade+1","FireBladeMod:StrikeFireBlade+1","FireBladeMod:DefendFireBlade+1","FireBladeMod:DefendFireBlade+1","FireBladeMod:DefendFireBlade+1","FireBladeMod:DefendFireBlade+1","FireBladeMod:FlamingSword","FireBladeMod:FireBarrier","FireBladeMod:SoulStrike","FireBladeMod:BattleMage+1","FireBladeMod:SmokeInTheEyes","Doubt","FireBladeMod:Speed","FireBladeMod:ComplexDefense","Pot Of Greed","Pot Of Greed","FireBladeMod:Robust","FireBladeMod:RapidHits+1","FireBladeMod:Accelerant","FireBladeMod:AfterBurn","FireBladeMod:Flames","FireBladeMod:ThirdDegree","FireBladeMod:StingingSlash"],"relics":["FireBladeMod:DuelistLocket","EVO:Axolotl","NeowsBlessing","Gremlin Food","Replay:Mystery Machine","FireBladeMod:Chakram","Grinning Jar","StSpp:SailorCap","infinitespire:Magic Flask"],"acts_visited":["Exordium","TheCity"],"potions_floor_usage":[11,16,23],"damage_taken":[{"damage":0,"enemies":"2 Louse","floor":1,"turns":1},{"damage":0,"enemies":"Small Slimes","floor":3,"turns":1},{"damage":0,"enemies":"Gremlin Nob","floor":6,"turns":1},{"damage":0,"enemies":"Cultist","floor":7,"turns":3},{"damage":18,"enemies":"Lagavulin","floor":10,"turns":6},{"damage":2,"enemies":"conspire:MimicChest","floor":11,"turns":7},{"damage":8,"enemies":"Gremlin Gang","floor":13,"turns":5},{"damage":13,"enemies":"Exordium Wildlife","floor":14,"turns":5},{"damage":32,"enemies":"The Guardian","floor":16,"turns":9},{"damage":16,"enemies":"3 Byrds","floor":18,"turns":4},{"damage":15,"enemies":"Chosen","floor":21,"turns":5},{"damage":41,"enemies":"Gremlin Leader","floor":23,"turns":3}],"seed_played":"-3805642053990146519","potions_obtained":[{"floor":6,"key":"FireBladeMod:VigorPotion"},{"floor":16,"key":"GamblersBrew"},{"floor":21,"key":"FearPotion"}],"is_trial":false,"path_per_floor":["M","$","M","?","?","E","M","$","T","E","?","R","M","M","R","B",null,"M","?","$","M","?","E"],"character_chosen":"THE_FIREBLADE","items_purchased":["Gremlin Food","PowerPotion","FireBladeMod:BattleMage","infinitespire:Magic Flask"],"campfire_rested":2,"item_purchase_floors":[2,2,2,20],"current_hp_per_floor":[70,70,70,63,63,63,63,63,63,45,43,64,56,43,64,32,70,54,54,54,39,39,0,0],"gold":45,"neow_bonus":"THREE_ENEMY_KILL","is_daily":false,"chose_seed":false,"campfire_upgraded":0,"win_rate":0.0,"timestamp":1611105946,"path_taken":["M","$","M","?","?","E","M","$","T","E","?","R","?","M","R","BOSS","M","?","$","M","?","E"],"items_purchased_type":["Relic","Potion","Card","Relic"],"build_version":"2020-12-22","purchased_purges":0,"victory":false,"max_hp_per_floor":[70,70,70,70,70,70,70,70,70,70,70,70,70,70,70,70,70,70,70,70,70,70,70,70],"relic_stats":{"counters":[12,50],"obtain_stats":[{"Gremlin Food":2,"StSpp:SailorCap":11,"NeowsBlessing":0,"FireBladeMod:DuelistLocket":0,"FireBladeMod:Chakram":9,"EVO:Axolotl":0,"infinitespire:Magic Flask":20,"Replay:Mystery Machine":6,"Grinning Jar":10},{"Gremlin Food":1,"StSpp:SailorCap":6,"NeowsBlessing":0,"FireBladeMod:DuelistLocket":0,"FireBladeMod:Chakram":4,"EVO:Axolotl":0,"infinitespire:Magic Flask":10,"Replay:Mystery Machine":3,"Grinning Jar":5},{"Gremlin Food":1,"StSpp:SailorCap":19,"NeowsBlessing":0,"FireBladeMod:DuelistLocket":0,"FireBladeMod:Chakram":6,"EVO:Axolotl":0,"infinitespire:Magic Flask":42,"Replay:Mystery Machine":3,"Grinning Jar":12}]},"card_choices":[{"not_picked":["FireBladeMod:ComboSlashes","FireBladeMod:SteadyEndurance"],"picked":"FireBladeMod:SoulStrike","floor":1},{"not_picked":["FireBladeMod:StingingSlash","FireBladeMod:Turtle"],"picked":"FireBladeMod:SmokeInTheEyes","floor":3},{"not_picked":["FireBladeMod:Robust","FireBladeMod:BodyAsFuel"],"picked":"FireBladeMod:Speed","floor":6},{"not_picked":["FireBladeMod:IronEndurance","FireBladeMod:Tempo"],"picked":"FireBladeMod:ComplexDefense","floor":7},{"not_picked":["FireBladeMod:ComboSlashes","FireBladeMod:BackhandSwing","FireBladeMod:SteadyEndurance"],"picked":"SKIP","floor":10},{"not_picked":["FireBladeMod:BackhandSwing","FireBladeMod:ArmSmash"],"picked":"FireBladeMod:Robust","floor":11},{"not_picked":["FireBladeMod:MomentumStrikes","FireBladeMod:WellPrepared"],"picked":"FireBladeMod:RapidHits","floor":13},{"not_picked":["FireBladeMod:SmokeInTheEyes","FireBladeMod:StingingSlash"],"picked":"FireBladeMod:Accelerant","floor":14},{"not_picked":["FireBladeMod:AntiMagic","FireBladeMod:LayeredDefense"],"picked":"FireBladeMod:AfterBurn","floor":16},{"not_picked":["FireBladeMod:BasicSmash+1","FireBladeMod:Accelerant+1"],"picked":"FireBladeMod:Flames","floor":18},{"not_picked":["FireBladeMod:SmashingEndurance","FireBladeMod:ComplexAttack"],"picked":"FireBladeMod:ThirdDegree","floor":21},{"not_picked":["FireBladeMod:ComboCleave","FireBladeMod:LayeredDefense"],"picked":"FireBladeMod:StingingSlash","floor":22}],"player_experience":1001229,"relics_obtained":[{"floor":6,"key":"Replay:Mystery Machine"},{"floor":9,"key":"FireBladeMod:Chakram"},{"floor":10,"key":"Grinning Jar"},{"floor":11,"key":"StSpp:SailorCap"}],"event_choices":[{"damage_healed":0,"gold_gain":0,"player_choice":"Simplicity","damage_taken":0,"max_hp_gain":0,"max_hp_loss":0,"event_name":"Back to Basics","floor":19,"gold_loss":0,"cards_upgraded":["FireBladeMod:StrikeFireBlade","FireBladeMod:StrikeFireBlade","FireBladeMod:DefendFireBlade","FireBladeMod:DefendFireBlade","FireBladeMod:DefendFireBlade","FireBladeMod:DefendFireBlade"]}],"is_beta":false,"boss_relics":[{"not_picked":["Astrolabe","Coffee Dripper","hubris:RunicObelisk"]}],"items_purged_floors":[],"is_endless":false,"potions_floor_spawned":[6,16,21],"killed_by":"Gremlin Leader","ascension_level":0}}