{"host":"jik2t8ix0jx4gxjb","time":1611142410,"event":{"mods":["AchievementEnabler","BaseMod","Colored Map","Colored Powertips","Hermit","Highlight Path","Minty Spire (QoL Compilation)","Shop Mod","StSLib","SuperFastMode"],"gold_per_floor":[100000,100000,100000,100000,100000,100000,100000,100000,100000,100000,100000,100000,100000,100000,100000,100000,100000,100019,100031,99946,99958,99973,99973,99998,99998,99998,100031,100049,99722,99722,99737,99737,99836,99836,99846,99846,99870,99920,99935,99968,99983,99593,99618,99110,99110,98745,98745,98745,98745,98745,98745,98745,98187,98219,98219],"floor_reached":56,"language":"KOR","playtime":33618,"items_purged":["Defend_P","Strike_P","Strike_P","Strike_P"],"score":1485,"play_id":"170178c3-10a5-46fc-8e76-b2499429b4cb","local_time":"20210120203330","is_ascension_mode":true,"campfire_choices":[{"floor":11.0,"key":"RECALL"},{"floor":15.0,"key":"REST"},{"data":"Defend_P","floor":23,"key":"PURGE"},{"data":"Defend_P","floor":25,"key":"PURGE"},{"floor":32,"key":"REST"},{"data":"Blasphemy","floor":45,"key":"SMITH"},{"data":"Fasting2","floor":49,"key":"SMITH"},{"data":"ConjureBlade","floor":52,"key":"SMITH"}],"circlet_count":0,"master_deck":["Eruption","Vigilance","FearNoEvil+1","WaveOfTheHand","WheelKick+1","WheelKick+1","Fasting2+1","Pray","LessonLearned","SashWhip","Evaluate","EmptyFist","Blasphemy+1","Study","Prostrate","EmptyFist","BowlingBash","Study+1","Indignation+1","EmptyFist","CutThroughFate","ThirdEye","InnerPeace","BattleHymn","Worship","ReachHeaven","WheelKick","Ragnarok","FlurryOfBlows+1","ClearTheMind+1","BattleHymn","Judgement","DeceiveReality","Protect+1","BattleHymn","ClearTheMind","Trip","WindmillStrike","Pray","Brilliance","JustLucky+1","Blind","ReachHeaven+1","EmptyFist+1","MasterReality+1","SandsOfTime+1","Nirvana+1","ThirdEye","CarveReality","WindmillStrike","Discovery","Nirvana+1","ConjureBlade+1","Prostrate","CarveReality","Tantrum","Swift Strike","Study+1","CrushJoints","BowlingBash","Nirvana+1","Prostrate","EmptyBody","Wallop","Apotheosis","Worship+1"],"relics":["HolyWater","Oddly Smooth Stone","Lee\u0027s Waffle","Shuriken","Mercury Hourglass","Peace Pipe","Pen Nib","Melange","Bottled Flame","Medical Kit","Bag of Preparation","Membership Card","Blue Candle","Tiny Chest","Happy Flower","Pantograph","Bag of Marbles","Pear","Regal Pillow","Orichalcum","Pocketwatch","Frozen Egg 2","Anchor","Whetstone","OrangePellets","MealTicket","Sling","Mummified Hand","Boot","Gremlin Horn","Bronze Scales","ClockworkSouvenir","Centennial Puzzle","Letter Opener","GoldenEye","TheAbacus","Damaru"],"acts_visited":["Exordium","TheCity","TheBeyond","TheEnding"],"potions_floor_usage":[27,50],"damage_taken":[{"damage":0.0,"enemies":"Small Slimes","floor":1.0,"turns":4.0},{"damage":6.0,"enemies":"2 Louse","floor":3.0,"turns":2.0},{"damage":0.0,"enemies":"Jaw Worm","floor":4.0,"turns":2.0},{"damage":21.0,"enemies":"Gremlin Nob","floor":6.0,"turns":3.0},{"damage":99999.0,"enemies":"Gremlin Gang","floor":13.0,"turns":2.0},{"damage":15.0,"enemies":"The Guardian","floor":16.0,"turns":3.0},{"damage":0,"enemies":"Chosen","floor":18,"turns":1},{"damage":0,"enemies":"2 Thieves","floor":19,"turns":1},{"damage":0,"enemies":"Chosen and Byrds","floor":21,"turns":2},{"damage":0,"enemies":"Snake Plant","floor":22,"turns":1},{"damage":15,"enemies":"Slavers","floor":24,"turns":2},{"damage":0,"enemies":"Book of Stabbing","floor":27,"turns":1},{"damage":0,"enemies":"Shelled Parasite and Fungi","floor":28,"turns":1},{"damage":5,"enemies":"Cultist and Chosen","floor":31,"turns":2},{"damage":14,"enemies":"Automaton","floor":33,"turns":5},{"damage":12,"enemies":"3 Shapes","floor":35,"turns":1},{"damage":0,"enemies":"Mind Bloom Boss Battle","floor":38,"turns":1},{"damage":0,"enemies":"Orb Walker","floor":39,"turns":1},{"damage":0,"enemies":"Giant Head","floor":40,"turns":4},{"damage":7,"enemies":"Spire Growth","floor":41,"turns":2},{"damage":55,"enemies":"Awakened One","floor":50,"turns":4},{"damage":0,"enemies":"Shield and Spear","floor":54,"turns":3},{"damage":53,"enemies":"The Heart","floor":55,"turns":4}],"seed_played":"-4246134647119218680","potions_obtained":[{"floor":1.0,"key":"FairyPotion"},{"floor":6.0,"key":"GamblersBrew"},{"floor":13.0,"key":"Ambrosia"},{"floor":18,"key":"FearPotion"},{"floor":27,"key":"SteroidPotion"},{"floor":54,"key":"BottledMiracle"}],"is_trial":false,"path_per_floor":["M","?","M","M","$","E","?","$","T","?","R","$","M","$","R","B",null,"M","M","?","M","M","R","E","R","T","E","M","$","?","M","R","B",null,"M","?","T","?","M","E","M","$","T","$","R","$","?","T","R","B",null,"R","$","E","B",null],"character_chosen":"WATCHER","items_purchased":["Lee\u0027s Waffle","Shuriken","Fasting2","Pray","LessonLearned","SashWhip","Evaluate","Pen Nib","Melange","Bottled Flame","BlessingOfTheForge","Blasphemy","Study","Prostrate","EmptyFist","BowlingBash","Medical Kit","Bag of Preparation","Study","Indignation","EmptyFist","CutThroughFate","ThirdEye","Membership Card","Blue Candle","Tiny Chest","BattleHymn","Worship","ReachHeaven","WheelKick","Pear","Regal Pillow","BattleHymn","ClearTheMind","Trip","WindmillStrike","Anchor","Whetstone","OrangePellets","Nirvana+1","ThirdEye","CarveReality","WindmillStrike","Discovery","Sling","Mummified Hand","Boot","Nirvana+1","ConjureBlade","Prostrate","CarveReality","Tantrum","Swift Strike","Gremlin Horn","Bronze Scales","ClockworkSouvenir","Study+1","CrushJoints","BowlingBash","Letter Opener","GoldenEye","TheAbacus","Nirvana+1","Prostrate","EmptyBody","Wallop","Apotheosis"],"campfire_rested":2,"item_purchase_floors":[5,5,5,5,5,5,5,8,8,8,8,8,8,8,8,8,12,12,12,12,12,12,12,14,14,14,14,14,14,14,29,29,29,29,29,29,42,42,42,42,42,42,42,42,44,44,44,44,44,44,44,44,44,46,46,46,46,46,46,53,53,53,53,53,53,53,53],"current_hp_per_floor":[72,72,66,66,79,58,55,55,55,55,55,55,23,23,46,31,79,79,79,79,79,79,79,64,64,64,64,64,74,74,69,89,75,89,77,77,77,89,89,89,82,82,82,89,89,89,89,89,89,34,89,89,89,89,36],"gold":98219,"neow_bonus":"RANDOM_COMMON_RELIC","is_daily":false,"chose_seed":false,"campfire_upgraded":3,"win_rate":0.0,"timestamp":1611142410,"path_taken":["M","?","M","M","$","E","?","$","T","?","R","?","?","$","R","BOSS","M","M","?","M","M","R","E","R","T","E","M","$","?","M","R","BOSS","M","?","?","?","M","E","M","?","T","$","R","$","?","?","R","BOSS","R","$","E","BOSS"],"items_purchased_type":["Relic","Relic","Card","Card","Card","Card","Card","Relic","Relic","Relic","Potion","Card","Card","Card","Card","Card","Relic","Relic","Card","Card","Card","Card","Card","Relic","Relic","Relic","Card","Card","Card","Card","Relic","Relic","Card","Card","Card","Card","Relic","Relic","Relic","Card","Card","Card","Card","Card","Relic","Relic","Relic","Card","Card","Card","Card","Card","Card","Relic","Relic","Relic","Card","Card","Card","Relic","Relic","Relic","Card","Card","Card","Card","Card"],"build_version":"2020-12-22","purchased_purges":4,"victory":true,"max_hp_per_floor":[72,72,72,72,79,79,79,79,79,79,79,79,79,79,79,79,79,79,79,79,79,79,79,79,79,79,79,79,89,89,89,89,89,89,89,89,89,89,89,89,89,89,89,89,89,89,89,89,89,89,89,89,89,89,89],"card_choices":[{"not_picked":["SashWhip","Consecrate"],"picked":"FearNoEvil","floor":1.0},{"not_picked":["WreathOfFlame","TalkToTheHand"],"picked":"WheelKick","floor":3.0},{"not_picked":["Wallop","Pray"],"picked":"WheelKick","floor":4.0},{"not_picked":["Prostrate","Protect"],"picked":"EmptyFist","floor":6.0},{"not_picked":["SashWhip","WaveOfTheHand"],"picked":"InnerPeace","floor":13.0},{"not_picked":["Establishment","Blasphemy"],"picked":"Ragnarok","floor":16.0},{"not_picked":["FollowUp","FearNoEvil"],"picked":"BowlingBash","floor":18},{"not_picked":["EmptyBody","ThirdEye"],"picked":"FlurryOfBlows+1","floor":19},{"not_picked":["Crescendo","CrushJoints+1"],"picked":"ClearTheMind+1","floor":21},{"not_picked":["EmptyBody","Evaluate"],"picked":"BattleHymn","floor":22},{"not_picked":["Meditate","DeceiveReality"],"picked":"Judgement","floor":24},{"not_picked":["DeceiveReality","CutThroughFate","Evaluate+1"],"picked":"SKIP","floor":27},{"not_picked":["CutThroughFate","Evaluate+1"],"picked":"DeceiveReality","floor":27},{"not_picked":["ThirdEye","ClearTheMind+1"],"picked":"Protect+1","floor":28},{"not_picked":["CutThroughFate","DeceiveReality"],"picked":"Pray","floor":31},{"not_picked":["Establishment","Omniscience"],"picked":"Brilliance","floor":33},{"not_picked":["EmptyBody+1","BowlingBash"],"picked":"JustLucky+1","floor":35},{"not_picked":["Panacea","Jack Of All Trades"],"picked":"Blind","floor":36},{"not_picked":["EmptyMind","CutThroughFate"],"picked":"ReachHeaven","floor":38},{"not_picked":["MentalFortress","ClearTheMind+1"],"picked":"EmptyFist+1","floor":39},{"not_picked":["Study+1","ThirdEye"],"picked":"MasterReality+1","floor":40},{"not_picked":["InnerPeace+1","EmptyFist+1"],"picked":"SandsOfTime+1","floor":41},{"not_picked":["Wallop+1","CrushJoints"],"picked":"Worship+1","floor":54}],"player_experience":78670,"relics_obtained":[{"floor":6.0,"key":"Mercury Hourglass"},{"floor":26,"key":"Pantograph"},{"floor":27,"key":"Bag of Marbles"},{"floor":37,"key":"Orichalcum"},{"floor":38,"key":"Pocketwatch"},{"floor":40,"key":"Frozen Egg 2"},{"floor":43,"key":"MealTicket"},{"floor":48,"key":"Centennial Puzzle"},{"floor":54,"key":"Damaru"}],"event_choices":[{"damage_healed":0.0,"max_hp_gain":0.0,"max_hp_loss":0.0,"gold_gain":0.0,"cards_transformed":["Strike_P"],"event_name":"Living Wall","player_choice":"Change","floor":2.0,"gold_loss":0.0,"damage_taken":0.0,"cards_obtained":["WaveOfTheHand"]},{"damage_healed":0.0,"max_hp_gain":0.0,"max_hp_loss":0.0,"gold_gain":0.0,"event_name":"Scrap Ooze","player_choice":"Success","floor":7.0,"gold_loss":0.0,"damage_taken":3.0,"relics_obtained":["Peace Pipe"]},{"cards_removed":["Defend_P"],"damage_healed":0.0,"max_hp_gain":0.0,"max_hp_loss":0.0,"gold_gain":0.0,"event_name":"The Cleric","player_choice":"Card Removal","floor":10.0,"gold_loss":50.0,"damage_taken":0.0},{"damage_healed":0,"gold_gain":0,"player_choice":"Obtained Relic","damage_taken":0,"relics_obtained":["Happy Flower"],"max_hp_gain":0,"max_hp_loss":0,"event_name":"Addict","floor":20,"gold_loss":85},{"damage_healed":0,"gold_gain":0,"player_choice":"Ignored","damage_taken":0,"max_hp_gain":0,"max_hp_loss":0,"event_name":"Beggar","floor":30,"gold_loss":0},{"damage_healed":0,"gold_gain":0,"player_choice":"Memory 1","damage_taken":0,"max_hp_gain":0,"max_hp_loss":0,"event_name":"SensoryStone","floor":36,"gold_loss":0},{"damage_healed":0,"gold_gain":0,"player_choice":"Fight","damage_taken":0,"max_hp_gain":0,"max_hp_loss":0,"event_name":"MindBloom","floor":38,"gold_loss":0},{"cards_removed":["BowlingBash"],"damage_healed":0,"gold_gain":0,"player_choice":"Removed Attack","damage_taken":0,"max_hp_gain":0,"max_hp_loss":0,"event_name":"Falling","floor":47,"gold_loss":0}],"is_beta":false,"boss_relics":[{"not_picked":["Philosopher\u0027s Stone","Ectoplasm","Calling Bell"]},{"not_picked":["Tiny House","Cursed Key"],"picked":"HolyWater"}],"items_purged_floors":[5,8,12,14],"is_endless":false,"potions_floor_spawned":[1,6,13,18,27,28,31,33,38,40,41,54],"ascension_level":2}}