{"host":"7uuqqk35leady37t","time":1611118384,"event":{"mods":["BaseMod","Colored Map","Colored Powertips","Marisa£®ÏF”Í°°ƒß¿Ì…≥£©","Minty Spire (QoL Compilation)","Relic Stats","Remilia£®¿Ÿ√◊¿Ú—«£©","Replay The Spire","Robot Space Explorer","StSLib","The Bug Knight","The Servant 0.9.4","UnlockEverythingMod","Waifu the Spire","Yuri Mod","[IsaacMod]“‘»ˆº‚À˛"],"gold_per_floor":[109,134,209,221,11,11,41,41,41,54,75,0,0,30,30,127,127,144,144,163,163,163,163,163],"floor_reached":23,"language":"ZHS","playtime":923,"items_purged":["HollowMod:NailStrikeStart","HollowMod:NailStrikeStart"],"score":189,"play_id":"5a991a61-a2d9-4135-b13b-98a913c35a7f","local_time":"20210120125304","is_ascension_mode":false,"campfire_choices":[{"data":"HollowMod:CycloneSlash","floor":6,"key":"SMITH"},{"data":"HollowMod:LifebloodCocoon","floor":8,"key":"SMITH"},{"data":"HollowMod:VengefulSpirit","floor":13,"key":"SMITH"},{"floor":15,"key":"DIG"}],"circlet_count":0,"master_deck":["HollowMod:NailStrikeStart","HollowMod:NailStrikeStart","HollowMod:QuickDashStart","HollowMod:QuickDashStart","HollowMod:QuickDashStart","HollowMod:QuickDashStart","HollowMod:FocusHealStart","HollowMod:PogoStrike","BettingIsNotGood","HollowMod:LifebloodCocoon+1","HollowMod:VengefulSpirit+1","HollowMod:CycloneSlash+1","HollowMod:InfectedAttack+1","HollowMod:BrokenVessel","HollowMod:CycloneSlash","Doubt","HollowMod:Weaversong","HollowMod:LifebloodCore","HollowMod:AwokenDreamNail","HollowMod:GreatSlash","HollowMod:SiblingsSouls+1","Pride","HollowMod:BlackTendrils"],"relics":["HollowMod:VesselMask","HushsDoor","SteamSale","NeowsBlessing","Vajra","ReplayTheSpireMod:TigerMarble","PillsDrop","ReplayTheSpireMod:CursedCoin","Replay:Rubber Ducky","Singing Bowl","Lantern","Replay:Grab Bag","GreatHeart"],"acts_visited":["Exordium","TheCity"],"potions_floor_usage":[14,16,16,23],"damage_taken":[{"damage":0,"enemies":"Jaw Worm","floor":1,"turns":1},{"damage":0,"enemies":"Cultist","floor":2,"turns":1},{"damage":2,"enemies":"2 Louse","floor":4,"turns":2},{"damage":13,"enemies":"Looter","floor":7,"turns":3},{"damage":6,"enemies":"Exordium Wildlife","floor":10,"turns":2},{"damage":43,"enemies":"Lagavulin","floor":14,"turns":7},{"damage":12,"enemies":"Slime Boss","floor":16,"turns":6},{"damage":51,"enemies":"Spheric Guardian","floor":18,"turns":6},{"damage":1,"enemies":"3 Byrds","floor":20,"turns":2},{"damage":36,"enemies":"Snecko","floor":23,"turns":6}],"seed_played":"-5970484911851757225","potions_obtained":[{"floor":1,"key":"DuplicationPotion"},{"floor":7,"key":"BlessingOfTheForge"},{"floor":10,"key":"FearPotion"},{"floor":14,"key":"GamblersBrew"},{"floor":18,"key":"AttackPotion"}],"is_trial":false,"path_per_floor":["M","M","?","M","$","R","M","R","T","M","$","?","R","E","R_BF","B",null,"M","?","M","PTL","PTL","M"],"character_chosen":"THE_BUGKNIGHT","items_purchased":["HollowMod:InfectedAttack+1","Vajra","ReplayTheSpireMod:TigerMarble","ReplayTheSpireMod:CursedCoin","Replay:Rubber Ducky","HollowMod:LifebloodCore","HollowMod:AwokenDreamNail","HollowMod:GreatSlash"],"campfire_rested":0,"item_purchase_floors":[5,5,5,11,11,17,17,17],"current_hp_per_floor":[75,75,60,63,63,63,50,50,50,47,47,52,52,36,36,33,77,28,28,29,29,29,0,0],"gold":163,"neow_bonus":"THREE_ENEMY_KILL","is_daily":false,"chose_seed":false,"campfire_upgraded":3,"win_rate":0.0,"timestamp":1611118384,"path_taken":["M","M","?","M","$","R","M","R","T","M","$","?","R","E","R_BF","BOSS","M","?","M","PTL","PTL","M"],"items_purchased_type":["Card","Relic","Relic","Relic","Relic","Card","Card","Card"],"build_version":"2020-12-22","purchased_purges":2,"victory":false,"max_hp_per_floor":[75,75,75,75,75,75,75,75,75,78,78,83,83,85,85,88,77,79,79,81,81,81,81,81],"relic_stats":{"Singing Bowl":6,"counters":[10,36],"obtain_stats":[{"KeepersGift":0,"Lantern":15,"NeowsBlessing":0,"Singing Bowl":14,"ReplayTheSpireMod:CursedCoin":11,"Replay:Grab Bag":17,"Vajra":5,"HollowMod:VesselMask":0,"SteamSale":0,"Replay:Rubber Ducky":11,"PillsDrop":9,"ReplayTheSpireMod:TigerMarble":5,"GreatHeart":19,"HushsDoor":0},{"KeepersGift":0,"Lantern":6,"NeowsBlessing":0,"Singing Bowl":6,"ReplayTheSpireMod:CursedCoin":5,"Replay:Grab Bag":7,"Vajra":3,"HollowMod:VesselMask":0,"SteamSale":0,"Replay:Rubber Ducky":5,"PillsDrop":4,"ReplayTheSpireMod:TigerMarble":3,"GreatHeart":8,"HushsDoor":0},{"KeepersGift":0,"Lantern":16,"NeowsBlessing":0,"Singing Bowl":16,"ReplayTheSpireMod:CursedCoin":9,"Replay:Grab Bag":22,"Vajra":4,"HollowMod:VesselMask":0,"SteamSale":0,"Replay:Rubber Ducky":9,"PillsDrop":7,"ReplayTheSpireMod:TigerMarble":4,"GreatHeart":28,"HushsDoor":0}]},"card_choices":[{"not_picked":[],"picked":"BettingIsNotGood","floor":0},{"not_picked":["HollowMod:DashSlash","HollowMod:PureNailStrike"],"picked":"HollowMod:LifebloodCocoon","floor":1},{"not_picked":["HollowMod:SoulShaman","HollowMod:InfectedAttack"],"picked":"HollowMod:VengefulSpirit","floor":2},{"not_picked":["HollowMod:InfectedCysts","HollowMod:SiblingsShadow"],"picked":"HollowMod:CycloneSlash","floor":4},{"not_picked":["HollowMod:VengefulVoid","HollowMod:TaintedHusks"],"picked":"HollowMod:BrokenVessel","floor":7},{"not_picked":["HollowMod:NewLittleFool","HollowMod:DesolateDive"],"picked":"HollowMod:CycloneSlash","floor":10},{"not_picked":["HollowMod:NewInfectedGuardian","HollowMod:ChannelNail","HollowMod:DesolateDive"],"picked":"Singing Bowl","floor":14},{"not_picked":["HollowMod:MidwifesHunger","HollowMod:LordofShades"],"picked":"HollowMod:Weaversong","floor":16},{"not_picked":["HollowMod:SiblingsSouls+1","HollowMod:NewGlowingWomb+1","HollowMod:NewJinnsSoul+1"],"picked":"Singing Bowl","floor":18},{"not_picked":["HollowMod:SoulShaman","HollowMod:BlackTendrils","HollowMod:Grubsong"],"picked":"Singing Bowl","floor":20}],"player_experience":63008,"relics_obtained":[{"floor":9,"key":"PillsDrop"},{"floor":14,"key":"Singing Bowl"},{"floor":15,"key":"Lantern"}],"event_choices":[],"is_beta":false,"boss_relics":[{"not_picked":["Snecko Eye","Cursed Key"],"picked":"Replay:Grab Bag"},{"not_picked":[]}],"items_purged_floors":[5,11],"is_endless":false,"potions_floor_spawned":[1,7,10,14,18],"killed_by":"Snecko","ascension_level":0}}