{"host":"1c17lcvl7acx821p","time":1611135231,"event":{"mods":["AchievementEnabler","BaseMod","Colored Map","Minty Spire (QoL Compilation)","StSLib"],"gold_per_floor":[111,121,137,137,137,137,163,163,163,173,199,199,218,218,218,343,343,366,366,406,419,185,220,12,25,25,66,66,66,107,107,107],"floor_reached":31,"language":"ENG","playtime":1153,"items_purged":["Strike_B"],"score":508,"play_id":"28892976-56c4-4776-8238-4c427f69f45c","local_time":"20210120113351","is_ascension_mode":true,"campfire_choices":[{"data":"Defragment","floor":6.0,"key":"SMITH"},{"data":"Scrape","floor":8.0,"key":"SMITH"},{"floor":12.0,"key":"REST"},{"floor":15.0,"key":"REST"},{"data":"Biased Cognition","floor":28.0,"key":"SMITH"}],"circlet_count":0,"master_deck":["Strike_B","Strike_B","Defend_B","Defend_B","Defend_B","Defend_B","Zap","Dualcast","Master of Strategy","Conserve Battery","Defragment+1","Rebound","Scrape+1","Conserve Battery","Storm","Biased Cognition+1","Cold Snap+1","Auto Shields","Sweeping Beam+1","Flash of Steel+1","Static Discharge","Coolheaded","Leap","Go for the Eyes+1","Chill","Defragment+1"],"relics":["Cracked Core","Juzu Bracelet","Molten Egg 2","Cables","Mummified Hand","Golden Idol","Coffee Dripper","Red Mask","Frozen Egg 2","OrangePellets","Gremlin Horn","Bronze Scales","Art of War"],"acts_visited":["Exordium","TheCity"],"potions_floor_usage":[31],"damage_taken":[{"damage":1.0,"enemies":"Cultist","floor":1.0,"turns":4.0},{"damage":2.0,"enemies":"Small Slimes","floor":2.0,"turns":3.0},{"damage":0.0,"enemies":"Jaw Worm","floor":3.0,"turns":3.0},{"damage":11.0,"enemies":"Gremlin Nob","floor":7.0,"turns":3.0},{"damage":9.0,"enemies":"Exordium Wildlife","floor":10.0,"turns":5.0},{"damage":25.0,"enemies":"3 Sentries","floor":11.0,"turns":6.0},{"damage":1.0,"enemies":"Blue Slaver","floor":13.0,"turns":3.0},{"damage":0.0,"enemies":"Slime Boss","floor":16.0,"turns":8.0},{"damage":1.0,"enemies":"Spheric Guardian","floor":18.0,"turns":3.0},{"damage":24.0,"enemies":"Masked Bandits","floor":20.0,"turns":3.0},{"damage":0.0,"enemies":"Chosen","floor":21.0,"turns":3.0},{"damage":17.0,"enemies":"Slavers","floor":23.0,"turns":5.0},{"damage":0.0,"enemies":"3 Cultists","floor":25.0,"turns":5.0},{"damage":13.0,"enemies":"Gremlin Leader","floor":27.0,"turns":6.0},{"damage":0.0,"enemies":"Book of Stabbing","floor":30.0,"turns":4.0},{"damage":14,"enemies":"Snecko","floor":31,"turns":3}],"seed_played":"6447392334349987762","potions_obtained":[{"floor":3.0,"key":"PowerPotion"},{"floor":10.0,"key":"FearPotion"},{"floor":13.0,"key":"SpeedPotion"},{"floor":20.0,"key":"PotionOfCapacity"},{"floor":21.0,"key":"Ancient Potion"},{"floor":25.0,"key":"PotionOfCapacity"},{"floor":30.0,"key":"SpeedPotion"}],"is_trial":false,"path_per_floor":["M","M","M","T","?","R","E","R","T","M","E","R","M","?","R","B",null,"M","?","?","M","$","E","$","M","T","E","R","$","E","M"],"character_chosen":"DEFECT","items_purchased":["Flash of Steel+1","Static Discharge","OrangePellets","Leap"],"campfire_rested":2,"item_purchase_floors":[22,22,24,24],"current_hp_per_floor":[49,47,47,47,47,47,36,36,36,27,2,24,23,23,43,43,63,62,62,38,38,38,21,21,21,21,8,8,8,8,0,0],"gold":107,"neow_bonus":"RANDOM_COLORLESS_2","is_daily":false,"chose_seed":false,"campfire_upgraded":3,"win_rate":0.0,"timestamp":1611135231,"path_taken":["M","M","M","?","?","R","E","R","T","M","E","R","M","?","R","BOSS","M","?","?","M","$","E","?","M","T","E","R","?","E","M"],"items_purchased_type":["Card","Card","Relic","Card"],"build_version":"2020-12-22","purchased_purges":1,"victory":false,"max_hp_per_floor":[75,75,75,75,75,75,75,75,75,75,75,75,75,69,69,69,69,69,69,69,69,69,69,69,69,69,69,69,69,69,69,69],"card_choices":[{"not_picked":["Panache","Secret Weapon"],"picked":"Master of Strategy","floor":0.0},{"not_picked":["Doom and Gloom","Compile Driver"],"picked":"Conserve Battery","floor":1.0},{"not_picked":["Steam","Rebound"],"picked":"Defragment","floor":2.0},{"not_picked":["Reprogram","FTL"],"picked":"Rebound","floor":3.0},{"not_picked":["Redo","Streamline+1","Beam Cell+1"],"picked":"SKIP","floor":7.0},{"not_picked":["Rebound+1","Steam","Recycle"],"picked":"SKIP","floor":10.0},{"not_picked":["Redo","Steam"],"picked":"Conserve Battery","floor":11.0},{"not_picked":["Barrage+1","Rebound+1"],"picked":"Storm","floor":13.0},{"not_picked":["Hyperbeam+1","Reboot"],"picked":"Biased Cognition","floor":16.0},{"not_picked":["Steam","Beam Cell+1"],"picked":"Cold Snap+1","floor":18.0},{"not_picked":["Meteor Strike+1","Ball Lightning+1"],"picked":"Auto Shields","floor":20.0},{"not_picked":["Gash+1","Compile Driver+1"],"picked":"Sweeping Beam+1","floor":21.0},{"not_picked":["Melter+1","Turbo"],"picked":"Coolheaded","floor":23.0},{"not_picked":["Coolheaded","Tempest"],"picked":"Go for the Eyes+1","floor":25.0},{"not_picked":["Cold Snap+1","Turbo+1"],"picked":"Chill","floor":27.0},{"not_picked":["Lockon+1","Undo"],"picked":"Defragment+1","floor":30.0}],"player_experience":153364,"relics_obtained":[{"floor":4.0,"key":"Juzu Bracelet"},{"floor":7.0,"key":"Molten Egg 2"},{"floor":9.0,"key":"Cables"},{"floor":11.0,"key":"Mummified Hand"},{"floor":20.0,"key":"Red Mask"},{"floor":23.0,"key":"Frozen Egg 2"},{"floor":26.0,"key":"Gremlin Horn"},{"floor":27.0,"key":"Bronze Scales"},{"floor":30.0,"key":"Art of War"}],"event_choices":[{"damage_healed":0.0,"max_hp_gain":0.0,"max_hp_loss":0.0,"gold_gain":0.0,"cards_transformed":["Strike_B"],"event_name":"Transmorgrifier","player_choice":"Transformed","floor":5.0,"gold_loss":0.0,"damage_taken":0.0,"cards_obtained":["Scrape"]},{"damage_healed":0.0,"max_hp_gain":0.0,"max_hp_loss":6.0,"gold_gain":0.0,"event_name":"Golden Idol","player_choice":"Lose Max HP","floor":14.0,"gold_loss":0.0,"damage_taken":0.0,"relics_obtained":["Golden Idol"]},{"damage_healed":0.0,"max_hp_gain":0.0,"max_hp_loss":0.0,"gold_gain":0.0,"event_name":"Ghosts","player_choice":"Ignored","floor":19.0,"gold_loss":0.0,"damage_taken":0.0},{"damage_healed":0.0,"max_hp_gain":0.0,"max_hp_loss":0.0,"gold_gain":0.0,"event_name":"Masked Bandits","player_choice":"Fought Bandits","floor":20.0,"gold_loss":0.0,"damage_taken":0.0}],"is_beta":false,"boss_relics":[{"not_picked":["Snecko Eye","Busted Crown"],"picked":"Coffee Dripper"}],"items_purged_floors":[22],"is_endless":false,"potions_floor_spawned":[3,10,13,20,21,25,27,30],"killed_by":"Snecko","ascension_level":7}}