{"host":"nnt34ungdh9fkcmy","time":1611115342,"event":{"mods":["BaseMod","Downfall","Minty Spire (QoL Compilation)","StSLib","SuperFastMode"],"gold_per_floor":[99,118,118,118,134,134,134,34,50,150,50,81,66,77,97,192,192,92,109,209,229,66,66,91,91,124,135,31,47,65,82,102,102,102,102],"floor_reached":33,"language":"ENG","playtime":2355,"items_purged":["bronze:Strike","bronze:Defend"],"score":294,"play_id":"428cf4fa-2d96-4228-a190-514dc98e77d4","local_time":"20210119210222","is_ascension_mode":false,"campfire_choices":[{"data":"bronze:WhirlingStrike","floor":1,"key":"SMITH"},{"floor":6,"key":"RECALL"},{"data":"bronze:Constructor","floor":8,"key":"SMITH"},{"data":"bronze:SpaghettiCode","floor":11,"key":"SMITH"},{"data":"bronze:Goto","floor":18,"key":"SMITH"},{"data":"bronze:ClassDefault","floor":25,"key":"SMITH"}],"circlet_count":0,"master_deck":["bronze:Defend","bronze:Defend","bronze:Defend","bronze:Replicate","bronze:Goto+1","bronze:WhirlingStrike+1","bronze:Iterate","bronze:DazingPulse+1","bronze:Constructor+1","bronze:ChosenStrike","bronze:SpaghettiCode+1","bronze:ChosenStrike","bronze:Assembly","bronze:DecaBeam","bronze:Optimize","bronze:ClassDefault+1","bronze:Terminator+1","bronze:Constructor","bronze:ClassDefault+1"],"relics":["bronze:BronzeCore","downfall:HeartBlessingRed","downfall:HeartBlessingBlue","Bag of Preparation","Busted Crown","downfall:HeartBlessingGreen","Tiny Chest","Potion Belt","Frozen Egg 2"],"acts_visited":["Exordium","TheCity"],"potions_floor_usage":[22,29,32,33],"damage_taken":[{"damage":1,"enemies":"Jaw Worm","floor":2,"turns":4},{"damage":0,"enemies":"Jaw Worm","floor":4,"turns":2},{"damage":0,"enemies":"2 Louse","floor":5,"turns":2},{"damage":0,"enemies":"Small Slimes","floor":9,"turns":2},{"damage":9,"enemies":"downfall:Heads","floor":10,"turns":4},{"damage":0,"enemies":"3 Sentries","floor":12,"turns":3},{"damage":10,"enemies":"downfall:FleeingMerchant","floor":13,"turns":4},{"damage":0,"enemies":"Exordium Wildlife","floor":14,"turns":5},{"damage":0,"enemies":"Gremlin Gang","floor":15,"turns":2},{"damage":10,"enemies":"IC_STATUS_ARCHETYPE","floor":16,"turns":6},{"damage":0,"enemies":"Shell Parasite","floor":19,"turns":3},{"damage":0,"enemies":"Shell Parasite","floor":20,"turns":3},{"damage":0,"enemies":"Snake Plant","floor":21,"turns":4},{"damage":3,"enemies":"downfall:FleeingMerchant","floor":22,"turns":4},{"damage":2,"enemies":"Gremlin Leader","floor":26,"turns":8},{"damage":20,"enemies":"Cultist and Chosen","floor":27,"turns":6},{"damage":0,"enemies":"downfall:FleeingMerchant","floor":28,"turns":4},{"damage":0,"enemies":"Shelled Parasite and Fungi","floor":29,"turns":5},{"damage":4,"enemies":"Snake Plant","floor":30,"turns":4},{"damage":0,"enemies":"Sentry and Sphere","floor":31,"turns":6},{"damage":3,"enemies":"Snecko","floor":32,"turns":4},{"damage":54,"enemies":"DF_ARCHETYPE_CLAW","floor":33,"turns":7}],"seed_played":"8282077489062886207","potions_obtained":[{"floor":4,"key":"bronze:CleanCodePotion"},{"floor":12,"key":"Block Potion"},{"floor":14,"key":"Weak Potion"},{"floor":15,"key":"DistilledChaos"},{"floor":20,"key":"Block Potion"},{"floor":26,"key":"BlessingOfTheForge"},{"floor":31,"key":"ColorlessPotion"}],"is_trial":false,"path_per_floor":["R","M","?","?","M","R","T","R","M","?","R","E","$","M","M","B",null,"R","M","?","M","$","?","T","R","E","M","$","M","M","M","M","B"],"character_chosen":"THE_AUTOMATON","items_purchased":["bronze:ClassDefault","bronze:Constructor","Frozen Egg 2","bronze:ClassDefault+1"],"campfire_rested":0,"item_purchase_floors":[22,28,28,28],"current_hp_per_floor":[70,69,69,69,69,69,69,69,69,60,70,70,60,60,60,50,80,80,80,80,80,77,77,77,77,75,55,55,55,51,51,48,0,0,0],"gold":102,"neow_bonus":"THREE_CARDS","is_daily":false,"chose_seed":false,"campfire_upgraded":5,"win_rate":0.0,"timestamp":1611115342,"path_taken":["R","M","?","?","M","R","T","R","M","?","R","E","$","M","M","BOSS","R","M","?","M","$","?","T","R","E","?","$","M","M","?","M","BOSS"],"items_purchased_type":["Card","Card","Relic","Card"],"build_version":"2020-12-22","purchased_purges":2,"victory":false,"max_hp_per_floor":[70,70,70,70,70,70,70,70,70,70,80,80,80,80,80,80,80,80,80,80,80,80,80,80,80,80,80,80,80,80,80,80,80,80,80],"card_choices":[{"not_picked":["bronze:Return","bronze:Shell"],"picked":"bronze:WhirlingStrike","floor":0},{"not_picked":["bronze:Deprecate","bronze:CloningBeam"],"picked":"bronze:Iterate","floor":2},{"not_picked":[],"picked":"bronze:DazingPulse","floor":4},{"not_picked":["bronze:WhirlingStrike","bronze:Shield"],"picked":"bronze:Constructor","floor":4},{"not_picked":["bronze:Terminator","bronze:OilSpill"],"picked":"bronze:ChosenStrike","floor":5},{"not_picked":["bronze:ItsAFeature","bronze:Overheat","bronze:WildBeam"],"picked":"SKIP","floor":9},{"not_picked":["bronze:DarkDash","bronze:WildBeam","bronze:Allocate"],"picked":"SKIP","floor":12},{"not_picked":["bronze:DarkDash","bronze:WildBeam","bronze:Allocate"],"picked":"SKIP","floor":12},{"not_picked":["bronze:Fortify","bronze:WhirlingStrike","bronze:Branch"],"picked":"SKIP","floor":13},{"not_picked":["bronze:Separator","bronze:DelayedGuard"],"picked":"bronze:ChosenStrike","floor":14},{"not_picked":["bronze:Iterate","bronze:DigitalCarnage","bronze:OilSpill"],"picked":"SKIP","floor":15},{"not_picked":["bronze:Verify","bronze:ShipIt"],"picked":"bronze:Assembly","floor":16},{"not_picked":["bronze:Frontload"],"picked":"SKIP","floor":19},{"not_picked":[],"picked":"bronze:DecaBeam","floor":20},{"not_picked":[],"picked":"bronze:Optimize","floor":21},{"not_picked":["bronze:BitShift"],"picked":"SKIP","floor":22},{"not_picked":["bronze:Flail"],"picked":"SKIP","floor":26},{"not_picked":["bronze:Flail"],"picked":"SKIP","floor":26},{"not_picked":[],"picked":"bronze:Terminator+1","floor":27},{"not_picked":["bronze:Repair+1"],"picked":"SKIP","floor":28},{"not_picked":["bronze:BitShift"],"picked":"SKIP","floor":29},{"not_picked":["bronze:Boost"],"picked":"SKIP","floor":30},{"not_picked":["bronze:Boost"],"picked":"SKIP","floor":30},{"not_picked":["bronze:Overheat+1"],"picked":"SKIP","floor":31},{"not_picked":["bronze:ForLoop"],"picked":"SKIP","floor":32}],"player_experience":221599,"relics_obtained":[{"floor":12,"key":"Bag of Preparation"},{"floor":24,"key":"Tiny Chest"},{"floor":26,"key":"Potion Belt"}],"event_choices":[{"cards_removed":["bronze:Strike"],"damage_healed":0,"gold_gain":0,"player_choice":"Card Removal","damage_taken":0,"max_hp_gain":0,"max_hp_loss":0,"event_name":"The Cleric","floor":3,"gold_loss":0},{"damage_healed":0,"gold_gain":0,"player_choice":"Ignored","damage_taken":0,"max_hp_gain":0,"max_hp_loss":0,"event_name":"Vampires","floor":23,"gold_loss":0}],"is_beta":false,"boss_relics":[{"not_picked":["Calling Bell","Velvet Choker"],"picked":"Busted Crown"}],"items_purged_floors":[22,28],"is_endless":false,"potions_floor_spawned":[4,12,14,15,16,19,20,26,31],"killed_by":"DF_ARCHETYPE_CLAW","ascension_level":0}}