{"host":"7fyy23rucerupe6i","time":1611111140,"event":{"mods":["AchievementEnabler","Act Like it!","BaseMod","BetterRewards","Colored Map","Colored Powertips","Conspire","Custom Start","Downfall","Marisa£®ÏF”Í°°ƒß¿Ì…≥£©","Minty Spire (QoL Compilation)","Quick Restart","Shop Mod","Spicy Shops","StSLib","SuperFastMode","The Factory","The Jungle","UnlockEverythingMod"],"gold_per_floor":[0,16,16,30,44,75,75,75,86,112,22,35,49,77,89,190,190,190,206,216,229,41,41,41,66,83,83,117,136,136,156,170,268,268,268,286,302,302,322,76,130,130,144,144,170,221,248,248,265,265],"floor_reached":51,"language":"ZHS","playtime":2877,"items_purged":["Slimebound:Strike_Slimebound","Slimebound:Defend_Slimebound","Slimebound:Tackle"],"score":1127,"play_id":"29aae736-ed5d-42d1-99bc-2ceb8045aafb","local_time":"20210120105220","is_ascension_mode":true,"campfire_choices":[{"data":"Slimebound:Split","floor":1,"key":"SMITH"},{"data":"Slimebound:MassRepurpose","floor":18,"key":"SMITH"},{"floor":30,"key":"DIG"},{"floor":35,"key":"DIG"},{"floor":42,"key":"DIG"}],"circlet_count":0,"master_deck":["Slimebound:Split+1","Slimebound:FormOfPuddle","Slimebound:SpikyOuterGoop","Slimebound:SpikyOuterGoop","Slimebound:TagTeam","Slimebound:MassRepurpose+1","Slimebound:SlimeBrawl","Slimebound:GoopSpray","Slimebound:GoopSpray","Slimebound:MassRepurpose","Slimebound:SlimeTap+1","Slimebound:LeechEnergy+1","Slimebound:PressTheAttack+1","Slimebound:OozeBath","Slimebound:RejuvenatingLick+1","Slimebound:GrowthPunch+1","Slimebound:SlimeBarrage+1","Slimebound:HauntingLick+1","Slimebound:SlimeBrawl","Slimebound:DuplicatedForm"],"relics":["Slimebound:AbsorbEndCombat","HornCleat","Slimebound:MaxSlimesRelic","bronze:DecasWashers","Coffee Dripper","MerchantsRug","Molten Egg 2","White Beast Statue","Shovel","sneckomod:BlankCard","InkBottle","Blue Candle","Ornamental Fan","conspire:TopHat","bronze:BronzeIdol","Lantern","Anchor","hexamod:CandleOfCauterizing","CatCart","Mummified Hand","CaptainsWheel"],"acts_visited":["Exordium","TheCity","TheBeyond"],"potions_floor_usage":[14,22,28,28,31,39,46,46,46,50,50],"damage_taken":[{"damage":0,"enemies":"Small Slimes","floor":2,"turns":5},{"damage":7,"enemies":"2 Louse","floor":4,"turns":3},{"damage":0,"enemies":"Cultist","floor":5,"turns":4},{"damage":6,"enemies":"Gremlin Nob","floor":6,"turns":5},{"damage":10,"enemies":"Red Slaver","floor":9,"turns":3},{"damage":1,"enemies":"Lagavulin","floor":10,"turns":6},{"damage":3,"enemies":"downfall:FleeingMerchant","floor":11,"turns":4},{"damage":18,"enemies":"Lots of Slimes","floor":12,"turns":4},{"damage":17,"enemies":"Exordium Thugs","floor":13,"turns":5},{"damage":10,"enemies":"3 Sentries","floor":14,"turns":5},{"damage":0,"enemies":"Blue Slaver","floor":15,"turns":3},{"damage":12,"enemies":"WA_ARCHETYPE_RETAIN","floor":16,"turns":6},{"damage":0,"enemies":"3 Byrds","floor":19,"turns":3},{"damage":0,"enemies":"Chosen","floor":20,"turns":4},{"damage":2,"enemies":"Centurion and Healer","floor":21,"turns":5},{"damage":3,"enemies":"downfall:FleeingMerchant","floor":22,"turns":4},{"damage":12,"enemies":"Slavers","floor":25,"turns":7},{"damage":0,"enemies":"Snecko","floor":26,"turns":3},{"damage":4,"enemies":"Gremlin Leader","floor":28,"turns":5},{"damage":0,"enemies":"Snake Plant","floor":29,"turns":2},{"damage":7,"enemies":"Sentry and Sphere","floor":31,"turns":4},{"damage":0,"enemies":"Snecko","floor":32,"turns":4},{"damage":3,"enemies":"DF_ARCHETYPE_CLAW","floor":33,"turns":6},{"damage":7,"enemies":"3 Shapes","floor":36,"turns":3},{"damage":6,"enemies":"3 Darklings","floor":37,"turns":3},{"damage":6,"enemies":"Jaw Worm Horde","floor":39,"turns":3},{"damage":0,"enemies":"downfall:FleeingMerchant","floor":40,"turns":3},{"damage":0,"enemies":"Writhing Mass","floor":43,"turns":5},{"damage":1,"enemies":"Reptomancer","floor":45,"turns":4},{"damage":4,"enemies":"Orin","floor":46,"turns":8},{"damage":16,"enemies":"Nemesis","floor":47,"turns":3},{"damage":0,"enemies":"Transient","floor":49,"turns":5},{"damage":15,"enemies":"IC_BLOCK_ARCHETYPE","floor":50,"turns":4}],"seed_played":"1362762651099345371","potions_obtained":[{"floor":5,"key":"LiquidMemories"},{"floor":10,"key":"CultistPotion"},{"floor":12,"key":"SkillPotion"},{"floor":14,"key":"SteroidPotion"},{"floor":15,"key":"Fire Potion"},{"floor":25,"key":"AttackPotion"},{"floor":26,"key":"PowerPotion"},{"floor":28,"key":"Swift Potion"},{"floor":29,"key":"Fire Potion"},{"floor":31,"key":"AttackPotion"},{"floor":39,"key":"SmokeBomb"},{"floor":40,"key":"EssenceOfSteel"},{"floor":43,"key":"DistilledChaos"},{"floor":46,"key":"Dexterity Potion"},{"floor":47,"key":"Weak Potion"},{"floor":49,"key":"Dexterity Potion"}],"is_trial":false,"path_per_floor":["R","M","?","M","M","E","T","?","M","E","$","M","M","E","M","B",null,"R","M","M","M","$","T","T","E","M","?","E","M","R","M","M","B",null,"R","M","M","?","M","$","T","R","M","?","E","?","E","T","M","B",null],"character_chosen":"SLIMEBOUND","items_purchased":["MerchantsRug","Ornamental Fan","conspire:TopHat","bronze:BronzeIdol"],"campfire_rested":0,"item_purchase_floors":[22,40,40,40],"current_hp_per_floor":[59,65,65,62,65,65,65,65,59,65,65,49,38,32,36,32,57,57,61,65,65,64,64,64,59,65,65,65,65,65,61,65,65,65,65,60,62,62,64,65,65,65,65,65,64,61,49,49,57,65],"gold":265,"neow_bonus":"TRANSFORM_TWO_CARDS","is_daily":false,"chose_seed":false,"campfire_upgraded":2,"win_rate":0.0,"timestamp":1611111140,"path_taken":["R","M","?","M","M","E","T","?","?","E","?","M","?","E","M","BOSS","R","M","M","M","?","?","T","E","M","?","E","M","R","?","M","BOSS","R","M","M","?","M","$","T","R","?","?","E","?","E","?","M","BOSS"],"items_purchased_type":["Relic","Relic","Relic","Relic"],"build_version":"2020-12-22","purchased_purges":3,"victory":true,"max_hp_per_floor":[65,65,65,65,65,65,65,65,65,65,65,65,65,65,65,65,65,65,65,65,65,65,65,65,65,65,65,65,65,65,65,65,65,65,65,65,65,65,65,65,65,65,65,65,65,65,65,65,65,65],"card_choices":[{"not_picked":["Slimebound:SamplingLick","Slimebound:SlimeTap"],"picked":"Slimebound:GrowthPunch","floor":2},{"not_picked":["Slimebound:FinishingTackle","Slimebound:SplitMire"],"picked":"Slimebound:SpikyOuterGoop","floor":4},{"not_picked":["Slimebound:LivingWall","Slimebound:GrowthPunch","Slimebound:LeechingTouch"],"picked":"SKIP","floor":5},{"not_picked":["Slimebound:LeechingTouch","Slimebound:Equalize"],"picked":"Slimebound:TagTeam","floor":6},{"not_picked":["Slimebound:LeechingTouch","Slimebound:ComboTackle","Slimebound:SplitAcid"],"picked":"SKIP","floor":9},{"not_picked":["Slimebound:SplitLeeching","Slimebound:SplitAcid"],"picked":"Slimebound:MassRepurpose","floor":10},{"not_picked":["Slimebound:GoopTackle","Slimebound:Replication"],"picked":"Slimebound:SlimeBrawl","floor":11},{"not_picked":["Slimebound:SplitLeeching","Slimebound:SpikyOuterGoop","Slimebound:ComboTackle"],"picked":"SKIP","floor":12},{"not_picked":["Slimebound:SamplingLick","Slimebound:BestDefense"],"picked":"Slimebound:GoopSpray","floor":13},{"not_picked":["Slimebound:HungryTackle","Slimebound:LeechingTouch"],"picked":"Slimebound:GoopSpray","floor":14},{"not_picked":["Slimebound:Schlurp","Slimebound:ViciousTackle","Slimebound:FinishingTackle"],"picked":"SKIP","floor":15},{"not_picked":["Slimebound:Overexert","Slimebound:RallyTheTroops"],"picked":"Slimebound:MassRepurpose","floor":16},{"not_picked":["Slimebound:FlameTackle","Slimebound:LivingWall+1"],"picked":"Slimebound:SlimeTap+1","floor":19},{"not_picked":["Slimebound:LivingWall+1","Slimebound:Schlurp","Slimebound:RollThrough"],"picked":"SKIP","floor":20},{"not_picked":["Slimebound:SplitMire","Slimebound:ForwardTackle","Slimebound:Equalize+1"],"picked":"SKIP","floor":21},{"not_picked":["Slimebound:SplitSpecialist","Slimebound:DivideAndConquer","Slimebound:SplitLeeching"],"picked":"SKIP","floor":22},{"not_picked":["Slimebound:FinishingTackle+1","Slimebound:ComboTackle+1"],"picked":"Slimebound:LeechEnergy+1","floor":25},{"not_picked":["Slimebound:SplitBruiser","Slimebound:SplitAcid","Slimebound:ForwardTackle+1"],"picked":"SKIP","floor":26},{"not_picked":["Slimebound:SplitAcid","Slimebound:Nibble+1","Slimebound:Equalize+1"],"picked":"SKIP","floor":28},{"not_picked":["Slimebound:ComboTackle+1","Slimebound:SplitLeeching","Slimebound:RollThrough+1"],"picked":"SKIP","floor":29},{"not_picked":["Slimebound:FinishingTackle+1","Slimebound:ServeAndProtect+1","Slimebound:HungryTackle+1"],"picked":"SKIP","floor":31},{"not_picked":["Slimebound:RollThrough+1","Slimebound:GoopTackle+1"],"picked":"Slimebound:PressTheAttack+1","floor":32},{"not_picked":["Slimebound:Teamwork","Slimebound:PrepareCrush"],"picked":"Slimebound:OozeBath","floor":33},{"not_picked":["Slimebound:FinishingTackle+1","Slimebound:DisruptingSlam+1","Slimebound:FormOfPuddle+1"],"picked":"SKIP","floor":36},{"not_picked":["Slimebound:GoopTackle+1","Slimebound:SplitAcid+1"],"picked":"Slimebound:RejuvenatingLick+1","floor":37},{"not_picked":["Slimebound:LeechEnergy+1","Slimebound:FinishingTackle+1"],"picked":"Slimebound:GrowthPunch+1","floor":39},{"not_picked":["Slimebound:RollThrough+1","Slimebound:PressTheAttack+1","Slimebound:AcidTongue"],"picked":"SKIP","floor":40},{"not_picked":["Slimebound:LeechingTouch+1","Slimebound:SplitBruiser+1","Slimebound:HungryTackle+1"],"picked":"SKIP","floor":43},{"not_picked":["Slimebound:ItLooksTasty+1","Slimebound:LeechingTouch+1"],"picked":"Slimebound:SlimeBarrage+1","floor":45},{"not_picked":["Slimebound:Equalize+1","Slimebound:GoopTackle+1"],"picked":"Slimebound:HauntingLick+1","floor":46},{"not_picked":["Slimebound:GoopTackle+1","Slimebound:SplitAcid+1"],"picked":"Slimebound:SlimeBrawl","floor":47},{"not_picked":["Slimebound:LeechEnergy+1","Slimebound:SplitBruiser"],"picked":"Slimebound:DuplicatedForm","floor":49}],"player_experience":380982,"relics_obtained":[{"floor":6,"key":"HornCleat"},{"floor":7,"key":"Slimebound:MaxSlimesRelic"},{"floor":10,"key":"Unceasing Top"},{"floor":14,"key":"bronze:DecasWashers"},{"floor":23,"key":"Molten Egg 2"},{"floor":24,"key":"White Beast Statue"},{"floor":25,"key":"Shovel"},{"floor":28,"key":"sneckomod:BlankCard"},{"floor":30,"key":"InkBottle"},{"floor":35,"key":"Eternal Feather"},{"floor":38,"key":"Blue Candle"},{"floor":41,"key":"Lantern"},{"floor":42,"key":"Anchor"},{"floor":45,"key":"hexamod:CandleOfCauterizing"},{"floor":46,"key":"CatCart"},{"floor":47,"key":"Mummified Hand"},{"floor":48,"key":"CaptainsWheel"}],"event_choices":[{"cards_removed":["Slimebound:Defend_Slimebound"],"damage_healed":0,"gold_gain":0,"player_choice":"Card Removal","damage_taken":0,"max_hp_gain":0,"max_hp_loss":0,"event_name":"The Cleric","floor":3,"gold_loss":0},{"cards_removed":["Slimebound:Strike_Slimebound"],"damage_healed":0,"gold_gain":0,"player_choice":"Offered Basic","damage_taken":0,"max_hp_gain":0,"max_hp_loss":0,"event_name":"Bonfire Elementals","floor":8,"gold_loss":0},{"damage_healed":0,"gold_gain":0,"player_choice":"Got Potions","damage_taken":0,"max_hp_gain":0,"max_hp_loss":0,"event_name":"Lab","floor":27,"gold_loss":0},{"damage_healed":0,"gold_gain":0,"player_choice":"Relic","damage_taken":0,"max_hp_gain":0,"max_hp_loss":0,"event_name":"Wheel of Change","floor":38,"gold_loss":0},{"cards_removed":["Slimebound:GrowthPunch"],"damage_healed":0,"gold_gain":0,"player_choice":"Removed Attack","damage_taken":0,"max_hp_gain":0,"max_hp_loss":0,"event_name":"Falling","floor":44,"gold_loss":0},{"damage_healed":0,"gold_gain":0,"player_choice":"Fight","damage_taken":0,"max_hp_gain":0,"max_hp_loss":0,"event_name":"OrinTheCat","floor":46,"gold_loss":0}],"is_beta":false,"boss_relics":[{"not_picked":["Calling Bell","Velvet Choker"],"picked":"Coffee Dripper"},{"not_picked":["Slimebound:TarBlob","bronze:MakeshiftBattery"],"picked":"Empty Cage"}],"items_purged_floors":[11,22,40],"is_endless":false,"potions_floor_spawned":[5,10,12,14,15,20,21,25,26,28,29,31,32,33,36,37,39,40,43,45,46,47,49],"ascension_level":7}}