{"host":"3xls0xm49ftugio7","time":1611155819,"event":{"mods":["2.2 Compatiblity","AchievementEnabler","Act Like it!","BaseMod","Bestiary","Colored Powertips","Downfall","GifTheSpireLib","Minty Spire (QoL Compilation)","Quick Restart","Relic Stats","StSLib"],"gold_per_floor":[0,12,22,34,34,34,58,58,158,4,4,0,30,45,65,169,169,169,180,13,13,13,13,13],"floor_reached":22,"language":"ENG","playtime":1261,"items_purged":[],"score":294,"play_id":"57901a3a-18ac-4b7d-962e-03399a555a85","local_time":"20210120171659","is_ascension_mode":true,"campfire_choices":[{"data":"champ:Execute","floor":1.0,"key":"SMITH"},{"data":"champ:CrookedStrike","floor":6.0,"key":"SMITH"},{"data":"champ:BerserkersShout","floor":8.0,"key":"SMITH"},{"data":"champ:MurderStrike","floor":18,"key":"SMITH"}],"circlet_count":0,"master_deck":["champ:Strike+1","champ:Strike","champ:Strike","champ:Strike","champ:Defend","champ:Defend","champ:Defend+1","champ:Defend","champ:Execute+1","champ:Taunt","champ:StanceDance+1","champ:BerserkersShout+1","champ:CrookedStrike+1","downfall:Malfunctioning","champ:AdrenalArmor","champ:SkillfulDodge","champ:UltimateStance+1","champ:BringItOn","champ:DeathBlow","champ:FanOfKnives","champ:Circumvent","champ:MurderStrike+1","champ:ShieldSigil+1","champ:GutPunch"],"relics":["champ:ChampionCrown","Centennial Puzzle","CloakClasp","Ancient Tea Set","SlaversCollar","Medical Kit"],"acts_visited":["Exordium","TheCity"],"potions_floor_usage":[16],"damage_taken":[{"damage":20.0,"enemies":"Jaw Worm","floor":2.0,"turns":3.0},{"damage":15.0,"enemies":"Small Slimes","floor":3.0,"turns":4.0},{"damage":15.0,"enemies":"Cultist","floor":4.0,"turns":3.0},{"damage":71.0,"enemies":"Cultist","floor":9.0,"turns":8.0},{"damage":62.0,"enemies":"downfall:FleeingMerchant","floor":10.0,"turns":4.0},{"damage":53.0,"enemies":"downfall:FleeingMerchant","floor":12.0,"turns":4.0},{"damage":20,"enemies":"Gremlin Nob","floor":13,"turns":3},{"damage":20,"enemies":"Exordium Thugs","floor":14,"turns":4},{"damage":10,"enemies":"Blue Slaver","floor":15,"turns":3},{"damage":92,"enemies":"WA_ARCHETYPE_RETAIN","floor":16,"turns":10},{"damage":61,"enemies":"Chosen","floor":19,"turns":7},{"damage":67,"enemies":"downfall:FleeingMerchant","floor":20,"turns":4},{"damage":58,"enemies":"Shell Parasite","floor":22,"turns":4}],"seed_played":"-2457683491859649282","potions_obtained":[{"floor":9.0,"key":"SkillPotion"},{"floor":13,"key":"Strength Potion"},{"floor":15,"key":"BlessingOfTheForge"},{"floor":16,"key":"EssenceOfSteel"},{"floor":19,"key":"Guardian:BlockOnCardUsePotion"}],"is_trial":false,"path_per_floor":["R","M","M","M","?","R","T","R","?","$","?","$","E","M","M","B",null,"R","M","$","?","M"],"character_chosen":"THE_CHAMP","items_purchased":["champ:UltimateStance","Medical Kit"],"campfire_rested":0,"item_purchase_floors":[10,20],"current_hp_per_floor":[99,99,94,94,94,94,94,94,73,66,66,58,58,58,58,46,93,93,67,55,55,0,0,0],"gold":13,"neow_bonus":"TWENTY_PERCENT_HP_BONUS","is_daily":false,"chose_seed":false,"campfire_upgraded":4,"win_rate":0.0,"timestamp":1611155819,"path_taken":["R","M","M","M","?","R","T","R","?","?","?","$","E","?","M","BOSS","R","M","$","?","M"],"items_purchased_type":["Card","Relic"],"build_version":"2020-12-22","purchased_purges":0,"victory":false,"max_hp_per_floor":[108,108,108,108,108,108,108,108,108,108,108,108,108,108,108,108,108,108,108,108,108,108,108,108],"relic_stats":{"Centennial Puzzle":[30],"counters":[13,61],"CloakClasp":[116],"Medical Kit":[0],"obtain_stats":[{"SlaversCollar":17,"Centennial Puzzle":7,"champ:ChampionCrown":0,"CloakClasp":9,"Ancient Tea Set":13,"Medical Kit":20},{"SlaversCollar":10,"Centennial Puzzle":3,"champ:ChampionCrown":0,"CloakClasp":4,"Ancient Tea Set":7,"Medical Kit":12},{"SlaversCollar":46,"Centennial Puzzle":10,"champ:ChampionCrown":0,"CloakClasp":18,"Ancient Tea Set":29,"Medical Kit":57}]},"card_choices":[{"not_picked":["champ:ShieldSigil","champ:RapidStrikes"],"picked":"champ:StanceDance","floor":2.0},{"not_picked":["champ:DefensiveShout","champ:Circumvent"],"picked":"champ:BerserkersShout","floor":3.0},{"not_picked":["champ:Circumvent","champ:PreemptiveStrike"],"picked":"champ:CrookedStrike","floor":4.0},{"not_picked":["champ:FlashCut","champ:EnGarde"],"picked":"champ:AdrenalArmor","floor":9.0},{"not_picked":["champ:SetATrap","champ:Parry"],"picked":"champ:SkillfulDodge","floor":10.0},{"not_picked":["champ:DancingMaster","champ:PreciseThrust"],"picked":"champ:BringItOn","floor":12.0},{"not_picked":["champ:BerserkerStyle","champ:GutPunch"],"picked":"champ:DeathBlow","floor":13},{"not_picked":["champ:BerserkersShout","champ:PerfectedStrike"],"picked":"champ:FanOfKnives","floor":14},{"not_picked":["champ:RapidStrikes","champ:PreemptiveStrike"],"picked":"champ:Circumvent","floor":15},{"not_picked":["champ:HeavySlash","champ:EnchantShield"],"picked":"champ:MurderStrike","floor":16},{"not_picked":["champ:Haymaker","champ:FaceSlap"],"picked":"champ:ShieldSigil+1","floor":19},{"not_picked":["champ:EnGarde","champ:DancingMaster"],"picked":"champ:GutPunch","floor":20}],"player_experience":943854,"relics_obtained":[{"floor":7.0,"key":"Centennial Puzzle"},{"floor":9.0,"key":"CloakClasp"},{"floor":13,"key":"Ancient Tea Set"}],"event_choices":[{"damage_healed":0.0,"max_hp_gain":0.0,"max_hp_loss":0.0,"gold_gain":0.0,"event_name":"Accursed Blacksmith","player_choice":"Forge","floor":11.0,"gold_loss":0.0,"damage_taken":0.0,"cards_upgraded":["champ:UltimateStance"]},{"damage_healed":0,"gold_gain":0,"player_choice":"Ignored","damage_taken":0,"max_hp_gain":0,"max_hp_loss":0,"event_name":"Ghosts","floor":21,"gold_loss":0}],"is_beta":false,"boss_relics":[{"not_picked":["Fusion Hammer","Pandora\u0027s Box"],"picked":"SlaversCollar"}],"items_purged_floors":[],"is_endless":false,"potions_floor_spawned":[9,13,15,16,19],"killed_by":"Shell Parasite","ascension_level":6}}