{"host":"rjfefv2ruvigm2gb","time":1611102226,"event":{"mods":["A Penny For Your Troubles","Act Like it!","AlwaysNeverKeys","Arknights The Spire","BaseMod","Block Reminder","Conspire","Curses Come First","Dark Map","Displayed Cursed Tome","Elementarium","Evolution","Fireblade Mod","Fox Events","Gensokyo","Gold Saver","Googly Eyes","HexUI Lib","Hubris","Infinite Spire","Ironclad Rager","Mad Scientist","Mimic Mod","Minty Spire (QoL Compilation)","Permanent Neow","Poor People Problems","Quick Restart","Relic Stats","Replay The Spire","Shop Mod","Spire Arcade","StS++","StSLib","SuperFastMode","The Alterego","The Blue Laboratory","The Sage","TheSwordswoman","Thieving Mod","Virulent Crown"],"gold_per_floor":[1357,797,813,813,813,846,846,846,846],"floor_reached":8,"language":"ENG","playtime":875,"items_purged":[],"score":54,"play_id":"0c202451-ddb4-4641-88ea-0f5f117c690e","local_time":"20210119182346","is_ascension_mode":false,"campfire_choices":[],"circlet_count":0,"master_deck":["sagemod:Strike","sagemod:Strike","sagemod:Strike","sagemod:Strike","sagemod:Defend","sagemod:Defend","sagemod:Defend","sagemod:Defend","sagemod:Fly","sagemod:Upwards","sagemod:Brewmaster+1","sagemod:How_To_Befriend_A_Turtle","sagemod:Cane_Strike","sagemod:Grounded_Strike","sagemod:Crank","sagemod:Catch_Me_If_You_Can","sagemod:Bouncing_Strike","sagemod:Grounded_Strike","sagemod:Flight_Feint"],"relics":["sagemod:Flying_Carpet","EVO:Axolotl","Ring of Chaos","hubris:TerracottaHorce","Juzu Bracelet","Girya","Oddly Smooth Stone"],"acts_visited":["Exordium"],"potions_floor_usage":[8],"damage_taken":[{"damage":7,"enemies":"Small Slimes","floor":1,"turns":5},{"damage":8,"enemies":"conspire:RoseBush","floor":3,"turns":14},{"damage":28,"enemies":"3 Sentries","floor":6,"turns":16},{"damage":2,"enemies":"Gremlin Nob","floor":8,"turns":3}],"seed_played":"-382796710500697082","potions_obtained":[{"floor":3,"key":"Venom Potion"}],"is_trial":false,"path_per_floor":["M","$","M","?","?","E","?","E"],"character_chosen":"THE_SAGE","items_purchased":["Juzu Bracelet","Girya","sagemod:Brewmaster+1","sagemod:How_To_Befriend_A_Turtle"],"campfire_rested":0,"item_purchase_floors":[2,2,2,2],"current_hp_per_floor":[43,43,35,35,35,7,10,8,8],"gold":846,"neow_bonus":"DOUBLE_BOSS_RELIC","is_daily":false,"chose_seed":false,"campfire_upgraded":0,"win_rate":0.0,"timestamp":1611102226,"path_taken":["M","$","M","?","?","E","?","E"],"items_purchased_type":["Relic","Relic","Card","Card"],"build_version":"2020-12-22","purchased_purges":0,"victory":false,"max_hp_per_floor":[50,50,50,50,50,50,53,53,53],"relic_stats":{"counters":[4,38],"Juzu Bracelet":0,"obtain_stats":[{"Girya":2,"Oddly Smooth Stone":6,"Ring of Chaos":0,"Juzu Bracelet":2,"EVO:Axolotl":0,"sagemod:Flying_Carpet":0,"hubris:TerracottaHorce":0},{"Girya":1,"Oddly Smooth Stone":3,"Ring of Chaos":0,"Juzu Bracelet":1,"EVO:Axolotl":0,"sagemod:Flying_Carpet":0,"hubris:TerracottaHorce":0},{"Girya":5,"Oddly Smooth Stone":35,"Ring of Chaos":0,"Juzu Bracelet":5,"EVO:Axolotl":0,"sagemod:Flying_Carpet":0,"hubris:TerracottaHorce":0}]},"card_choices":[{"not_picked":["sagemod:How_To_Charm_A_Sentry","sagemod:How_To_Greet_Byrds","sagemod:Pincer_Repair"],"picked":"SKIP","floor":1},{"not_picked":["sagemod:Pincer_Attack","sagemod:Crank"],"picked":"sagemod:Cane_Strike","floor":3},{"not_picked":["sagemod:Salty_Strike","sagemod:Crank"],"picked":"sagemod:Flight_Feint","floor":6}],"player_experience":1000354,"relics_obtained":[{"floor":6,"key":"Oddly Smooth Stone"}],"event_choices":[{"damage_healed":0,"gold_gain":0,"player_choice":"Ignored","damage_taken":0,"max_hp_gain":0,"max_hp_loss":0,"event_name":"Golden Wing","floor":5,"gold_loss":0}],"is_beta":false,"boss_relics":[],"items_purged_floors":[],"is_endless":false,"potions_floor_spawned":[3],"killed_by":"Gremlin Nob","ascension_level":0}}