{"host":"70zhvo5nwrhp1mbg","time":1611109191,"event":{"mods":["BaseMod","Colored Map","Colored Powertips","Filter the Spire","Highlight Path","Minty Spire (QoL Compilation)","Rare Cards Sparkle","StSLib"],"gold_per_floor":[116,116,134,134,134,134,166,166,166,184,184,217,217,228,228,324,374,387,387,387,400,412,412,412,337,337,78,96,70,70,84,84,84,84],"floor_reached":33,"language":"ENG","playtime":3786,"items_purged":[],"score":387,"play_id":"f7ea863f-6031-404b-a74a-3bac73269bc8","local_time":"20210119211951","is_ascension_mode":true,"campfire_choices":[{"data":"True Grit","floor":6.0,"key":"SMITH"},{"data":"Rage","floor":8.0,"key":"SMITH"},{"data":"Clothesline","floor":13.0,"key":"SMITH"},{"data":"Body Slam","floor":15.0,"key":"SMITH"},{"data":"Limit Break","floor":23,"key":"SMITH"},{"floor":32,"key":"REST"}],"circlet_count":0,"master_deck":["Strike_R+1","Strike_R+1","Strike_R+1","Strike_R+1","Strike_R+1","Defend_R+1","Defend_R+1","Defend_R+1","Defend_R+1","Bash","Sword Boomerang","True Grit+1","Rage+1","Clothesline+1","Body Slam+1","Limit Break+1","Pommel Strike","Heavy Blade","Carnage","Anger+1","Flex","Headbutt","Havoc","Cleave","Metallicize","Shrug It Off"],"relics":["Burning Blood","NeowsBlessing","Eternal Feather","Oddly Smooth Stone","Toy Ornithopter","Ornamental Fan","Lantern","Tiny House","MutagenicStrength","Blue Candle","Dream Catcher"],"acts_visited":["TheCity"],"potions_floor_usage":[16,18,30],"damage_taken":[{"damage":0.0,"enemies":"Cultist","floor":1.0,"turns":1.0},{"damage":0.0,"enemies":"Small Slimes","floor":3.0,"turns":1.0},{"damage":0.0,"enemies":"Lagavulin","floor":7.0,"turns":1.0},{"damage":4.0,"enemies":"2 Louse","floor":10.0,"turns":4.0},{"damage":15.0,"enemies":"Gremlin Nob","floor":12.0,"turns":4.0},{"damage":1.0,"enemies":"Looter","floor":14.0,"turns":4.0},{"damage":48,"enemies":"The Guardian","floor":16,"turns":19},{"damage":7,"enemies":"Shell Parasite","floor":18,"turns":7},{"damage":6,"enemies":"Chosen","floor":21,"turns":4},{"damage":7,"enemies":"Centurion and Healer","floor":22,"turns":10},{"damage":30,"enemies":"Snake Plant","floor":28,"turns":5},{"damage":17,"enemies":"Book of Stabbing","floor":30,"turns":5},{"damage":43,"enemies":"Cultist and Chosen","floor":31,"turns":7},{"damage":71,"enemies":"Collector","floor":33,"turns":5}],"seed_played":"-7697294624307955732","potions_obtained":[{"floor":7.0,"key":"FearPotion"},{"floor":12.0,"key":"Block Potion"},{"floor":14.0,"key":"Dexterity Potion"},{"floor":17,"key":"DistilledChaos"},{"floor":28,"key":"SmokeBomb"}],"is_trial":false,"path_per_floor":["M","?","M","?","?","R","E","R","T","M","?","E","R","M","R","B",null,"M","?","?","M","M","R","?","?","T","$","M","$","E","M","R","B"],"character_chosen":"IRONCLAD","items_purchased":["Flex","Dream Catcher","Headbutt","Cleave"],"campfire_rested":1,"item_purchase_floors":[27,27,27,29],"current_hp_per_floor":[78,71,77,77,77,80,80,80,80,80,80,71,80,80,80,38,75,79,79,79,79,78,85,85,85,85,85,61,61,55,18,58,0,0],"gold":84,"neow_bonus":"THREE_ENEMY_KILL","is_daily":false,"chose_seed":false,"campfire_upgraded":5,"win_rate":0.0,"timestamp":1611109191,"path_taken":["M","?","M","?","?","R","E","R","T","M","?","E","R","M","R","BOSS","M","?","?","M","M","R","?","?","T","$","M","$","E","M","R","BOSS"],"items_purchased_type":["Card","Relic","Card","Card"],"build_version":"2020-12-22","purchased_purges":0,"victory":false,"max_hp_per_floor":[80,80,80,80,80,80,80,80,80,80,80,80,80,80,80,80,85,85,85,85,85,85,85,85,85,85,85,85,85,85,85,85,85,85],"card_choices":[{"not_picked":["Clash","Dual Wield"],"picked":"Sword Boomerang","floor":1.0},{"not_picked":["Battle Trance","Havoc"],"picked":"True Grit","floor":3.0},{"not_picked":["Iron Wave","Twin Strike"],"picked":"Rage","floor":7.0},{"not_picked":["Warcry","Clash","Armaments"],"picked":"SKIP","floor":10.0},{"not_picked":["Clash","True Grit"],"picked":"Clothesline","floor":12.0},{"not_picked":["Whirlwind","True Grit"],"picked":"Body Slam","floor":14.0},{"not_picked":["Brutality","Berserk"],"picked":"Limit Break","floor":16},{"not_picked":["Twin Strike","True Grit"],"picked":"Pommel Strike","floor":17},{"not_picked":["Clothesline","Intimidate"],"picked":"Heavy Blade","floor":18},{"not_picked":["Armaments","Whirlwind+1"],"picked":"Carnage","floor":21},{"not_picked":["True Grit","Cleave"],"picked":"Anger+1","floor":22},{"not_picked":["Pummel","Combust"],"picked":"Havoc","floor":28},{"not_picked":["Havoc","Berserk"],"picked":"Metallicize","floor":31},{"not_picked":["Infernal Blade","Thunderclap"],"picked":"Shrug It Off","floor":32}],"player_experience":383909,"relics_obtained":[{"floor":7.0,"key":"Toy Ornithopter"},{"floor":9.0,"key":"Ornamental Fan"},{"floor":12.0,"key":"Lantern"},{"floor":26,"key":"Blue Candle"}],"event_choices":[{"damage_healed":0.0,"max_hp_gain":0.0,"max_hp_loss":0.0,"gold_gain":0.0,"event_name":"Scrap Ooze","player_choice":"Success","floor":2.0,"gold_loss":0.0,"damage_taken":7.0,"relics_obtained":["Eternal Feather"]},{"damage_healed":0.0,"max_hp_gain":0.0,"max_hp_loss":0.0,"gold_gain":0.0,"event_name":"Golden Wing","player_choice":"Ignored","floor":4.0,"gold_loss":0.0,"damage_taken":0.0},{"damage_healed":0.0,"max_hp_gain":0.0,"max_hp_loss":0.0,"gold_gain":0.0,"event_name":"Big Fish","player_choice":"Box","floor":5.0,"gold_loss":0.0,"damage_taken":0.0,"relics_obtained":["Oddly Smooth Stone"],"cards_obtained":["Regret"]},{"damage_healed":0.0,"max_hp_gain":0.0,"max_hp_loss":0.0,"gold_gain":0.0,"event_name":"Shining Light","player_choice":"Ignored","floor":11.0,"gold_loss":0.0,"damage_taken":0.0},{"damage_healed":0,"gold_gain":0,"player_choice":"Inject Mutagens","damage_taken":0,"relics_obtained":["MutagenicStrength"],"max_hp_gain":0,"max_hp_loss":0,"event_name":"Drug Dealer","floor":19,"gold_loss":0},{"damage_healed":0,"gold_gain":0,"player_choice":"Simplicity","damage_taken":0,"max_hp_gain":0,"max_hp_loss":0,"event_name":"Back to Basics","floor":20,"gold_loss":0,"cards_upgraded":["Strike_R","Strike_R","Strike_R","Strike_R","Strike_R","Defend_R","Defend_R","Defend_R"]},{"damage_healed":0,"gold_gain":0,"player_choice":"Ignored","damage_taken":0,"max_hp_gain":0,"max_hp_loss":0,"event_name":"Vampires","floor":24,"gold_loss":0},{"cards_removed":["Regret"],"damage_healed":0,"gold_gain":0,"player_choice":"Gave Gold","damage_taken":0,"max_hp_gain":0,"max_hp_loss":0,"event_name":"Beggar","floor":25,"gold_loss":75}],"is_beta":false,"boss_relics":[{"not_picked":["Busted Crown","Ectoplasm"],"picked":"Tiny House"}],"items_purged_floors":[],"is_endless":false,"potions_floor_spawned":[7,12,14,28,30],"killed_by":"Collector","ascension_level":6}}