{"host":"87fdiiwflhrwsj8a","time":1611116623,"event":{"mods":["Aspiration","BaseMod","Better Match","Better Third Choice","BetterRewards","Colored Map","Conspire","GifTheSpireLib","Infinite Spire","Minty Spire (QoL Compilation)","Quick Restart","Relic Sorter","Replay The Spire","StSLib","Stuff the Spire","The Servant 0.9.4"],"gold_per_floor":[110,129,129,129,279,308,499,499,499,499,401,414,433,451,451,547,547,567,567,577,590,590,619,619,634,680,691,710,710,737,737,737,836,836,852,869,869,879,879,879],"floor_reached":39,"language":"ENG","playtime":3450,"items_purged":["ReplayTheSpireMod:Splinters"],"score":473,"play_id":"4a755d03-4860-421d-b04b-1dc1a1b971a6","local_time":"20210119232343","is_ascension_mode":false,"campfire_choices":[{"floor":8.0,"key":"REST"},{"floor":10.0,"key":"REST"},{"data":"RealityMarble","floor":15.0,"key":"SMITH"},{"floor":24.0,"key":"REST"},{"data":"infinitespire:Menacing","floor":29.0,"key":"SMITH"},{"data":"infinitespire:Collect","floor":32.0,"key":"SMITH"}],"circlet_count":0,"master_deck":["Defend_S","Defend_S","Defend_S","Defend_S","KidneyShot","Exchange","Ricochet","Moonlight","Finisher+1","infinitespire:Menacing+1","Revamp","Revamp","BottledTime","Duplication","RealityMarble+1","SurpressingFire","Dilation","Rearm+1","infinitespire:Collect+1","SurpressingFire","Rearm+1","Bite","Bite","Bite","Bite","Bite","Foresight","BestPractice","SoulSculpture","Moonlight+1","Starlight","Foresight","Luminosity+1"],"relics":["Uniform","NeowsBlessing","StuffTheSpire:DarkSteelAnvil","ReplayTheSpireMod:CursedCoin","The Courier","Mummified Hand","StoneMask","Calipers","conspire:SlowCooker","StuffTheSpire:RubySignet","Pen Nib","InkBottle"],"acts_visited":["Exordium","TheCity","TheBeyond"],"potions_floor_usage":[],"damage_taken":[{"damage":0.0,"enemies":"Cultist","floor":1.0,"turns":1.0},{"damage":0.0,"enemies":"Jaw Worm","floor":2.0,"turns":1.0},{"damage":0.0,"enemies":"Lagavulin","floor":6.0,"turns":1.0},{"damage":0.0,"enemies":"Small Slimes","floor":12.0,"turns":1.0},{"damage":7.0,"enemies":"Looter","floor":13.0,"turns":2.0},{"damage":5.0,"enemies":"Blue Slaver","floor":14.0,"turns":4.0},{"damage":30.0,"enemies":"Hexaghost","floor":16.0,"turns":13.0},{"damage":56.0,"enemies":"conspire:FuzzyDice","floor":18.0,"turns":11.0},{"damage":10.0,"enemies":"Shell Parasite","floor":20.0,"turns":4.0},{"damage":5.0,"enemies":"Centurion and Healer","floor":21.0,"turns":7.0},{"damage":23.0,"enemies":"conspire:SneckoGhost","floor":23.0,"turns":6.0},{"damage":16.0,"enemies":"Shelled Parasite and Fungi","floor":25.0,"turns":6.0},{"damage":34.0,"enemies":"Snake Plant","floor":27.0,"turns":7.0},{"damage":19.0,"enemies":"Snecko","floor":28.0,"turns":5.0},{"damage":27.0,"enemies":"Slavers","floor":30.0,"turns":6.0},{"damage":20.0,"enemies":"Collector","floor":33.0,"turns":11.0},{"damage":18.0,"enemies":"3 Shapes","floor":35.0,"turns":5.0},{"damage":8.0,"enemies":"Orb Walker","floor":36.0,"turns":4.0},{"damage":75.0,"enemies":"4 Shapes","floor":38.0,"turns":6.0},{"damage":18,"enemies":"Jaw Worm Horde","floor":39,"turns":3}],"seed_played":"8399236285807367585","potions_obtained":[{"floor":2.0,"key":"PowerPotion"},{"floor":6.0,"key":"Dexterity Potion"},{"floor":13.0,"key":"EntropicBrew"},{"floor":20.0,"key":"SteroidPotion"},{"floor":27.0,"key":"Fire Potion"},{"floor":35.0,"key":"Fire Potion"}],"is_trial":false,"path_per_floor":["M","M","?","?","$","E","?","R","T","R","$","M","M","M","R","B",null,"M","AVR","M","M","?","E","R","M","T","M","M","R","E","?","R","B",null,"M","M","?","M","M"],"character_chosen":"THE_SERVANT","items_purchased":["ReplayTheSpireMod:CursedCoin","BottledTime","Duplication"],"campfire_rested":3,"item_purchase_floors":[5,11,11],"current_hp_per_floor":[65,65,44,28,28,28,12,31,31,50,50,50,43,38,38,23,65,15,15,8,9,9,15,30,42,42,37,37,37,49,49,49,56,58,61,62,62,11,0,0],"gold":879,"neow_bonus":"THREE_ENEMY_KILL","is_daily":false,"chose_seed":false,"campfire_upgraded":3,"win_rate":0.0,"timestamp":1611116623,"path_taken":["M","?","?","?","$","E","?","R","T","R","$","M","M","M","R","BOSS","M","AVR","M","M","?","E","R","M","T","M","M","R","E","?","R","BOSS","M","M","?","?","M"],"items_purchased_type":["Relic","Card","Card"],"build_version":"2020-12-22","purchased_purges":1,"victory":false,"max_hp_per_floor":[65,65,65,65,65,65,65,65,65,65,65,65,65,65,65,65,65,67,67,68,70,49,50,50,52,52,53,54,54,57,57,57,58,58,61,62,62,66,67,67],"card_choices":[{"not_picked":["Replace","ReturningBlade"],"picked":"Ricochet","floor":1.0},{"not_picked":["Spin","Defy"],"picked":"Moonlight","floor":2.0},{"not_picked":["infinitespire:UltimateForm","infinitespire:Starlight"],"picked":"infinitespire:Menacing","floor":4.0},{"not_picked":["Gouge","ShatteredReality"],"picked":"Revamp","floor":6.0},{"not_picked":["Shuttle","Ricochet"],"picked":"Revamp","floor":7.0},{"not_picked":["GearUp","Unruled","Defy"],"picked":"SKIP","floor":12.0},{"not_picked":["Defy","ShiftingGears"],"picked":"RealityMarble","floor":13.0},{"not_picked":["DoubleEdge","Rewind"],"picked":"SurpressingFire","floor":14.0},{"not_picked":["PendulumOfEternity","Solidify"],"picked":"Dilation","floor":16.0},{"not_picked":["Snipe","BottledTime"],"picked":"Rearm+1","floor":18.0},{"not_picked":["Sabotage","TimeWarp"],"picked":"SurpressingFire","floor":20.0},{"not_picked":["Unruled","Defy+1"],"picked":"Rearm+1","floor":21.0},{"not_picked":["Alleviate","Potential"],"picked":"Foresight","floor":23.0},{"not_picked":["FastForward","DoubleEdge+1"],"picked":"BestPractice","floor":25.0},{"not_picked":["Revamp+1","ShatteredReality+1"],"picked":"SoulSculpture","floor":27.0},{"not_picked":["Desolation","Alleviate"],"picked":"Moonlight+1","floor":28.0},{"not_picked":["LightFlow","Ricochet+1"],"picked":"Starlight","floor":30.0},{"not_picked":["DoubleEdge","Barrier","Ricochet"],"picked":"SKIP","floor":35.0},{"not_picked":["Barrier+1","DoubleEdge+1"],"picked":"Foresight","floor":36.0},{"not_picked":["Collapse","Potential"],"picked":"Luminosity+1","floor":38.0}],"player_experience":2528683,"relics_obtained":[{"floor":6.0,"key":"The Courier"},{"floor":9.0,"key":"Mummified Hand"},{"floor":23.0,"key":"StuffTheSpire:RubySignet"},{"floor":30.0,"key":"Pen Nib"}],"event_choices":[{"damage_healed":0.0,"max_hp_gain":0.0,"max_hp_loss":21.0,"gold_gain":0.0,"event_name":"Vampires","player_choice":"Became a vampire","floor":22.0,"gold_loss":0.0,"damage_taken":0.0,"cards_obtained":["Bite","Bite","Bite","Bite","Bite"]},{"damage_healed":0.0,"max_hp_gain":0.0,"max_hp_loss":0.0,"gold_gain":0.0,"event_name":"WeMeetAgain","player_choice":"Gave Potion","floor":31.0,"gold_loss":0.0,"damage_taken":0.0,"relics_obtained":["InkBottle"]},{"damage_healed":0.0,"max_hp_gain":0.0,"max_hp_loss":0.0,"gold_gain":0.0,"event_name":"The Woman in Blue","player_choice":"Bought 0 Potions","floor":37.0,"gold_loss":0.0,"damage_taken":0.0}],"is_beta":false,"boss_relics":[{"not_picked":["aspiration:RitualDagger","Replay:Drink Me"],"picked":"StoneMask"},{"not_picked":["ReplayTheSpireMod:DimensionalGlitch","aspiration:RunicSpoon","aspiration:FutureDiary"]}],"items_purged_floors":[19],"is_endless":false,"potions_floor_spawned":[2,6,13,14,20,27,35],"killed_by":"Jaw Worm Horde","ascension_level":0}}