{"host":"7tvb1em0d2fx72q7","time":1611105681,"event":{"mods":["BaseMod","Challenge The Spire","Minty Spire (QoL Compilation)","StSLib","everything is the same but u backflip on backflip"],"gold_per_floor":[365,377,377,46,61,87,87,119,119,119,138,173,185,198,198,275,275,290,308,326,336,336,336],"floor_reached":22,"language":"ENG","playtime":1828,"items_purged":["Strike_B"],"score":420,"play_id":"bea88e56-a2f3-40b2-8f83-6e25c7fd82fb","local_time":"20210119202121","is_ascension_mode":true,"campfire_choices":[{"data":"Consume","floor":7.0,"key":"SMITH"},{"floor":10.0,"key":"REST"},{"floor":15.0,"key":"REST"}],"circlet_count":0,"master_deck":["AscendersBane","Strike_B","Strike_B","Defend_B","Defend_B","Defend_B","Defend_B","Zap","Dualcast","Clumsy","Rebound","Genetic Algorithm","Biased Cognition","Coolheaded","Redo","Darkness","Consume+1","Consume","Compile Driver","Defragment","Fusion","Electrodynamics","Machine Learning","Compile Driver","Loop","Capacitor","Skim"],"relics":["Cracked Core","Runic Capacitor","Mercury Hourglass","Peace Pipe","Torii","Anchor","Snecko Eye"],"acts_visited":["Exordium","TheCity"],"potions_floor_usage":[],"damage_taken":[{"damage":2.0,"enemies":"2 Louse","floor":1.0,"turns":3.0},{"damage":6.0,"enemies":"Cultist","floor":2.0,"turns":3.0},{"damage":1.0,"enemies":"Small Slimes","floor":5.0,"turns":4.0},{"damage":27.0,"enemies":"3 Sentries","floor":6.0,"turns":5.0},{"damage":27.0,"enemies":"Gremlin Nob","floor":8.0,"turns":4.0},{"damage":8.0,"enemies":"3 Louse","floor":11.0,"turns":2.0},{"damage":22.0,"enemies":"3 Sentries","floor":12.0,"turns":5.0},{"damage":0.0,"enemies":"Blue Slaver","floor":13.0,"turns":4.0},{"damage":0.0,"enemies":"Looter","floor":14.0,"turns":3.0},{"damage":5.0,"enemies":"Hexaghost","floor":16.0,"turns":7.0},{"damage":1.0,"enemies":"Chosen","floor":18.0,"turns":3.0},{"damage":6.0,"enemies":"2 Thieves","floor":19.0,"turns":3.0},{"damage":40,"enemies":"3 Cultists","floor":20,"turns":4},{"damage":8,"enemies":"Chosen and Byrds","floor":21,"turns":4},{"damage":6,"enemies":"Snake Plant","floor":22,"turns":1}],"seed_played":"-7983651653518983366","potions_obtained":[{"floor":5.0,"key":"Regen Potion"},{"floor":6.0,"key":"FearPotion"},{"floor":14.0,"key":"Weak Potion"},{"floor":16.0,"key":"SteroidPotion"},{"floor":21,"key":"Ancient Potion"}],"is_trial":false,"path_per_floor":["M","M","?","$","M","E","R","E","T","R","M","E","M","M","R","B",null,"M","M","M","M","M"],"character_chosen":"DEFECT","items_purchased":["Runic Capacitor","Coolheaded","Redo"],"campfire_rested":2,"item_purchase_floors":[4,4,4],"current_hp_per_floor":[62,56,56,56,55,28,28,13,13,34,26,4,4,4,25,20,58,57,51,11,3,0,0],"gold":336,"neow_bonus":"TWO_FIFTY_GOLD","is_daily":false,"chose_seed":false,"campfire_upgraded":1,"win_rate":0.0,"timestamp":1611105681,"path_taken":["M","M","?","$","M","E","R","E","T","R","M","E","M","M","R","BOSS","M","M","M","?","M"],"items_purchased_type":["Relic","Card","Card"],"build_version":"2020-12-22","purchased_purges":1,"victory":false,"max_hp_per_floor":[71,71,71,71,71,71,71,71,71,71,71,71,71,71,71,71,71,71,71,71,71,71,71],"card_choices":[{"not_picked":["Stack","Barrage"],"picked":"Rebound","floor":1.0},{"not_picked":["Gash","Sweeping Beam"],"picked":"Genetic Algorithm","floor":2.0},{"not_picked":["Lockon","Sweeping Beam"],"picked":"Darkness","floor":5.0},{"not_picked":["Go for the Eyes","Recycle"],"picked":"Consume","floor":6.0},{"not_picked":["Rip and Tear","Stack"],"picked":"Consume","floor":8.0},{"not_picked":["Steam","Conserve Battery"],"picked":"Compile Driver","floor":11.0},{"not_picked":["Rip and Tear","Steam"],"picked":"Defragment","floor":12.0},{"not_picked":["Stack","Consume"],"picked":"Fusion","floor":13.0},{"not_picked":["Steam","Coolheaded"],"picked":"Electrodynamics","floor":14.0},{"not_picked":["Thunder Strike","Reboot"],"picked":"Machine Learning","floor":16.0},{"not_picked":["Hologram","Consume"],"picked":"Compile Driver","floor":18.0},{"not_picked":["Cold Snap","Conserve Battery"],"picked":"Loop","floor":19.0},{"not_picked":["Streamline","Rebound"],"picked":"Capacitor","floor":20},{"not_picked":["Rebound","Leap"],"picked":"Skim","floor":21}],"player_experience":1937031,"relics_obtained":[{"floor":6.0,"key":"Mercury Hourglass"},{"floor":8.0,"key":"Peace Pipe"},{"floor":9.0,"key":"Torii"},{"floor":12.0,"key":"Anchor"}],"event_choices":[{"damage_healed":0.0,"max_hp_gain":0.0,"max_hp_loss":0.0,"gold_gain":0.0,"cards_transformed":["Strike_B"],"event_name":"Transmorgrifier","player_choice":"Transformed","floor":3.0,"gold_loss":0.0,"damage_taken":0.0,"cards_obtained":["Biased Cognition"]}],"is_beta":false,"boss_relics":[{"not_picked":["Runic Dome","SlaversCollar"],"picked":"Snecko Eye"}],"items_purged_floors":[4],"is_endless":false,"potions_floor_spawned":[5,6,14,16,21],"killed_by":"Snake Plant","ascension_level":20}}