{"host":"1bf4lopb4xlrny0j","time":1611145575,"event":{"mods":["100% Spire Juice","Act Like it!","Astrologer","Bard","BaseMod","CapriCore","Chen","Colored Powertips","Gensokyo","Hubris","Koishi","Marisa£®ÏF”Í°°ƒß¿Ì…≥£©","Minty Spire (QoL Compilation)","Pale of the Ancients","Reimu£®≤©¿ˆ¡È√Œ£©","Remilia£®¿Ÿ√◊¿Ú—«£©","Spicy Shops","StSLib","The Administrix","The Gatherer","The Immortal","The Mystic","The Runesmith","The Servant 0.9.4","Yakumo Yukari mod","Youmu£®ªÍ∆«—˝√Œ£©","Yuyuko"],"gold_per_floor":[117,130,149,149,79,108,33,33,33,50,75,75,89,104,104,202,202,222,222,122,135,154,154,171,171,216,235,235,235,254,0,0,105,105,120,120,133,143,160,160,192,192,192,245,295,311,330,48,48,48,48,48,48,73,73],"floor_reached":56,"language":"ZHS","playtime":4912,"items_purged":["Defend_Lin:ReiMu","Defend_Lin:ReiMu","Strike_Lin:ReiMu"],"score":1266,"play_id":"df78b193-0960-4390-b4bc-1a11d843625a","local_time":"20210120202615","is_ascension_mode":false,"campfire_choices":[{"data":"AlertArray:ReiMu","floor":8.0,"key":"SMITH"},{"data":"AlertArray:ReiMu","floor":12.0,"key":"SMITH"},{"data":"Gathering:ReiMu","floor":15.0,"key":"SMITH"},{"data":"KamiRite:ReiMu","floor":23.0,"key":"SMITH"},{"data":"MikOfLucky:ReiMu","floor":25.0,"key":"SMITH"},{"data":"NB:ReiMu","floor":28.0,"key":"SMITH"},{"data":"LovePray:ReiMu","floor":32.0,"key":"SMITH"},{"data":"Amulet:ReiMu","floor":40.0,"key":"SMITH"},{"data":"Defend_Lin:ReiMu","floor":42.0,"key":"SMITH"},{"floor":49.0,"key":"RECALL"},{"data":"Stagnation:ReiMu","floor":52,"key":"SMITH"}],"circlet_count":0,"master_deck":["Strike_Lin:ReiMu","Strike_Lin:ReiMu","Defend_Lin:ReiMu+1","Defend_Lin:ReiMu+1","NB:ReiMu+1","Stagnation:ReiMu+1","Gathering:ReiMu+1","Enchanting:ReiMu+1","SubAcupoint:ReiMu+1","AlertArray:ReiMu+1","AlertArray:ReiMu+1","Amulet:ReiMu+1","SafetyPray:ReiMu+1","LovePray:ReiMu+1","KamiRite:ReiMu+1","MikOfLucky:ReiMu+1","AirStrike:ReiMu+1","BarrageOfMoneybags:ReiMu+1","Enchanting:ReiMu+1","SubAcupoint:ReiMu+1","UniversalSpiritual:ReiMu+1","SealNeedle:ReiMu+1"],"relics":["FlyPower:ReiMu","NeowsBlessing","hubris:Reverence","Vajra","hubris:CrystalStatue","hubris:Stopwatch","hubris:Towel","hubris:Icosahedron","Busted Crown","hubris:PeanutButter","hubris:Spice","CatCart","hubris:Zylophone","hubris:SlimyHat"],"acts_visited":["Gensokyo:Gensokyo","Gensokyo:Gensokyoer","TheBeyond","TheEnding"],"potions_floor_usage":[50,55],"damage_taken":[{"damage":0.0,"enemies":"Gensokyo:Gryphon","floor":1.0,"turns":1.0},{"damage":0.0,"enemies":"Gensokyo:2_Kodama","floor":2.0,"turns":1.0},{"damage":0.0,"enemies":"Gensokyo:Python","floor":3.0,"turns":1.0},{"damage":15.0,"enemies":"Gensokyo:Mamizou","floor":6.0,"turns":15.0},{"damage":0.0,"enemies":"Gensokyo:Gryphon_and_Rabbit","floor":10.0,"turns":6.0},{"damage":21.0,"enemies":"Gensokyo:Cirno","floor":11.0,"turns":14.0},{"damage":3.0,"enemies":"Gensokyo:Python_and_Kodama","floor":13.0,"turns":5.0},{"damage":0.0,"enemies":"Gensokyo:LivingMonolith","floor":14.0,"turns":4.0},{"damage":0.0,"enemies":"Gensokyo:Kokoro","floor":16.0,"turns":12.0},{"damage":0.0,"enemies":"Gensokyo:CosmicMonolith","floor":18.0,"turns":8.0},{"damage":0.0,"enemies":"Gensokyo:Chomper","floor":21.0,"turns":5.0},{"damage":1.0,"enemies":"Gensokyo:Slime_Group","floor":22.0,"turns":10.0},{"damage":0.0,"enemies":"Gensokyo:Wraith","floor":24.0,"turns":6.0},{"damage":0.0,"enemies":"Gensokyo:3_Gloops","floor":27.0,"turns":5.0},{"damage":4.0,"enemies":"Gensokyo:Chomper_and_Gloop","floor":30.0,"turns":6.0},{"damage":0.0,"enemies":"Gensokyo:Kaguya","floor":33.0,"turns":14.0},{"damage":2.0,"enemies":"3 Shapes","floor":35.0,"turns":4.0},{"damage":2.0,"enemies":"3 Darklings","floor":37.0,"turns":4.0},{"damage":0.0,"enemies":"Sphere and 2 Shapes","floor":38.0,"turns":6.0},{"damage":0.0,"enemies":"Maw","floor":39.0,"turns":7.0},{"damage":0.0,"enemies":"Nemesis","floor":41.0,"turns":5.0},{"damage":16.0,"enemies":"Orin","floor":44.0,"turns":7.0},{"damage":0.0,"enemies":"Mind Bloom Boss Battle","floor":45.0,"turns":7.0},{"damage":0.0,"enemies":"Spire Growth","floor":46.0,"turns":4.0},{"damage":2.0,"enemies":"4 Shapes","floor":47.0,"turns":7.0},{"damage":11,"enemies":"Donu and Deca","floor":50,"turns":9},{"damage":20,"enemies":"Shield and Spear","floor":54,"turns":9},{"damage":34,"enemies":"The Heart","floor":55,"turns":10}],"seed_played":"860720109830919945","potions_obtained":[{"floor":3.0,"key":"PinkPotion:ReiMu"},{"floor":10.0,"key":"SmokeBomb"},{"floor":11.0,"key":"SkillPotion"},{"floor":14.0,"key":"GrandPatriotsElixir:ReiMu"},{"floor":21.0,"key":"LiquidFlight:ReiMu"},{"floor":27.0,"key":"Explosive Potion"}],"is_trial":false,"path_per_floor":["M","M","M","?","?","E","$","R","T","M","E","R","M","M","R","B",null,"M","?","$","M","M","R","M","R","T","M","R","?","M","?","R","B",null,"M","$","M","M","M","R","E","R","T","?","?","M","M","$","R","B",null,"R","$","E","B",null],"character_chosen":"REIMU","items_purchased":["hubris:SlimyHat"],"campfire_rested":0,"item_purchase_floors":[48],"current_hp_per_floor":[65,65,65,65,65,50,50,50,50,50,29,29,26,26,26,26,65,65,65,65,65,64,64,64,64,64,64,64,64,60,60,60,60,65,63,63,61,61,61,61,61,61,69,53,53,53,51,51,51,40,73,73,73,61,27],"gold":73,"neow_bonus":"THREE_ENEMY_KILL","is_daily":false,"chose_seed":false,"campfire_upgraded":10,"win_rate":0.0,"timestamp":1611145575,"path_taken":["M","M","?","?","?","E","?","R","T","M","E","R","M","M","R","BOSS","M","?","$","M","M","R","M","R","T","M","R","?","M","?","R","BOSS","M","$","?","M","M","R","E","R","T","?","?","M","M","$","R","BOSS","R","$","E","BOSS"],"items_purchased_type":["Relic"],"build_version":"2020-12-22","purchased_purges":3,"victory":true,"max_hp_per_floor":[65,65,65,65,65,65,65,65,65,65,65,65,65,65,65,65,65,65,65,65,65,65,65,65,65,65,65,65,65,65,65,65,65,65,65,65,65,65,65,65,65,65,73,73,73,73,73,73,73,73,73,73,73,81,81],"card_choices":[{"not_picked":["SpreadBorder2:ReiMu","AirStrike:ReiMu"],"picked":"Gathering:ReiMu","floor":1.0},{"not_picked":["SubcavityInstant:ReiMu","InherentArray:ReiMu"],"picked":"Enchanting:ReiMu","floor":2.0},{"not_picked":["TakeOff:ReiMu","AirStrike:ReiMu"],"picked":"SubAcupoint:ReiMu","floor":3.0},{"not_picked":["SpreadBorder2:ReiMu","OrbThrow:ReiMu"],"picked":"AlertArray:ReiMu","floor":6.0},{"not_picked":["Conquer:ReiMu","SubcavityInstant:ReiMu"],"picked":"AlertArray:ReiMu","floor":10.0},{"not_picked":["Meditation:ReiMu","UpKicking:ReiMu"],"picked":"Amulet:ReiMu","floor":11.0},{"not_picked":["EmergencyTakeOff:ReiMu","HakureiPhantom:ReiMu"],"picked":"SafetyPray:ReiMu","floor":13.0},{"not_picked":["SafetyPray:ReiMu","CollectionFlower2:ReiMu"],"picked":"LovePray:ReiMu","floor":14.0},{"not_picked":["YinYang:ReiMu","Determination:ReiMu"],"picked":"KamiRite:ReiMu","floor":16.0},{"not_picked":["Amulet:ReiMu","SpreadBorder2:ReiMu","PrepareRite:ReiMu"],"picked":"SKIP","floor":18.0},{"not_picked":["FantasyBorder:ReiMu","OrbThrow:ReiMu+1"],"picked":"MikOfLucky:ReiMu","floor":21.0},{"not_picked":["Conquer:ReiMu","SpringWay:ReiMu","SpreadBorder2:ReiMu"],"picked":"SKIP","floor":22.0},{"not_picked":["OctopathBindingBorder2:ReiMu","RunawayExorcism:ReiMu"],"picked":"AirStrike:ReiMu+1","floor":24.0},{"not_picked":["SealNeedle:ReiMu","TightArray:ReiMu+1"],"picked":"BarrageOfMoneybags:ReiMu","floor":27.0},{"not_picked":["SpreadBorder2:ReiMu","Enchanting:ReiMu+1","RainPray2:ReiMu+1"],"picked":"SKIP","floor":30.0},{"not_picked":["SubAcupoint:ReiMu+1"],"picked":"SKIP","floor":35.0},{"not_picked":[],"picked":"Enchanting:ReiMu+1","floor":37.0},{"not_picked":["SpiritualOutbreak2:ReiMu+1"],"picked":"SKIP","floor":38.0},{"not_picked":["SafetyPray:ReiMu+1"],"picked":"SKIP","floor":39.0},{"not_picked":["Meditation:ReiMu"],"picked":"SKIP","floor":41.0},{"not_picked":[],"picked":"SubAcupoint:ReiMu+1","floor":45.0},{"not_picked":[],"picked":"UniversalSpiritual:ReiMu+1","floor":46.0},{"not_picked":["MikOfLucky:ReiMu+1"],"picked":"SKIP","floor":47.0},{"not_picked":[],"picked":"SealNeedle:ReiMu+1","floor":54}],"player_experience":270780,"relics_obtained":[{"floor":6.0,"key":"hubris:Reverence"},{"floor":9.0,"key":"Vajra"},{"floor":11.0,"key":"hubris:CrystalStatue"},{"floor":41.0,"key":"hubris:PeanutButter"},{"floor":43.0,"key":"hubris:Spice"},{"floor":44.0,"key":"CatCart"},{"floor":45.0,"key":"hubris:Zylophone"},{"floor":54,"key":"hubris:Spice"}],"event_choices":[{"damage_healed":0.0,"max_hp_gain":0.0,"max_hp_loss":0.0,"gold_gain":0.0,"event_name":"OrinTheCat","player_choice":"Fight","floor":44.0,"gold_loss":0.0,"damage_taken":0.0},{"damage_healed":0.0,"max_hp_gain":0.0,"max_hp_loss":0.0,"gold_gain":0.0,"event_name":"MindBloom","player_choice":"Fight","floor":45.0,"gold_loss":0.0,"damage_taken":0.0}],"is_beta":false,"boss_relics":[{"not_picked":["hubris:TerracottaHorce","hubris:BlackHole"],"picked":"hubris:Stopwatch"},{"not_picked":["hubris:GrandSneckoEye","Tiny House"],"picked":"Busted Crown"}],"items_purged_floors":[7,20,48],"is_endless":false,"potions_floor_spawned":[3,10,11,14,16,21,27,35,38,44,47],"ascension_level":0}}