{"host":"xuwi0g0wfi2leo50","time":1611115189,"event":{"mods":["A Magickal Journey","Aspiration","BaseMod","Colored Map","Colored Powertips","Custom Start","DeckTracker","Downfall","Energized Spire","GifTheSpireLib","Highlight Path","Hubris","Infinite Spire","Lobotomy","Marisa????????","Minty Spire (QoL Compilation)","Quick Restart","Random Character Button","StSLib","SuperFastMode","Synergy Search","Td1madao Mod","The Animator","The Cursed","The Jungle","The Runesmith","The Servant 0.9.4","vexMod"],"gold_per_floor":[99,99,99,48,48,148,148,183,198,31,65,76,176,176,186,282,282,282,294,294,311,331,342,421,421,421,421,441,238,238,238,255,353,353,353,373,386,386,433,433,457,274,289,289,303,303,303,314,328,328],"floor_reached":51,"language":"ENG","playtime":2422,"items_purged":["hexamod:ThirdSeal"],"score":805,"play_id":"f14b91d3-9a9b-4588-8e34-360d8f99e330","local_time":"20210119215949","is_ascension_mode":false,"campfire_choices":[{"data":"hexamod:Sear","floor":1,"key":"SMITH"},{"floor":13,"key":"REST"},{"data":"hexamod:SuperheatedStrike","floor":18,"key":"SMITH"},{"data":"hexamod:BurningTouch","floor":27,"key":"SMITH"},{"data":"vexMod:StairwayStrike","floor":30,"key":"SMITH"},{"data":"hexamod:HexaLevel","floor":35,"key":"SMITH"},{"data":"1","floor":40,"key":"LIFT"},{"data":"2","floor":44,"key":"LIFT"},{"data":"3","floor":47,"key":"LIFT"}],"circlet_count":0,"master_deck":["hexamod:Strike+1","hexamod:Strike+1","hexamod:Strike+1","hexamod:Strike+1","hexamod:Defend+1","hexamod:Defend+1","hexamod:Defend+1","hexamod:Defend+1","hexamod:Sear+1","hexamod:Float","hexamod:SuperheatedStrike+1","hexamod:BurningTouch+1","hexamod:GhostShield","hexamod:AdvancingGuard","hexamod:NightmareGuise","hexamod:FlamesFromBeyond+1","hexamod:WildfireWeapon+1","hubris:Fate","vexMod:StairwayStrike+1","hexamod:HexaLevel+1","hexamod:ParanormalForm","hexamod:Toasty+1","hexamod:HeatMetal"],"relics":["hexamod:SpiritBrand","downfall:HeartsMalice","downfall:GremlinWheel","hubris:MysteriousPyramids","vexMod:InvisibilityCloak","Bag of Marbles","hubris:TenFootPole","energizedSpire:StickyHand","Bottled Flame","Ginger","Busted Crown","Girya","Vajra","vexMod:PaidLearning","infinitespire:Joker Card"],"acts_visited":["Exordium","TheCity","TheBeyond"],"potions_floor_usage":[50,50,50],"damage_taken":[{"damage":0,"enemies":"Jaw Worm","floor":2,"turns":1},{"damage":0,"enemies":"Cultist","floor":3,"turns":1},{"damage":0,"enemies":"downfall:FleeingMerchant","floor":4,"turns":1},{"damage":23,"enemies":"downfall:FleeingMerchant","floor":6,"turns":4},{"damage":12,"enemies":"Lagavulin","floor":8,"turns":6},{"damage":1,"enemies":"2 Louse","floor":9,"turns":3},{"damage":0,"enemies":"downfall:FleeingMerchant","floor":10,"turns":4},{"damage":0,"enemies":"3 Sentries","floor":11,"turns":7},{"damage":0,"enemies":"Large Slime","floor":12,"turns":3},{"damage":0,"enemies":"Blue Slaver","floor":15,"turns":3},{"damage":40,"enemies":"WA_ARCHETYPE_RETAIN","floor":16,"turns":9},{"damage":3,"enemies":"Chosen","floor":19,"turns":3},{"damage":0,"enemies":"Spheric Guardian","floor":21,"turns":3},{"damage":3,"enemies":"Shelled Parasite and Fungi","floor":22,"turns":6},{"damage":0,"enemies":"Cultist and Chosen","floor":23,"turns":5},{"damage":0,"enemies":"Snake Plant","floor":28,"turns":3},{"damage":0,"enemies":"downfall:FleeingMerchant","floor":29,"turns":4},{"damage":0,"enemies":"Centurion and Healer","floor":32,"turns":3},{"damage":19,"enemies":"SI_MIRROR_ARCHETYPE","floor":33,"turns":7},{"damage":0,"enemies":"Orb Walker","floor":36,"turns":3},{"damage":1,"enemies":"3 Darklings","floor":37,"turns":3},{"damage":26,"enemies":"2 Orb Walkers","floor":39,"turns":4},{"damage":15,"enemies":"downfall:FleeingMerchant","floor":42,"turns":3},{"damage":0,"enemies":"Spire Growth","floor":43,"turns":3},{"damage":0,"enemies":"4 Shapes","floor":45,"turns":4},{"damage":1,"enemies":"3 Darklings","floor":48,"turns":4},{"damage":13,"enemies":"Writhing Mass","floor":49,"turns":3},{"damage":54,"enemies":"IC_BLOCK_ARCHETYPE","floor":50,"turns":6}],"seed_played":"-7253336497872682050","potions_obtained":[{"floor":8,"key":"Energy Potion"},{"floor":9,"key":"AttackPotion"},{"floor":11,"key":"Guardian:BlockOnCardUsePotion"},{"floor":21,"key":"DuplicationPotion"}],"is_trial":false,"path_per_floor":["R","M","M","$","?","?","T","E","M","$","E","M","R","?","M","B",null,"R","M","?","M","M","M","T","AVR","?","R","M","$","R","?","M","B",null,"R","M","M","?","?","R","T","$","M","R","M","?","R","M","M","B",null],"character_chosen":"THE_SPIRIT","items_purchased":["hexamod:GhostShield","Bag of Marbles","vexMod:StairwayStrike","vexMod:PaidLearning","infinitespire:Joker Card","Swift Potion"],"campfire_rested":1,"item_purchase_floors":[4,10,29,42,42,42],"current_hp_per_floor":[70,70,70,70,75,52,52,40,39,39,39,39,61,61,61,21,75,75,72,72,72,69,69,69,69,65,65,65,65,65,65,65,46,80,80,80,79,79,53,53,53,38,38,38,38,70,70,69,56,2],"gold":328,"neow_bonus":"THREE_ENEMY_KILL","is_daily":false,"chose_seed":false,"campfire_upgraded":5,"win_rate":0.0,"timestamp":1611115189,"path_taken":["R","M","M","$","?","?","T","E","?","?","E","M","R","?","M","BOSS","R","M","?","M","M","M","T","AVR","?","R","M","$","R","?","M","BOSS","R","M","M","?","?","R","T","$","M","R","M","?","R","M","M","BOSS"],"items_purchased_type":["Card","Relic","Card","Relic","Relic","Potion"],"build_version":"2020-12-22","purchased_purges":1,"victory":true,"max_hp_per_floor":[70,70,70,70,75,75,75,75,75,75,75,75,75,75,75,75,75,75,75,75,75,75,75,75,75,80,80,80,80,80,80,80,80,80,80,80,80,80,80,80,80,80,80,80,80,70,70,70,70,70],"card_choices":[{"not_picked":["hexamod:HeatMetal","hexamod:FastForward"],"picked":"hexamod:SuperheatedStrike","floor":2},{"not_picked":["hexamod:ShieldOfDarkness","hexamod:SuperheatedStrike"],"picked":"hexamod:ThirdSeal","floor":3},{"not_picked":["hexamod:GhostflameBarrier","hexamod:GhostShield"],"picked":"hexamod:BurningTouch","floor":4},{"not_picked":["hexamod:HauntingEcho","hexamod:SpectersWail"],"picked":"hexamod:AdvancingGuard","floor":8},{"not_picked":["hexamod:SuperheatedStrike","hexamod:GhostShield"],"picked":"hexamod:NightmareGuise","floor":9},{"not_picked":["hexamod:ShieldOfDarkness","hexamod:SpectralSpark","hexamod:CatchUp"],"picked":"SKIP","floor":9},{"not_picked":["hexamod:FirstSeal","hexamod:GhostflameBarrier"],"picked":"hexamod:FlamesFromBeyond","floor":10},{"not_picked":["hexamod:SpectersWail","hexamod:SwordOfDarkness","hexamod:HeatMetal"],"picked":"SKIP","floor":11},{"not_picked":["hexamod:NecessarySacrifice","hexamod:SwordOfDarkness"],"picked":"hexamod:WildfireWeapon","floor":12},{"not_picked":["hexamod:RecurringNightmare","hexamod:NecessarySacrifice","hexamod:Firestarter"],"picked":"SKIP","floor":12},{"not_picked":["hexamod:EtherealExpedition","hexamod:HeatMetal","hexamod:FastForward"],"picked":"SKIP","floor":15},{"not_picked":["hexamod:GhostflameBarrier","hexamod:AdvancingGuard+1","hexamod:InspiringFlames+1"],"picked":"SKIP","floor":19},{"not_picked":["hexamod:NightmareStrike","hexamod:SwordOfDarkness","hexamod:SuperheatedStrike"],"picked":"SKIP","floor":21},{"not_picked":["hexamod:FlamesFromBeyond+1","hexamod:Hexaguard","hexamod:InspiringFlames"],"picked":"SKIP","floor":22},{"not_picked":["hexamod:GhostOfSpireFuture+1","hexamod:SpectralAdrenaline","hexamod:ThirdSeal"],"picked":"SKIP","floor":22},{"not_picked":["hexamod:NightmareStrike+1","hexamod:FifthSeal","hexamod:SwordOfDarkness"],"picked":"SKIP","floor":23},{"not_picked":["hexamod:GhostShield","hexamod:HeatCrush+1","hexamod:SuperheatedStrike"],"picked":"SKIP","floor":28},{"not_picked":["hexamod:SuperheatedStrike+1","hexamod:GhostOfSpirePresent","hexamod:HeatMetal"],"picked":"SKIP","floor":29},{"not_picked":["hexamod:SwordOfDarkness","hexamod:SecondSeal","hexamod:EtherealExpedition"],"picked":"SKIP","floor":32},{"not_picked":["hexamod:ParanormalForm","hexamod:Toasty"],"picked":"hexamod:HexaLevel","floor":33},{"not_picked":[],"picked":"hexamod:HeatMetal","floor":36},{"not_picked":["hexamod:RetreatToShadows+1"],"picked":"SKIP","floor":37},{"not_picked":["hexamod:NightmareStrike+1"],"picked":"SKIP","floor":42},{"not_picked":["hexamod:SpectralAdrenaline+1"],"picked":"SKIP","floor":43},{"not_picked":["hexamod:BurningTouch"],"picked":"SKIP","floor":45},{"not_picked":["hexamod:GhostShield"],"picked":"SKIP","floor":48},{"not_picked":["hexamod:RecurringNightmare"],"picked":"SKIP","floor":49}],"player_experience":956369,"relics_obtained":[{"floor":6,"key":"downfall:GremlinWheel"},{"floor":7,"key":"hubris:MysteriousPyramids"},{"floor":8,"key":"vexMod:InvisibilityCloak"},{"floor":11,"key":"hubris:TenFootPole"},{"floor":24,"key":"Bottled Flame"},{"floor":39,"key":"Girya"},{"floor":41,"key":"Vajra"}],"event_choices":[{"damage_healed":0,"gold_gain":0,"player_choice":"Donut","damage_taken":0,"max_hp_gain":5,"max_hp_loss":0,"event_name":"Big Fish","floor":5,"gold_loss":0},{"damage_healed":0,"gold_gain":100,"player_choice":"Gold","damage_taken":0,"max_hp_gain":0,"max_hp_loss":0,"event_name":"Wheel of Change","floor":13,"gold_loss":0},{"damage_healed":0,"gold_gain":0,"player_choice":"Fight","damage_taken":0,"max_hp_gain":0,"max_hp_loss":0,"event_name":"Mysterious Sphere","floor":39,"gold_loss":0}],"is_beta":false,"boss_relics":[{"not_picked":["aspiration:SilentSkillbook","Snecko Eye"],"picked":"energizedSpire:StickyHand"},{"not_picked":["hubris:TerracottaHorce","Pandora\u0027s Box"],"picked":"Busted Crown"}],"items_purged_floors":[25],"is_endless":false,"potions_floor_spawned":[8,9,11,12,16,19,21,23,36,37,43,45,48],"ascension_level":0}}