{"host":"15dd7v8o90xso62x","time":1611180920,"event":{"mods":["BaseMod","Minty Spire (QoL Compilation)","Quick Restart","StSLib","SuperFastMode"],"gold_per_floor":[112,126,126,126,126,126,153,70,97,97,97,137,137,158,158,253,253,274,274,295,295,308,308,342,342,422,455,455,217,241,265,265,265,265],"floor_reached":33,"language":"KOR","playtime":999,"items_purged":["Strike_G"],"score":732,"play_id":"ee0081f2-5f34-4893-9331-8282840cc0c6","local_time":"20210121071520","is_ascension_mode":true,"campfire_choices":[{"data":"Skewer","floor":6.0,"key":"SMITH"},{"data":"Crippling Poison","floor":11.0,"key":"SMITH"},{"data":"Noxious Fumes","floor":13.0,"key":"SMITH"},{"data":"Leg Sweep","floor":15.0,"key":"SMITH"},{"data":"Deadly Poison","floor":23.0,"key":"SMITH"},{"data":"Malaise","floor":25.0,"key":"SMITH"},{"floor":32,"key":"REST"}],"circlet_count":0,"master_deck":["AscendersBane","Strike_G","Strike_G","Defend_G","Defend_G","Defend_G","Defend_G+1","Survivor+1","Neutralize","Leg Sweep+1","Skewer+1","Crippling Poison+1","Well Laid Plans","Noxious Fumes+1","Malaise+1","Deadly Poison+1","Ghostly","Ghostly","Ghostly","Blur","Escape Plan","Backflip","Phantasmal Killer","Venomology"],"relics":["Ring of the Snake","NeowsBlessing","Juzu Bracelet","Bronze Scales","Golden Idol","Gremlin Horn","SlaversCollar","FaceOfCleric","Bag of Preparation","Blue Candle","Ancient Tea Set","Anchor"],"acts_visited":["Exordium","TheCity"],"potions_floor_usage":[27,33,33],"damage_taken":[{"damage":0.0,"enemies":"Jaw Worm","floor":1.0,"turns":1.0},{"damage":0.0,"enemies":"Small Slimes","floor":2.0,"turns":1.0},{"damage":0.0,"enemies":"Gremlin Nob","floor":7.0,"turns":1.0},{"damage":5.0,"enemies":"3 Sentries","floor":12.0,"turns":6.0},{"damage":0.0,"enemies":"2 Louse","floor":14.0,"turns":2.0},{"damage":0.0,"enemies":"Hexaghost","floor":16.0,"turns":8.0},{"damage":12.0,"enemies":"Shell Parasite","floor":18.0,"turns":6.0},{"damage":2.0,"enemies":"Spheric Guardian","floor":20.0,"turns":5.0},{"damage":3.0,"enemies":"Snake Plant","floor":22.0,"turns":5.0},{"damage":6.0,"enemies":"Gremlin Leader","floor":24.0,"turns":7.0},{"damage":1,"enemies":"Book of Stabbing","floor":27,"turns":6},{"damage":22,"enemies":"Cultist and Chosen","floor":30,"turns":6},{"damage":1,"enemies":"Snecko","floor":31,"turns":5},{"damage":18,"enemies":"Collector","floor":33,"turns":6}],"seed_played":"5136967245870254783","potions_obtained":[{"floor":1.0,"key":"Energy Potion"},{"floor":7.0,"key":"DuplicationPotion"},{"floor":12.0,"key":"FearPotion"},{"floor":16.0,"key":"Energy Potion"},{"floor":18.0,"key":"Ancient Potion"},{"floor":30,"key":"Fire Potion"}],"is_trial":false,"path_per_floor":["M","M","?","?","?","R","E","$","T","?","R","E","R","M","R","B",null,"M","?","M","?","M","R","E","R","T","E","?","$","M","M","R","B"],"character_chosen":"THE_SILENT","items_purchased":["Well Laid Plans","Anchor"],"campfire_rested":1,"item_purchase_floors":[8,29],"current_hp_per_floor":[59,59,64,57,36,36,36,36,36,12,12,7,7,7,7,7,55,43,35,33,33,31,31,26,26,26,26,26,26,5,5,17,0,0],"gold":265,"neow_bonus":"THREE_ENEMY_KILL","is_daily":false,"chose_seed":false,"campfire_upgraded":6,"win_rate":0.0,"timestamp":1611180920,"path_taken":["M","M","?","?","?","R","E","$","T","?","R","E","R","M","R","BOSS","M","?","M","?","M","R","E","R","T","E","?","$","M","M","R","BOSS"],"items_purchased_type":["Card","Relic"],"build_version":"2020-12-22","purchased_purges":1,"victory":false,"max_hp_per_floor":[66,66,71,71,71,71,71,71,71,71,71,71,71,71,71,71,71,71,35,35,35,36,36,37,37,37,38,38,38,39,40,40,40,40],"card_choices":[{"not_picked":["Flechettes","Choke"],"picked":"Leg Sweep","floor":1.0},{"not_picked":["Outmaneuver","Bouncing Flask"],"picked":"Skewer","floor":2.0},{"not_picked":["Flying Knee","Quick Slash"],"picked":"Crippling Poison","floor":7.0},{"not_picked":["Backflip","Slice"],"picked":"Noxious Fumes","floor":12.0},{"not_picked":["Outmaneuver","Dodge and Roll","Underhanded Strike"],"picked":"SKIP","floor":14.0},{"not_picked":["Envenom","Glass Knife"],"picked":"Malaise","floor":16.0},{"not_picked":["Prepared","Blade Dance"],"picked":"Deadly Poison","floor":18.0},{"not_picked":["Backflip","Outmaneuver"],"picked":"Blur","floor":20.0},{"not_picked":["Quick Slash+1","Bane","Terror"],"picked":"SKIP","floor":22.0},{"not_picked":["Endless Agony","Envenom","Flying Knee"],"picked":"SKIP","floor":24.0},{"not_picked":["Endless Agony","Envenom","Flying Knee"],"picked":"SKIP","floor":24.0},{"not_picked":["Slice","All Out Attack"],"picked":"Escape Plan","floor":27},{"not_picked":["Cloak And Dagger","Eviscerate","Dodge and Roll"],"picked":"SKIP","floor":30},{"not_picked":["Underhanded Strike+1","Eviscerate"],"picked":"Venomology","floor":31}],"player_experience":1052415,"relics_obtained":[{"floor":7.0,"key":"Juzu Bracelet"},{"floor":9.0,"key":"Bronze Scales"},{"floor":12.0,"key":"Gremlin Horn"},{"floor":24.0,"key":"Bag of Preparation"},{"floor":26.0,"key":"Blue Candle"},{"floor":27,"key":"Ancient Tea Set"}],"event_choices":[{"damage_healed":0.0,"max_hp_gain":5.0,"max_hp_loss":0.0,"gold_gain":0.0,"event_name":"Big Fish","player_choice":"Donut","floor":3.0,"gold_loss":0.0,"damage_taken":0.0},{"cards_removed":["Defend_G"],"damage_healed":0.0,"max_hp_gain":0.0,"max_hp_loss":0.0,"gold_gain":0.0,"event_name":"Golden Wing","player_choice":"Card Removal","floor":4.0,"gold_loss":0.0,"damage_taken":7.0},{"damage_healed":0.0,"max_hp_gain":0.0,"max_hp_loss":0.0,"gold_gain":0.0,"event_name":"Shining Light","player_choice":"Entered Light","floor":5.0,"gold_loss":0.0,"damage_taken":21.0,"cards_upgraded":["Survivor","Defend_G"]},{"damage_healed":0.0,"max_hp_gain":0.0,"max_hp_loss":0.0,"gold_gain":0.0,"event_name":"Golden Idol","player_choice":"Take Damage","floor":10.0,"gold_loss":0.0,"damage_taken":24.0,"relics_obtained":["Golden Idol"]},{"damage_healed":0.0,"max_hp_gain":0.0,"max_hp_loss":36.0,"gold_gain":0.0,"event_name":"Ghosts","player_choice":"Became a Ghost","floor":19.0,"gold_loss":0.0,"damage_taken":0.0,"cards_obtained":["Ghostly","Ghostly","Ghostly"]},{"damage_healed":0.0,"max_hp_gain":0.0,"max_hp_loss":0.0,"gold_gain":0.0,"event_name":"FaceTrader","player_choice":"Trade","floor":21.0,"gold_loss":0.0,"damage_taken":0.0,"relics_obtained":["FaceOfCleric"]},{"damage_healed":0,"gold_gain":0,"cards_transformed":["Strike_G","Strike_G"],"player_choice":"Became Test Subject","damage_taken":0,"max_hp_gain":0,"max_hp_loss":0,"event_name":"Drug Dealer","floor":28,"gold_loss":0,"cards_obtained":["Backflip","Phantasmal Killer"]}],"is_beta":false,"boss_relics":[{"not_picked":["Velvet Choker","Tiny House"],"picked":"SlaversCollar"}],"items_purged_floors":[29],"is_endless":false,"potions_floor_spawned":[1,7,12,16,18,20,30],"killed_by":"Collector","ascension_level":20}}