{"host":"l8k579n63ej0vska","time":1611149486,"event":{"mods":["BaseMod","Colored Map","Infinite Spire","Minty Spire (QoL Compilation)","Replay The Spire","StSLib","The Bug Knight"],"gold_per_floor":[115,131,131,141,161,161,161,161,161,86,105,105,105,120,120,120,120],"floor_reached":16,"language":"ENG","playtime":581,"items_purged":["Strike_R"],"score":138,"play_id":"90f4418f-aca3-40ba-b4e8-ff7fd89fe08d","local_time":"20210120143126","is_ascension_mode":true,"campfire_choices":[{"data":"Body Slam","floor":6,"key":"SMITH"},{"data":"Body Slam","floor":8,"key":"SMITH"},{"data":"Iron Wave","floor":13,"key":"SMITH"},{"data":"Entrench","floor":15,"key":"SMITH"}],"circlet_count":0,"master_deck":["AscendersBane","Strike_R","Strike_R","Strike_R","Strike_R","Defend_R","Defend_R","Defend_R","Defend_R","Bash","Metallicize","Body Slam+1","Body Slam+1","Iron Wave+1","Entrench+1"],"relics":["Runic Cube","infinitespire:Cubic Diamond","Tiny Chest"],"acts_visited":["Exordium"],"potions_floor_usage":[11],"damage_taken":[{"damage":7,"enemies":"Small Slimes","floor":1,"turns":4},{"damage":11,"enemies":"Jaw Worm","floor":2,"turns":8},{"damage":9,"enemies":"2 Louse","floor":4,"turns":4},{"damage":29,"enemies":"Large Slime","floor":5,"turns":9},{"damage":5,"enemies":"Red Slaver","floor":11,"turns":4},{"damage":11,"enemies":"Blue Slaver","floor":14,"turns":5},{"damage":45,"enemies":"Hexaghost","floor":16,"turns":9}],"seed_played":"-8078254245780188141","potions_obtained":[{"floor":11,"key":"BloodPotion"}],"is_trial":false,"path_per_floor":["M","M","?","M","M","R","?","R","T","$","M","?","R","M","R","B"],"character_chosen":"IRONCLAD","items_purchased":[],"campfire_rested":0,"item_purchase_floors":[],"current_hp_per_floor":[65,54,54,45,16,16,42,42,42,42,53,53,53,42,42,0,0],"gold":120,"neow_bonus":"BOSS_RELIC","is_daily":false,"chose_seed":false,"campfire_upgraded":4,"win_rate":0.0,"timestamp":1611149486,"path_taken":["M","M","?","M","M","R","?","R","T","?","M","?","R","M","R","BOSS"],"items_purchased_type":[],"build_version":"2020-12-22","purchased_purges":1,"victory":false,"max_hp_per_floor":[80,80,80,80,80,80,80,80,80,80,80,80,80,80,80,80,80],"card_choices":[{"not_picked":["Body Slam","ReplayTheSpireMod:Muscle Training"],"picked":"Metallicize","floor":1},{"not_picked":["Thunderclap","Replay:Undeath\u0027s Touch"],"picked":"Body Slam","floor":2},{"not_picked":["Headbutt","Sever Soul"],"picked":"Body Slam","floor":4},{"not_picked":["Headbutt","Second Wind"],"picked":"Iron Wave","floor":5},{"not_picked":["Cleave","Wild Strike","Dropkick"],"picked":"SKIP","floor":11},{"not_picked":["Run Through","Pommel Strike"],"picked":"Entrench","floor":14}],"player_experience":1643025,"relics_obtained":[{"floor":9,"key":"Tiny Chest"}],"event_choices":[{"damage_healed":26,"gold_gain":0,"player_choice":"Banana","damage_taken":0,"max_hp_gain":0,"max_hp_loss":0,"event_name":"Big Fish","floor":7,"gold_loss":0},{"damage_healed":0,"gold_gain":0,"player_choice":"Ignored","damage_taken":0,"max_hp_gain":0,"max_hp_loss":0,"event_name":"Liars Game","floor":12,"gold_loss":0}],"is_beta":false,"boss_relics":[],"items_purged_floors":[10],"is_endless":false,"potions_floor_spawned":[11],"killed_by":"Hexaghost","ascension_level":10}}