{"host":"qgrlfjrqk9z96gfi","time":1611114259,"event":{"mods":["BaseMod","Block Reminder","Colored Map","Custom Start","DeckTracker","Minty Spire (QoL Compilation)"],"gold_per_floor":[114,2,2,21,31,64,82,82,82],"floor_reached":8,"language":"ENG","playtime":290,"items_purged":["Strike_G"],"score":116,"play_id":"b47fc557-9fd3-406b-aa2d-b20808a57e18","local_time":"20210119174419","is_ascension_mode":true,"campfire_choices":[],"circlet_count":0,"master_deck":["AscendersBane","Strike_G","Strike_G","Strike_G","Strike_G","Defend_G","Defend_G","Defend_G","Defend_G","Defend_G","Survivor","Neutralize","All Out Attack","Dash","Neutralize","Endless Agony","Terror","Leg Sweep"],"relics":["Runic Pyramid","Singing Bowl"],"acts_visited":["Exordium"],"potions_floor_usage":[],"damage_taken":[{"damage":0.0,"enemies":"Cultist","floor":1.0,"turns":4.0},{"damage":4.0,"enemies":"2 Louse","floor":4.0,"turns":2.0},{"damage":0.0,"enemies":"Small Slimes","floor":5.0,"turns":4.0},{"damage":10.0,"enemies":"Lagavulin","floor":6.0,"turns":6.0},{"damage":18.0,"enemies":"Gremlin Gang","floor":7.0,"turns":6.0},{"damage":33,"enemies":"Gremlin Nob","floor":8,"turns":4}],"seed_played":"-1810290175401576248","potions_obtained":[{"floor":1.0,"key":"FearPotion"}],"is_trial":false,"path_per_floor":["M","$","?","M","M","E","M","E"],"character_chosen":"THE_SILENT","items_purchased":["Dash"],"campfire_rested":0,"item_purchase_floors":[2],"current_hp_per_floor":[59,59,59,55,55,45,29,0,0],"gold":82,"neow_bonus":"BOSS_RELIC","is_daily":false,"chose_seed":false,"campfire_upgraded":0,"win_rate":0.0,"timestamp":1611114259,"path_taken":["M","$","?","M","M","E","M","E"],"items_purchased_type":["Card"],"build_version":"2020-12-22","purchased_purges":1,"victory":false,"max_hp_per_floor":[66,66,66,66,66,66,68,68,68],"card_choices":[{"not_picked":["Dagger Throw","Bane"],"picked":"All Out Attack","floor":1.0},{"not_picked":["Outmaneuver","Caltrops"],"picked":"Endless Agony","floor":4.0},{"not_picked":["Concentrate","Backstab"],"picked":"Terror","floor":5.0},{"not_picked":["Sucker Punch","PiercingWail"],"picked":"Leg Sweep","floor":6.0},{"not_picked":["Dash","Riddle With Holes","Masterful Stab"],"picked":"Singing Bowl","floor":7.0}],"player_experience":1033513,"relics_obtained":[{"floor":6.0,"key":"Singing Bowl"}],"event_choices":[{"damage_healed":0.0,"max_hp_gain":0.0,"max_hp_loss":0.0,"gold_gain":0.0,"event_name":"Match and Keep!","player_choice":"1 cards matched","floor":3.0,"gold_loss":0.0,"damage_taken":0.0,"cards_obtained":["Neutralize"]}],"is_beta":false,"boss_relics":[],"items_purged_floors":[2],"is_endless":false,"potions_floor_spawned":[1],"killed_by":"Gremlin Nob","ascension_level":20}}