{"host":"8f5cu9y0fpol72qs","time":1611123218,"event":{"mods":["AlwaysNeverKeys","BaseMod","Colored Map","Colored Powertips","Curses Come First","Highlight Path","Key Reminder","Minty Spire (QoL Compilation)","StSLib"],"gold_per_floor":[109,126,146,164,177,177,209,209,233,233,233,233,245,272,272,347,347,347,272,272,272,272,272,272,272,272,272,272,272,272,272,272,272,272,272,272,172,172,172,172,172,172,172,172,172,172,172,172,172,172,172],"floor_reached":50,"language":"ENG","playtime":6506,"items_purged":["Strike_R","Juggernaut"],"score":981,"play_id":"3ea06fd9-382f-427a-8c66-be993d94e04a","local_time":"20210119221338","is_ascension_mode":true,"campfire_choices":[{"data":"Carnage","floor":6.0,"key":"SMITH"},{"data":"Brutality","floor":8.0,"key":"SMITH"},{"floor":11.0,"key":"REST"},{"floor":15.0,"key":"REST"},{"data":"Disarm","floor":23.0,"key":"SMITH"},{"data":"Inflame","floor":28.0,"key":"SMITH"},{"data":"Havoc","floor":32.0,"key":"SMITH"},{"floor":41.0,"key":"REST"},{"data":"Clothesline","floor":44.0,"key":"SMITH"},{"floor":49,"key":"REST"}],"circlet_count":0,"master_deck":["AscendersBane","Strike_R+1","Defend_R","Defend_R","Defend_R","Bash+1","Carnage+1","Disarm+1","Havoc+1","Brutality+1","Carnage","Reaper","Whirlwind+1","Power Through","Shrug It Off","Shrug It Off","Inflame+1","Warcry","Clothesline+1","Exhume","Madness","Madness","Evolve","Bludgeon","Shrug It Off"],"relics":["Burning Blood","Matryoshka","Happy Flower","Vajra","Pen Nib","Ectoplasm","Centennial Puzzle","Pear","Strawberry","Mercury Hourglass","Velvet Choker","Bag of Marbles","keyreminder:keyreminder","Bronze Scales"],"acts_visited":["Exordium","TheCity","TheBeyond"],"potions_floor_usage":[50],"damage_taken":[{"damage":7.0,"enemies":"2 Louse","floor":1.0,"turns":4.0},{"damage":10.0,"enemies":"Small Slimes","floor":2.0,"turns":4.0},{"damage":3.0,"enemies":"Cultist","floor":3.0,"turns":4.0},{"damage":6.0,"enemies":"Looter","floor":4.0,"turns":2.0},{"damage":5.0,"enemies":"2 Fungi Beasts","floor":5.0,"turns":4.0},{"damage":24.0,"enemies":"Lagavulin","floor":7.0,"turns":5.0},{"damage":14.0,"enemies":"Exordium Wildlife","floor":13.0,"turns":3.0},{"damage":28.0,"enemies":"Gremlin Nob","floor":14.0,"turns":4.0},{"damage":30.0,"enemies":"The Guardian","floor":16.0,"turns":10.0},{"damage":8.0,"enemies":"Spheric Guardian","floor":18.0,"turns":3.0},{"damage":5.0,"enemies":"3 Byrds","floor":21.0,"turns":5.0},{"damage":11.0,"enemies":"Centurion and Healer","floor":24.0,"turns":3.0},{"damage":16.0,"enemies":"Chosen and Byrds","floor":25.0,"turns":4.0},{"damage":24.0,"enemies":"Book of Stabbing","floor":27.0,"turns":5.0},{"damage":12.0,"enemies":"Gremlin Leader","floor":29.0,"turns":5.0},{"damage":10.0,"enemies":"Snake Plant","floor":30.0,"turns":2.0},{"damage":9.0,"enemies":"Cultist and Chosen","floor":31.0,"turns":4.0},{"damage":96.0,"enemies":"Collector","floor":33.0,"turns":8.0},{"damage":10.0,"enemies":"Orb Walker","floor":35.0,"turns":3.0},{"damage":10.0,"enemies":"3 Darklings","floor":38.0,"turns":4.0},{"damage":82.0,"enemies":"Giant Head","floor":40.0,"turns":9.0},{"damage":14.0,"enemies":"Writhing Mass","floor":45.0,"turns":3.0},{"damage":23.0,"enemies":"Nemesis","floor":46.0,"turns":6.0},{"damage":20,"enemies":"4 Shapes","floor":48,"turns":4},{"damage":69,"enemies":"Awakened One","floor":50,"turns":10}],"seed_played":"-5909877388247642221","potions_obtained":[{"floor":1.0,"key":"Weak Potion"},{"floor":3.0,"key":"Block Potion"},{"floor":16.0,"key":"Dexterity Potion"},{"floor":21.0,"key":"SkillPotion"},{"floor":24.0,"key":"DistilledChaos"},{"floor":25.0,"key":"Regen Potion"},{"floor":33.0,"key":"Strength Potion"},{"floor":38.0,"key":"SneckoOil"},{"floor":40.0,"key":"Strength Potion"}],"is_trial":false,"path_per_floor":["M","M","M","M","M","R","E","R","T","?","R","?","M","E","R","B",null,"M","$","?","M","?","R","M","M","T","E","R","E","M","M","R","B",null,"M","?","$","M","?","E","R","?","T","R","M","E","?","M","R","B"],"character_chosen":"IRONCLAD","items_purchased":[],"campfire_rested":4,"item_purchase_floors":[],"current_hp_per_floor":[67,63,66,66,67,67,49,49,49,34,56,56,48,26,48,24,62,60,60,60,67,67,67,70,60,70,80,80,87,92,92,92,29,76,80,68,68,92,82,21,48,48,48,48,40,24,24,18,45,0,0],"gold":172,"neow_bonus":"UPGRADE_CARD","is_daily":false,"chose_seed":false,"campfire_upgraded":6,"win_rate":0.0,"timestamp":1611123218,"path_taken":["M","M","M","M","M","R","E","R","T","?","R","?","M","E","R","BOSS","M","$","?","M","?","R","M","?","T","E","R","E","M","M","R","BOSS","M","?","$","M","?","E","R","?","T","R","?","E","?","M","R","BOSS"],"items_purchased_type":[],"build_version":"2020-12-22","purchased_purges":2,"victory":false,"max_hp_per_floor":[75,75,75,75,75,75,75,75,75,75,75,75,75,75,75,75,75,75,75,75,75,75,75,75,75,85,92,92,92,92,92,92,92,92,92,92,92,92,92,92,92,92,92,92,92,92,92,92,92,92,92],"card_choices":[{"not_picked":["Heavy Blade","Dual Wield"],"picked":"Carnage","floor":1.0},{"not_picked":["Cleave","Shockwave"],"picked":"Disarm","floor":2.0},{"not_picked":["Havoc","Seeing Red","Iron Wave"],"picked":"SKIP","floor":3.0},{"not_picked":["Iron Wave","Wild Strike"],"picked":"Havoc","floor":4.0},{"not_picked":["Wild Strike","Sword Boomerang","Dropkick"],"picked":"SKIP","floor":5.0},{"not_picked":["Armaments","Wild Strike"],"picked":"Brutality","floor":7.0},{"not_picked":["Flex","Infernal Blade"],"picked":"Carnage","floor":13.0},{"not_picked":["Body Slam","Perfected Strike","Heavy Blade"],"picked":"SKIP","floor":14.0},{"not_picked":["Bludgeon","Corruption"],"picked":"Reaper","floor":16.0},{"not_picked":["Body Slam+1","Havoc"],"picked":"Whirlwind","floor":18.0},{"not_picked":["Wild Strike+1","Pummel+1"],"picked":"Shrug It Off","floor":21.0},{"not_picked":["Anger+1","Body Slam","Bloodletting"],"picked":"SKIP","floor":24.0},{"not_picked":["Armaments","Clash"],"picked":"Shrug It Off","floor":25.0},{"not_picked":["Feel No Pain","Pummel"],"picked":"Inflame","floor":27.0},{"not_picked":["Feel No Pain","Rage","Body Slam"],"picked":"SKIP","floor":29.0},{"not_picked":["Sever Soul","Searing Blow"],"picked":"Warcry","floor":30.0},{"not_picked":["Iron Wave","Flex"],"picked":"Clothesline","floor":31.0},{"not_picked":["Barricade","Berserk"],"picked":"Exhume","floor":33.0},{"not_picked":["Clash","Clothesline","Dropkick"],"picked":"SKIP","floor":35.0},{"not_picked":["Fire Breathing","Bloodletting"],"picked":"Evolve","floor":38.0},{"not_picked":["Havoc+1","Dark Embrace","Warcry"],"picked":"SKIP","floor":40.0},{"not_picked":["Cleave","Havoc","Wild Strike+1"],"picked":"SKIP","floor":45.0},{"not_picked":["Sever Soul+1","Sword Boomerang"],"picked":"Bludgeon","floor":46.0},{"not_picked":["Pommel Strike","Carnage+1"],"picked":"Shrug It Off","floor":48}],"player_experience":840580,"relics_obtained":[{"floor":7.0,"key":"Matryoshka"},{"floor":9.0,"key":"Happy Flower"},{"floor":9.0,"key":"Vajra"},{"floor":14.0,"key":"Pen Nib"},{"floor":26.0,"key":"Centennial Puzzle"},{"floor":26.0,"key":"Pear"},{"floor":27.0,"key":"Strawberry"},{"floor":29.0,"key":"Mercury Hourglass"},{"floor":40.0,"key":"Bag of Marbles"},{"floor":46.0,"key":"Bronze Scales"}],"event_choices":[{"damage_healed":0.0,"max_hp_gain":0.0,"max_hp_loss":0.0,"gold_gain":0.0,"event_name":"Shining Light","player_choice":"Entered Light","floor":10.0,"gold_loss":0.0,"damage_taken":15.0,"cards_upgraded":["Strike_R","Strike_R"]},{"cards_removed":["Strike_R"],"damage_healed":0.0,"max_hp_gain":0.0,"max_hp_loss":0.0,"gold_gain":0.0,"event_name":"Living Wall","player_choice":"Forget","floor":12.0,"gold_loss":0.0,"damage_taken":0.0},{"damage_healed":0.0,"max_hp_gain":0.0,"max_hp_loss":0.0,"gold_gain":0.0,"cards_transformed":["Strike_R","Defend_R"],"event_name":"Drug Dealer","player_choice":"Became Test Subject","floor":20.0,"gold_loss":0.0,"damage_taken":0.0,"cards_obtained":["Power Through","Juggernaut"]},{"damage_healed":0.0,"max_hp_gain":0.0,"max_hp_loss":0.0,"gold_gain":0.0,"event_name":"Accursed Blacksmith","player_choice":"Forge","floor":22.0,"gold_loss":0.0,"damage_taken":0.0,"cards_upgraded":["Whirlwind"]},{"damage_healed":0.0,"max_hp_gain":0.0,"max_hp_loss":0.0,"gold_gain":0.0,"event_name":"Winding Halls","player_choice":"Embrace Madness","floor":36.0,"gold_loss":0.0,"damage_taken":12.0,"cards_obtained":["Madness","Madness"]},{"damage_healed":0.0,"max_hp_gain":0.0,"max_hp_loss":0.0,"gold_gain":0.0,"event_name":"SensoryStone","player_choice":"Memory 3","floor":39.0,"gold_loss":0.0,"damage_taken":10.0},{"damage_healed":0.0,"max_hp_gain":0.0,"max_hp_loss":0.0,"gold_gain":0.0,"event_name":"Tomb of Lord Red Mask","player_choice":"Ignored","floor":42.0,"gold_loss":0.0,"damage_taken":0.0},{"cards_removed":["Strike_R"],"damage_healed":0.0,"max_hp_gain":0.0,"max_hp_loss":0.0,"gold_gain":0.0,"event_name":"Falling","player_choice":"Removed Attack","floor":47.0,"gold_loss":0.0,"damage_taken":0.0}],"is_beta":false,"boss_relics":[{"not_picked":["Tiny House","Philosopher\u0027s Stone"],"picked":"Ectoplasm"},{"not_picked":["Sozu","Mark of Pain"],"picked":"Velvet Choker"}],"items_purged_floors":[19,37],"is_endless":false,"potions_floor_spawned":[1,3,4,16,21,24,25,33,38,40],"killed_by":"Awakened One","ascension_level":14}}