{"host":"07e1k1rk6c4zn0bu","time":1611171634,"event":{"mods":["AchievementEnabler","BaseMod","Bestiary","Colored Map","Colored Powertips","DeckTracker","Minty Spire (QoL Compilation)","StSLib","slay the spire mod where everything is the same but ironclad has a cowboy hat"],"gold_per_floor":[110,285,302,377,70,95,95,111,411,371,402,412,426,426,426,525,525,542,2,2,20,35,35,63,63,63,93,112,128,128,128,128,233,233,244,260,260,5,16,16,30,30,83,97,126,126,226,241,241,241],"floor_reached":51,"language":"ENG","playtime":3161,"items_purged":["Doubt"],"score":802,"play_id":"51e69dd5-4c6e-4197-8e16-7c4547a35c72","local_time":"20210120144034","is_ascension_mode":false,"campfire_choices":[{"floor":7,"key":"REST"},{"floor":15,"key":"REST"},{"floor":23,"key":"REST"},{"floor":25,"key":"REST"},{"floor":30,"key":"REST"},{"floor":32,"key":"REST"},{"data":"Heavy Blade","floor":40,"key":"SMITH"},{"floor":42,"key":"REST"},{"data":"Berserk","floor":46,"key":"SMITH"},{"floor":49,"key":"REST"}],"circlet_count":0,"master_deck":["Strike_R","Strike_R","Strike_R","Strike_R","Defend_R","Defend_R","Defend_R","Defend_R","Bash","Iron Wave","Thunderclap","Power Through+1","Twin Strike","Shockwave+1","Demon Form+1","Armaments+1","Feed","Headbutt","Limit Break+1","Pommel Strike+1","Anger","Feed","Second Wind+1","Heavy Blade+1","Rampage","Necronomicurse","Berserk+1","Pommel Strike+1","Perfected Strike+1","Pommel Strike","Feed+1","Bloodletting+1","Heavy Blade+1","Whirlwind+1"],"relics":["Burning Blood","Vajra","Toxic Egg 2","CaptainsWheel","Old Coin","InkBottle","SlaversCollar","MealTicket","Lee\u0027s Waffle","Pantograph","White Beast Statue","Meat on the Bone","Necronomicon","Mark of Pain","Molten Egg 2","PreservedInsect","Red Skull"],"acts_visited":["Exordium","TheCity","TheBeyond"],"potions_floor_usage":[10,13,16,16,27,33,33,33,45,50,50],"damage_taken":[{"damage":13,"enemies":"Jaw Worm","floor":1,"turns":3},{"damage":6,"enemies":"2 Louse","floor":3,"turns":3},{"damage":31,"enemies":"Gremlin Nob","floor":6,"turns":5},{"damage":0,"enemies":"Cultist","floor":8,"turns":2},{"damage":40,"enemies":"3 Sentries","floor":11,"turns":7},{"damage":20,"enemies":"Looter","floor":12,"turns":3},{"damage":11,"enemies":"Exordium Wildlife","floor":13,"turns":3},{"damage":7,"enemies":"Hexaghost","floor":16,"turns":5},{"damage":39,"enemies":"Spheric Guardian","floor":18,"turns":6},{"damage":17,"enemies":"Chosen","floor":21,"turns":7},{"damage":52,"enemies":"Snake Plant","floor":22,"turns":5},{"damage":61,"enemies":"Gremlin Leader","floor":24,"turns":8},{"damage":20,"enemies":"Slavers","floor":27,"turns":5},{"damage":0,"enemies":"Snecko","floor":28,"turns":4},{"damage":46,"enemies":"Cultist and Chosen","floor":29,"turns":9},{"damage":89,"enemies":"Collector","floor":33,"turns":8},{"damage":6,"enemies":"Orb Walker","floor":35,"turns":2},{"damage":60,"enemies":"3 Darklings","floor":36,"turns":5},{"damage":1,"enemies":"Transient","floor":39,"turns":5},{"damage":36,"enemies":"Jaw Worm Horde","floor":41,"turns":5},{"damage":19,"enemies":"Maw","floor":44,"turns":5},{"damage":31,"enemies":"Giant Head","floor":45,"turns":6},{"damage":22,"enemies":"4 Shapes","floor":48,"turns":3},{"damage":78,"enemies":"Time Eater","floor":50,"turns":6}],"seed_played":"-6931882307520992765","potions_obtained":[{"floor":10,"key":"SmokeBomb"},{"floor":10,"key":"Fruit Juice"},{"floor":10,"key":"AttackPotion"},{"floor":11,"key":"DistilledChaos"},{"floor":12,"key":"ColorlessPotion"},{"floor":13,"key":"FearPotion"},{"floor":22,"key":"BloodPotion"},{"floor":27,"key":"Fire Potion"},{"floor":28,"key":"ElixirPotion"},{"floor":29,"key":"LiquidBronze"},{"floor":33,"key":"Fire Potion"},{"floor":35,"key":"FearPotion"},{"floor":36,"key":"Swift Potion"},{"floor":41,"key":"BloodPotion"},{"floor":45,"key":"Strength Potion"}],"is_trial":false,"path_per_floor":["M","?","M","?","$","E","R","M","T","?","E","M","M","?","R","B",null,"M","$","?","M","M","R","E","R","T","E","M","M","R","?","R","B",null,"M","M","?","$","M","R","M","R","T","M","E","R","?","M","R","B",null],"character_chosen":"IRONCLAD","items_purchased":["Toxic Egg 2","Power Through+1","MealTicket","Lee\u0027s Waffle","HeartOfIron","Limit Break+1","Molten Egg 2"],"campfire_rested":8,"item_purchase_floors":[5,5,19,19,19,19,38],"current_hp_per_floor":[73,73,73,62,62,37,61,67,67,72,38,24,19,19,44,43,85,52,92,92,84,38,66,11,39,39,28,49,27,59,43,75,50,107,107,65,65,80,85,85,70,103,103,94,73,73,73,69,104,69],"gold":241,"neow_bonus":"RANDOM_COMMON_RELIC","is_daily":false,"chose_seed":false,"campfire_upgraded":2,"win_rate":0.0,"timestamp":1611171634,"path_taken":["M","?","M","?","$","E","R","M","T","?","E","M","?","?","R","BOSS","M","$","?","M","M","R","E","R","T","E","M","?","R","?","R","BOSS","M","M","?","$","M","R","M","R","T","?","E","R","?","?","R","BOSS"],"items_purchased_type":["Relic","Card","Relic","Relic","Potion","Card","Relic"],"build_version":"2020-12-22","purchased_purges":1,"victory":true,"max_hp_per_floor":[80,80,80,80,80,80,80,80,80,85,85,85,85,85,85,85,85,85,92,92,95,95,95,95,95,95,98,101,107,107,107,107,107,107,107,107,107,107,107,107,110,110,110,114,118,118,118,118,118,118],"card_choices":[{"not_picked":["Clothesline","Sword Boomerang"],"picked":"Iron Wave","floor":1},{"not_picked":["Dual Wield","Clash"],"picked":"Thunderclap","floor":3},{"not_picked":["Thunderclap","Clash"],"picked":"Twin Strike","floor":6},{"not_picked":["Clothesline","Twin Strike"],"picked":"Shockwave+1","floor":8},{"not_picked":["Heavy Blade","Barricade"],"picked":"Demon Form","floor":11},{"not_picked":["Fire Breathing","Perfected Strike"],"picked":"Armaments+1","floor":12},{"not_picked":["Twin Strike","Iron Wave"],"picked":"Flex+1","floor":13},{"not_picked":["Fiend Fire","Corruption"],"picked":"Feed","floor":16},{"not_picked":["Armaments+1","Reckless Charge"],"picked":"Headbutt","floor":18},{"not_picked":["Rupture","Iron Wave"],"picked":"Pommel Strike+1","floor":21},{"not_picked":["Sever Soul","Headbutt"],"picked":"Anger","floor":22},{"not_picked":["Shrug It Off+1","Twin Strike"],"picked":"Feed","floor":24},{"not_picked":["Combust","Bludgeon"],"picked":"Second Wind+1","floor":27},{"not_picked":["Metallicize","Thunderclap"],"picked":"Heavy Blade","floor":28},{"not_picked":["True Grit+1","Armaments+1"],"picked":"Rampage","floor":29},{"not_picked":["Limit Break+1","Demon Form"],"picked":"Berserk","floor":33},{"not_picked":["Cleave+1","Armaments+1"],"picked":"Pommel Strike+1","floor":35},{"not_picked":["Headbutt","Shrug It Off+1"],"picked":"Perfected Strike+1","floor":36},{"not_picked":["Headbutt+1","Clothesline+1","Burning Pact+1"],"picked":"SKIP","floor":39},{"not_picked":["Pommel Strike+1","Perfected Strike+1"],"picked":"Feed+1","floor":41},{"not_picked":["Body Slam+1","Ghostly Armor+1"],"picked":"Bloodletting+1","floor":44},{"not_picked":["Rage+1","Combust+1"],"picked":"Heavy Blade+1","floor":45},{"not_picked":["Searing Blow+1","Iron Wave+1"],"picked":"Whirlwind+1","floor":48}],"player_experience":65219,"relics_obtained":[{"floor":6,"key":"CaptainsWheel"},{"floor":9,"key":"Old Coin"},{"floor":11,"key":"InkBottle"},{"floor":24,"key":"Pantograph"},{"floor":26,"key":"White Beast Statue"},{"floor":27,"key":"Meat on the Bone"},{"floor":31,"key":"Necronomicon"},{"floor":43,"key":"PreservedInsect"},{"floor":45,"key":"Red Skull"}],"event_choices":[{"damage_healed":0,"gold_gain":175,"player_choice":"AGREE","damage_taken":0,"max_hp_gain":0,"max_hp_loss":0,"event_name":"Liars Game","floor":2,"gold_loss":0,"cards_obtained":["Doubt"]},{"damage_healed":0,"gold_gain":75,"player_choice":"Gather Gold","damage_taken":11,"max_hp_gain":0,"max_hp_loss":0,"event_name":"World of Goop","floor":4,"gold_loss":0},{"damage_healed":0,"gold_gain":0,"player_choice":"Bought 3 Potions","damage_taken":0,"max_hp_gain":0,"max_hp_loss":0,"event_name":"The Woman in Blue","floor":10,"gold_loss":0},{"damage_healed":0,"gold_gain":0,"player_choice":"Grow","damage_taken":0,"max_hp_gain":0,"max_hp_loss":0,"event_name":"Living Wall","floor":14,"gold_loss":0,"cards_upgraded":["Demon Form"]},{"cards_removed":["Strike_R"],"damage_healed":0,"gold_gain":0,"player_choice":"Card Removal","damage_taken":0,"max_hp_gain":0,"max_hp_loss":0,"event_name":"Wheel of Change","floor":20,"gold_loss":0},{"damage_healed":0,"gold_gain":0,"player_choice":"Obtained Book","damage_taken":16,"max_hp_gain":0,"max_hp_loss":0,"event_name":"Cursed Tome","floor":31,"gold_loss":0},{"damage_healed":0,"gold_gain":0,"cards_transformed":["Flex"],"player_choice":"Transformed","damage_taken":0,"max_hp_gain":0,"max_hp_loss":0,"event_name":"Transmorgrifier","floor":37,"gold_loss":0,"cards_obtained":["Pommel Strike"]},{"damage_healed":0,"gold_gain":100,"player_choice":"Pray","damage_taken":0,"max_hp_gain":0,"max_hp_loss":0,"event_name":"Golden Shrine","floor":47,"gold_loss":0}],"is_beta":false,"boss_relics":[{"not_picked":["Velvet Choker","Tiny House"],"picked":"SlaversCollar"},{"not_picked":["Empty Cage","Black Star"],"picked":"Mark of Pain"}],"items_purged_floors":[19],"is_endless":false,"potions_floor_spawned":[11,12,13,22,27,28,29,33,35,36,39,41,44,45,48],"ascension_level":0}}