{"host":"agbyy69nq62afhwx","time":1611155359,"event":{"mods":["BaseMod","Colored Map","DeckTracker","Highlight Path","Keyboard Shortcuts","Minty Spire (QoL Compilation)","Quick Restart","StSLib","SuperFastMode","everything is the same but u backflip on backflip"],"gold_per_floor":[109,34,34,46,146,146,159,170,194,212,232,232,261,275,275,377,377,377,377,377,377,377,377,377,377,377,377,187,187,187,151,151,151,151,151,151,95,95,95,95,95,95,95,95,95,95,95,95,95,95],"floor_reached":51,"language":"KOR","playtime":2304,"items_purged":["Strike_B"],"score":1102,"play_id":"0d294480-6930-4916-91d9-af075613d145","local_time":"20210121000919","is_ascension_mode":true,"campfire_choices":[{"floor":6.0,"key":"REST"},{"floor":15.0,"key":"REST"},{"floor":23.0,"key":"REST"},{"floor":30.0,"key":"REST"},{"floor":32.0,"key":"REST"},{"floor":40.0,"key":"REST"},{"floor":42.0,"key":"REST"},{"floor":46,"key":"REST"},{"floor":49,"key":"REST"}],"circlet_count":0,"master_deck":["AscendersBane","Strike_B+1","Strike_B+1","Strike_B+1","Defend_B+1","Defend_B+1","Defend_B+1","Defend_B+1","Zap","Dualcast","Sweeping Beam","Go for the Eyes","Machine Learning","Auto Shields","Undo","Reboot","Rainbow","Coolheaded+1","Skim+1","Defragment","Doom and Gloom","Streamline","Self Repair","Conserve Battery","Loop","Core Surge","Hello World+1","Loop+1","Glacier+1","Aggregate"],"relics":["Fusion Hammer","Happy Flower","Regal Pillow","Ectoplasm","Bottled Tornado","Akabeko","Omamori","Strawberry","Cursed Key","Shuriken","Bronze Scales","Mummified Hand","Ice Cream","Singing Bowl"],"acts_visited":["TheCity","TheBeyond"],"potions_floor_usage":[],"damage_taken":[{"damage":2.0,"enemies":"Jaw Worm","floor":1.0,"turns":3.0},{"damage":1.0,"enemies":"Cultist","floor":4.0,"turns":3.0},{"damage":3.0,"enemies":"2 Louse","floor":7.0,"turns":3.0},{"damage":11.0,"enemies":"Exordium Wildlife","floor":8.0,"turns":5.0},{"damage":13.0,"enemies":"Red Slaver","floor":10.0,"turns":4.0},{"damage":11.0,"enemies":"Large Slime","floor":11.0,"turns":7.0},{"damage":46.0,"enemies":"Gremlin Nob","floor":13.0,"turns":5.0},{"damage":15.0,"enemies":"2 Fungi Beasts","floor":14.0,"turns":4.0},{"damage":14.0,"enemies":"The Guardian","floor":16.0,"turns":15.0},{"damage":12.0,"enemies":"Spheric Guardian","floor":18.0,"turns":5.0},{"damage":11.0,"enemies":"3 Byrds","floor":19.0,"turns":6.0},{"damage":0.0,"enemies":"Snake Plant","floor":21.0,"turns":6.0},{"damage":6.0,"enemies":"Centurion and Healer","floor":24.0,"turns":6.0},{"damage":52.0,"enemies":"Slavers","floor":25.0,"turns":5.0},{"damage":13.0,"enemies":"Gremlin Leader","floor":27.0,"turns":7.0},{"damage":0.0,"enemies":"Snecko","floor":29.0,"turns":4.0},{"damage":49.0,"enemies":"Collector","floor":33.0,"turns":11.0},{"damage":34.0,"enemies":"3 Darklings","floor":35.0,"turns":7.0},{"damage":9.0,"enemies":"3 Shapes","floor":36.0,"turns":6.0},{"damage":10.0,"enemies":"Maw","floor":38.0,"turns":8.0},{"damage":18.0,"enemies":"Jaw Worm Horde","floor":39.0,"turns":5.0},{"damage":65.0,"enemies":"Nemesis","floor":41.0,"turns":7.0},{"damage":21.0,"enemies":"Mind Bloom Boss Battle","floor":44.0,"turns":8.0},{"damage":3,"enemies":"Giant Head","floor":45,"turns":8},{"damage":5,"enemies":"Writhing Mass","floor":47,"turns":6},{"damage":0,"enemies":"Maw","floor":48,"turns":6},{"damage":45,"enemies":"Time Eater","floor":50,"turns":11}],"seed_played":"9190861179420474818","potions_obtained":[{"floor":1.0,"key":"EssenceOfSteel"},{"floor":7.0,"key":"FocusPotion"},{"floor":11.0,"key":"Block Potion"},{"floor":24.0,"key":"GamblersBrew"},{"floor":27.0,"key":"Strength Potion"},{"floor":35.0,"key":"SkillPotion"},{"floor":45,"key":"LiquidMemories"},{"floor":47,"key":"DuplicationPotion"},{"floor":48,"key":"EntropicBrew"}],"is_trial":false,"path_per_floor":["M","$","?","M","?","R","M","M","T","M","M","?","E","M","R","B",null,"M","M","?","M","?","R","M","E","T","E","$","M","R","$","R","B",null,"M","M","?","M","M","R","E","R","T","?","E","R","M","M","R","B",null],"character_chosen":"DEFECT","items_purchased":["Strawberry","Conserve Battery","Loop"],"campfire_rested":9,"item_purchase_floors":[28,28,31],"current_hp_per_floor":[66,66,66,65,65,75,72,61,61,48,37,62,16,1,38,24,62,50,39,39,39,39,75,69,17,17,4,11,11,50,50,82,40,72,45,43,43,40,29,68,10,49,49,35,41,81,83,84,84,46],"gold":95,"neow_bonus":"BOSS_RELIC","is_daily":false,"chose_seed":false,"campfire_upgraded":0,"win_rate":0.0,"timestamp":1611155359,"path_taken":["M","$","?","M","?","R","M","M","T","?","M","?","E","M","R","BOSS","M","M","?","M","?","R","M","E","T","E","$","M","R","?","R","BOSS","M","M","?","?","M","R","E","R","T","?","E","R","M","M","R","BOSS"],"items_purchased_type":["Relic","Card","Card"],"build_version":"2020-12-22","purchased_purges":1,"victory":true,"max_hp_per_floor":[75,75,75,75,75,75,75,75,75,75,75,75,75,75,75,75,75,75,75,75,75,75,75,75,75,75,75,82,82,82,82,82,82,82,82,82,82,82,82,82,82,82,82,82,84,84,84,84,84,84],"card_choices":[{"not_picked":["Chaos","Cold Snap"],"picked":"Sweeping Beam","floor":1.0},{"not_picked":["Blizzard","Turbo"],"picked":"Go for the Eyes","floor":4.0},{"not_picked":["Gash","Leap","Capacitor"],"picked":"SKIP","floor":7.0},{"not_picked":["Redo","Cold Snap"],"picked":"Machine Learning","floor":8.0},{"not_picked":["Steam","Compile Driver"],"picked":"Auto Shields","floor":10.0},{"not_picked":["Leap","Go for the Eyes","Steam"],"picked":"SKIP","floor":11.0},{"not_picked":["Streamline","Compile Driver"],"picked":"Undo","floor":13.0},{"not_picked":["Go for the Eyes","Cold Snap"],"picked":"Reboot","floor":14.0},{"not_picked":["Thunder Strike","Core Surge"],"picked":"Rainbow","floor":16.0},{"not_picked":["White Noise","Static Discharge"],"picked":"Coolheaded+1","floor":18.0},{"not_picked":["Steam","Turbo"],"picked":"Skim+1","floor":19.0},{"not_picked":["Coolheaded","Storm+1"],"picked":"Defragment","floor":21.0},{"not_picked":["Rebound","Stack"],"picked":"Streamline","floor":24.0},{"not_picked":["Sweeping Beam","Steam+1","Genetic Algorithm"],"picked":"SKIP","floor":25.0},{"not_picked":["Darkness","Conserve Battery"],"picked":"Self Repair","floor":27.0},{"not_picked":["Hyperbeam","Sweeping Beam","Self Repair"],"picked":"SKIP","floor":29.0},{"not_picked":["Amplify","Machine Learning"],"picked":"Core Surge","floor":33.0},{"not_picked":["Ball Lightning","Coolheaded+1"],"picked":"Hello World+1","floor":35.0},{"not_picked":["Turbo","Doom and Gloom+1","BootSequence"],"picked":"SKIP","floor":36.0},{"not_picked":["Conserve Battery+1","Steam Power+1","Sunder"],"picked":"SKIP","floor":38.0},{"not_picked":["Cold Snap+1","Coolheaded+1","Force Field"],"picked":"SKIP","floor":39.0},{"not_picked":["Rainbow","Ball Lightning+1","Undo"],"picked":"SKIP","floor":41.0},{"not_picked":["Undo+1","Go for the Eyes+1"],"picked":"Loop+1","floor":44.0},{"not_picked":["Ball Lightning","Turbo","Beam Cell+1"],"picked":"Singing Bowl","floor":45},{"not_picked":["All For One","Scrape+1"],"picked":"Glacier+1","floor":47},{"not_picked":["Compile Driver+1","Gash"],"picked":"Aggregate","floor":48}],"player_experience":416176,"relics_obtained":[{"floor":9.0,"key":"Happy Flower"},{"floor":13.0,"key":"Regal Pillow"},{"floor":25.0,"key":"Bottled Tornado"},{"floor":26.0,"key":"Akabeko"},{"floor":27.0,"key":"Omamori"},{"floor":41.0,"key":"Bronze Scales"},{"floor":43.0,"key":"Mummified Hand"},{"floor":44.0,"key":"Ice Cream"},{"floor":45,"key":"Singing Bowl"}],"event_choices":[{"damage_healed":0.0,"max_hp_gain":0.0,"max_hp_loss":0.0,"gold_gain":0.0,"event_name":"Liars Game","player_choice":"Ignored","floor":3.0,"gold_loss":0.0,"damage_taken":0.0},{"damage_healed":0.0,"max_hp_gain":0.0,"max_hp_loss":0.0,"gold_gain":100.0,"event_name":"Golden Shrine","player_choice":"Pray","floor":5.0,"gold_loss":0.0,"damage_taken":0.0},{"damage_healed":25.0,"max_hp_gain":0.0,"max_hp_loss":0.0,"gold_gain":0.0,"event_name":"Big Fish","player_choice":"Banana","floor":12.0,"gold_loss":0.0,"damage_taken":0.0},{"damage_healed":0.0,"max_hp_gain":0.0,"max_hp_loss":0.0,"gold_gain":0.0,"event_name":"Back to Basics","player_choice":"Simplicity","floor":20.0,"gold_loss":0.0,"damage_taken":0.0,"cards_upgraded":["Strike_B","Strike_B","Strike_B","Defend_B","Defend_B","Defend_B","Defend_B"]},{"damage_healed":0.0,"max_hp_gain":0.0,"max_hp_loss":0.0,"gold_gain":0.0,"event_name":"The Library","player_choice":"Read","floor":22.0,"gold_loss":0.0,"damage_taken":0.0,"cards_obtained":["Doom and Gloom"]},{"damage_healed":0.0,"max_hp_gain":0.0,"max_hp_loss":0.0,"gold_gain":0.0,"event_name":"WeMeetAgain","player_choice":"Paid Gold","floor":37.0,"gold_loss":56.0,"damage_taken":0.0,"relics_obtained":["Shuriken"]},{"damage_healed":0.0,"max_hp_gain":0.0,"max_hp_loss":0.0,"gold_gain":0.0,"event_name":"MindBloom","player_choice":"Fight","floor":44.0,"gold_loss":0.0,"damage_taken":0.0}],"is_beta":false,"boss_relics":[{"not_picked":["Coffee Dripper","Black Star"],"picked":"Ectoplasm"},{"not_picked":["Busted Crown","Inserter"],"picked":"Cursed Key"}],"items_purged_floors":[2],"is_endless":false,"potions_floor_spawned":[1,7,11,16,18,24,27,35,41,45,47,48],"ascension_level":10}}