{"host":"vyjryxuuuxkt43k4","time":1611102933,"event":{"mods":["AchievementEnabler","BaseMod","Colored Map","DeckTracker","Keyboard Shortcuts","Minty Spire (QoL Compilation)","Permanent Neow","Quick Restart","Rare Cards Sparkle","StSLib","SuperFastMode","everything is the same but u backflip on backflip"],"gold_per_floor":[109,184,201,58,58,75,75,87,87,87,87,115,133,150,150,248,248,248,248,248,248,248,248,248,248,248,248,148,148,148,148,148,148,148,148,0,0,0,0,0,0,0,0,0,0,0,0],"floor_reached":46,"language":"KOR","playtime":1881,"items_purged":["Strike_R","Strike_R"],"score":544,"play_id":"105fdbbb-2a1a-4d06-9157-1f9d6291ff4a","local_time":"20210120093533","is_ascension_mode":false,"campfire_choices":[{"data":"Feel No Pain","floor":7.0,"key":"SMITH"},{"data":"Armaments","floor":11.0,"key":"SMITH"},{"data":"Whirlwind","floor":15.0,"key":"SMITH"},{"data":"Barricade","floor":24.0,"key":"SMITH"},{"floor":32.0,"key":"REST"},{"floor":41,"key":"REST"}],"circlet_count":0,"master_deck":["Strike_R","Strike_R","Strike_R","Defend_R","Defend_R","Defend_R","Defend_R","Bash","Clash","Blood for Blood","Feel No Pain+1","Metallicize","Armaments+1","Whirlwind+1","Intimidate","Corruption+1","Headbutt+1","Battle Trance","Barricade+1","Shrug It Off","Inflame","Evolve","Wild Strike+1","True Grit+1","Exhume","Dark Embrace+1","Disarm+1","Fire Breathing+1","Shockwave+1"],"relics":["Burning Blood","Vajra","Blood Vial","Ectoplasm","Akabeko","Letter Opener","Pen Nib","Paper Frog","Philosopher\u0027s Stone","Red Mask","Orichalcum","Omamori"],"acts_visited":["Exordium","TheCity","TheBeyond"],"potions_floor_usage":[39],"damage_taken":[{"damage":13.0,"enemies":"Jaw Worm","floor":1.0,"turns":3.0},{"damage":0.0,"enemies":"Cultist","floor":3.0,"turns":2.0},{"damage":0.0,"enemies":"Small Slimes","floor":6.0,"turns":2.0},{"damage":13.0,"enemies":"Gremlin Gang","floor":8.0,"turns":5.0},{"damage":17.0,"enemies":"Lagavulin","floor":12.0,"turns":6.0},{"damage":2.0,"enemies":"2 Fungi Beasts","floor":13.0,"turns":5.0},{"damage":2.0,"enemies":"Looter","floor":14.0,"turns":4.0},{"damage":0.0,"enemies":"Slime Boss","floor":16.0,"turns":7.0},{"damage":7.0,"enemies":"3 Byrds","floor":18.0,"turns":4.0},{"damage":4.0,"enemies":"Shell Parasite","floor":20.0,"turns":4.0},{"damage":7.0,"enemies":"Sentry and Sphere","floor":22.0,"turns":5.0},{"damage":47.0,"enemies":"Book of Stabbing","floor":23.0,"turns":7.0},{"damage":15.0,"enemies":"Gremlin Leader","floor":25.0,"turns":5.0},{"damage":16.0,"enemies":"Snecko","floor":27.0,"turns":5.0},{"damage":0.0,"enemies":"3 Cultists","floor":29.0,"turns":4.0},{"damage":23.0,"enemies":"Snake Plant","floor":30.0,"turns":3.0},{"damage":5.0,"enemies":"Centurion and Healer","floor":31.0,"turns":5.0},{"damage":39.0,"enemies":"Collector","floor":33.0,"turns":9.0},{"damage":6,"enemies":"3 Darklings","floor":35,"turns":4},{"damage":0,"enemies":"3 Shapes","floor":38,"turns":3},{"damage":30,"enemies":"Transient","floor":39,"turns":5},{"damage":55,"enemies":"Nemesis","floor":40,"turns":7},{"damage":17,"enemies":"Sphere and 2 Shapes","floor":45,"turns":3},{"damage":26,"enemies":"Reptomancer","floor":46,"turns":2}],"seed_played":"-2439037737682066573","potions_obtained":[{"floor":3.0,"key":"SteroidPotion"},{"floor":6.0,"key":"BloodPotion"},{"floor":12.0,"key":"LiquidMemories"},{"floor":13.0,"key":"CultistPotion"},{"floor":16.0,"key":"ElixirPotion"},{"floor":20.0,"key":"Regen Potion"},{"floor":25.0,"key":"LiquidMemories"},{"floor":27.0,"key":"SkillPotion"},{"floor":35,"key":"Swift Potion"},{"floor":40,"key":"SpeedPotion"},{"floor":45,"key":"BlessingOfTheForge"}],"is_trial":false,"path_per_floor":["M","?","M","$","?","M","R","M","T","$","R","E","M","M","R","B",null,"M","T","M","?","M","E","R","E","T","M","$","M","M","M","R","B",null,"M","?","?","M","M","E","R","$","T","?","M","E"],"character_chosen":"IRONCLAD","items_purchased":["Feel No Pain"],"campfire_rested":2,"item_purchase_floors":[4],"current_hp_per_floor":[73,62,68,68,80,80,80,73,73,73,73,62,80,80,80,80,80,79,79,80,80,79,39,39,32,32,24,24,32,17,20,44,13,80,80,80,80,80,56,9,33,33,33,33,24,0,0],"gold":0,"neow_bonus":"RANDOM_COMMON_RELIC","is_daily":false,"chose_seed":false,"campfire_upgraded":4,"win_rate":0.0,"timestamp":1611102933,"path_taken":["M","?","M","$","?","M","R","M","T","$","R","E","M","M","R","BOSS","M","?","M","?","M","E","R","E","T","M","$","?","M","M","R","BOSS","M","?","?","?","M","E","R","?","T","?","M","E"],"items_purchased_type":["Card"],"build_version":"2020-12-22","purchased_purges":2,"victory":false,"max_hp_per_floor":[80,80,80,80,80,80,80,80,80,80,80,80,80,80,80,80,80,80,80,80,80,80,80,80,80,80,80,80,80,80,80,80,80,80,80,80,80,80,80,80,80,80,80,80,80,80,80],"card_choices":[{"not_picked":["True Grit","Wild Strike"],"picked":"Clash","floor":1.0},{"not_picked":["Sword Boomerang","Armaments"],"picked":"Blood for Blood","floor":3.0},{"not_picked":["Body Slam","Warcry"],"picked":"Metallicize","floor":6.0},{"not_picked":["Havoc","Feel No Pain"],"picked":"Armaments","floor":8.0},{"not_picked":["Disarm","Rampage"],"picked":"Whirlwind","floor":12.0},{"not_picked":["Sentinel","Rupture"],"picked":"Intimidate","floor":13.0},{"not_picked":["Twin Strike","Sever Soul","Heavy Blade"],"picked":"SKIP","floor":14.0},{"not_picked":["Fiend Fire","Double Tap"],"picked":"Corruption","floor":16.0},{"not_picked":["Warcry","Clothesline"],"picked":"Headbutt+1","floor":18.0},{"not_picked":["True Grit","Flame Barrier"],"picked":"Battle Trance","floor":20.0},{"not_picked":["Warcry","Inflame"],"picked":"Barricade","floor":22.0},{"not_picked":["Combust","Infernal Blade"],"picked":"Shrug It Off","floor":23.0},{"not_picked":["Rupture+1","Shrug It Off"],"picked":"Inflame","floor":25.0},{"not_picked":["Shockwave","Pummel"],"picked":"Evolve","floor":27.0},{"not_picked":["Body Slam","Cleave+1","Heavy Blade"],"picked":"SKIP","floor":29.0},{"not_picked":["Cleave","Perfected Strike"],"picked":"Wild Strike+1","floor":30.0},{"not_picked":["Havoc","Twin Strike"],"picked":"True Grit+1","floor":31.0},{"not_picked":["Brutality","Corruption"],"picked":"Exhume","floor":33.0},{"not_picked":["Twin Strike","Sentinel+1"],"picked":"Dark Embrace+1","floor":35},{"not_picked":["Thunderclap+1","Dropkick"],"picked":"Disarm+1","floor":38},{"not_picked":["Heavy Blade+1","Clothesline+1"],"picked":"Fire Breathing+1","floor":39},{"not_picked":["Sword Boomerang+1","Rampage+1"],"picked":"Shockwave+1","floor":40},{"not_picked":["Dropkick+1","Shockwave","Headbutt+1"],"picked":"SKIP","floor":45}],"player_experience":128334,"relics_obtained":[{"floor":12.0,"key":"Blood Vial"},{"floor":19.0,"key":"Akabeko"},{"floor":23.0,"key":"Letter Opener"},{"floor":25.0,"key":"Pen Nib"},{"floor":26.0,"key":"Paper Frog"},{"floor":40,"key":"Orichalcum"},{"floor":43,"key":"Omamori"}],"event_choices":[{"damage_healed":0.0,"max_hp_gain":0.0,"max_hp_loss":0.0,"gold_gain":75.0,"event_name":"World of Goop","player_choice":"Gather Gold","floor":2.0,"gold_loss":0.0,"damage_taken":11.0},{"damage_healed":12.0,"max_hp_gain":0.0,"max_hp_loss":0.0,"gold_gain":0.0,"event_name":"Wheel of Change","player_choice":"Full Heal","floor":5.0,"gold_loss":0.0,"damage_taken":0.0},{"damage_healed":0.0,"max_hp_gain":0.0,"max_hp_loss":0.0,"gold_gain":0.0,"event_name":"Accursed Blacksmith","player_choice":"Forge","floor":21.0,"gold_loss":0.0,"damage_taken":0.0,"cards_upgraded":["Corruption"]},{"damage_healed":0,"gold_gain":0,"player_choice":"Paid","damage_taken":0,"relics_obtained":["Red Mask"],"max_hp_gain":0,"max_hp_loss":0,"event_name":"Tomb of Lord Red Mask","floor":36,"gold_loss":148},{"damage_healed":0,"gold_gain":0,"player_choice":"0 cards matched","damage_taken":0,"max_hp_gain":0,"max_hp_loss":0,"event_name":"Match and Keep!","floor":37,"gold_loss":0,"cards_obtained":[]},{"damage_healed":0,"gold_gain":0,"player_choice":"Ignored","damage_taken":0,"max_hp_gain":0,"max_hp_loss":0,"event_name":"SecretPortal","floor":44,"gold_loss":0}],"is_beta":false,"boss_relics":[{"not_picked":["Coffee Dripper","Empty Cage"],"picked":"Ectoplasm"},{"not_picked":["Tiny House","SacredBark"],"picked":"Philosopher\u0027s Stone"}],"items_purged_floors":[4,28],"is_endless":false,"potions_floor_spawned":[3,6,12,13,16,20,23,25,27,29,35,40,45],"killed_by":"Reptomancer","ascension_level":0}}