{"host":"e6sgj53qqwx3piqv","time":1611160096,"event":{"mods":["AchievementEnabler","Aspiration","BaseMod","BetterRewards","Colored Powertips","Downfall","Hermit","Highlight Path","Hubris","Infinite Spire","Minty Spire (QoL Compilation)","Quick Restart","Rare Cards Sparkle","Shop Mod","StSLib","The Cursed","The Disciple","The Jungle","The Runesmith"],"gold_per_floor":[111,186,186,199,199,199,232,242,319,319,319,337,337,353,353,455,455,470,470,470,470,484,510,510,121,121,121,221,221,221,235,235,332,332,344,360,360,374,374,374,428,478,501,501,501,520,520,539,539,539,539,539,34,62,62],"floor_reached":56,"language":"ENG","playtime":2211,"items_purged":[],"score":1336,"play_id":"b8ec1848-21fc-4136-8796-59c576f8142e","local_time":"20210120112816","is_ascension_mode":false,"campfire_choices":[{"floor":6.0,"key":"RECALL"},{"data":"Uppercut","floor":11.0,"key":"SMITH"},{"data":"Searing Blow","floor":13.0,"key":"SMITH"},{"data":"Fire Breathing","floor":15.0,"key":"SMITH"},{"floor":24.0,"key":"REST"},{"floor":27.0,"key":"REST"},{"floor":30.0,"key":"REST"},{"floor":32.0,"key":"REST"},{"floor":40,"key":"REST"},{"floor":45,"key":"REST"},{"floor":47,"key":"REST"},{"floor":49,"key":"REST"},{"floor":52,"key":"REST"}],"circlet_count":0,"master_deck":["Bash","Thunderclap","Uppercut+1","Pommel Strike","Feel No Pain","Searing Blow+1","Fire Breathing+1","Flex","Rupture","Pommel Strike","Demon Form","Flex+1","Wild Strike","infinitespire:Fortify","infinitespire:FutureSight","infinitespire:NeuralNetwork","hubris:StunningStrike","Pommel Strike","Cleave","Infernal Blade+1","Shockwave","Evolve","Combust","Anger","Battle Trance","Infernal Blade","Demon Form","Fire Breathing+1","Barricade","Sever Soul","Disarm","Ghostly Armor","Sever Soul","Headbutt","hubris:SharpeningStone","Reckless Charge","Infernal Blade","Perfected Strike","Heavy Blade+1","Shrug It Off","Hemokinesis+1","Rampage","Armaments+1","Armaments+1","downfall:Haunted","TheCursedMod:Dregs","infinitespire:Punishment","Pommel Strike+1","Searing Blow","Anger+1","infinitespire:Punishment","infinitespire:Menacing","infinitespire:FinalStrike","Fire Breathing","Metallicize","hubris:StunningStrike","Twin Strike","Uppercut","Body Slam+1","Sword Boomerang+1","Pommel Strike+1","Spot Weakness","Metamorphosis","Twin Strike+1"],"relics":["Ring of the Snake","NeowsBlessing","Oddly Smooth Stone","infinitespire:Cubic Diamond","Prayer Wheel","Eternal Feather","aspiration:HummingbirdHeart","hubris:ScarierMask","MutagenicStrength","Charon\u0027s Ashes","SlaversCollar","Dream Catcher","infinitespire:EmpoweringShard","aspiration:HatOfInfinitePower","hubris:MysteriousPyramids","Pandora\u0027s Box","hubris:HerbalPaste","aspiration:Nostalgia","sneckomod:SneckoSoul","Charon\u0027s Ashes","hubris:FunFungus","infinitespire:Lucky Rock","OrangePellets","bronze:MakeshiftBattery","aspiration:StickyExplosives_weak","Bronze Scales"],"acts_visited":["Exordium","TheCity","TheBeyond","TheEnding"],"potions_floor_usage":[38,38],"damage_taken":[{"damage":0.0,"enemies":"Cultist","floor":1.0,"turns":1.0},{"damage":0.0,"enemies":"Small Slimes","floor":4.0,"turns":1.0},{"damage":0.0,"enemies":"3 Sentries","floor":7.0,"turns":1.0},{"damage":0.0,"enemies":"2 Louse","floor":8.0,"turns":2.0},{"damage":4.0,"enemies":"2 Fungi Beasts","floor":12.0,"turns":3.0},{"damage":4.0,"enemies":"Large Slime","floor":14.0,"turns":5.0},{"damage":46.0,"enemies":"Hexaghost","floor":16.0,"turns":11.0},{"damage":0.0,"enemies":"2 Thieves","floor":18.0,"turns":3.0},{"damage":15.0,"enemies":"3 Byrds","floor":22.0,"turns":6.0},{"damage":15.0,"enemies":"Slavers","floor":23.0,"turns":5.0},{"damage":3.0,"enemies":"Colosseum Slavers","floor":28.0,"turns":3.0},{"damage":1.0,"enemies":"Colosseum Nobs","floor":28.0,"turns":2.0},{"damage":3.0,"enemies":"3 Cultists","floor":31.0,"turns":3.0},{"damage":19.0,"enemies":"Automaton","floor":33.0,"turns":6.0},{"damage":12.0,"enemies":"3 Darklings","floor":35.0,"turns":4.0},{"damage":17.0,"enemies":"3 Shapes","floor":36.0,"turns":4.0},{"damage":33,"enemies":"Maw","floor":38,"turns":7},{"damage":0,"enemies":"2 Orb Walkers","floor":41,"turns":3},{"damage":41,"enemies":"Mind Bloom Boss Battle","floor":42,"turns":7},{"damage":0,"enemies":"3 Darklings","floor":46,"turns":1},{"damage":0,"enemies":"Jaw Worm Horde","floor":48,"turns":2},{"damage":68,"enemies":"Awakened One","floor":50,"turns":9},{"damage":0,"enemies":"Shield and Spear","floor":54,"turns":1},{"damage":70,"enemies":"The Heart","floor":55,"turns":6}],"seed_played":"2122789582801960092","potions_obtained":[{"floor":7.0,"key":"SneckoOil"},{"floor":8.0,"key":"SteroidPotion"},{"floor":12.0,"key":"Strength Potion"},{"floor":31.0,"key":"Block Potion"},{"floor":35.0,"key":"GamblersBrew"},{"floor":38,"key":"ElixirPotion"},{"floor":41,"key":"Ancient Potion"},{"floor":46,"key":"SpeedPotion"}],"is_trial":false,"path_per_floor":["M","?","?","M","?","R","E","M","T","?","R","M","R","M","R","B",null,"M","?","?","AVR","M","E","R","$","T","R","?","?","R","M","R","B",null,"M","M","$","M","?","R","?","?","T","AVR","R","M","R","M","R","B",null,"R","$","E","B",null],"character_chosen":"IRONCLAD","items_purchased":["Shockwave","Evolve","infinitespire:EmpoweringShard","hubris:HerbalPaste","aspiration:Nostalgia","Spot Weakness","aspiration:StickyExplosives_weak","Metamorphosis"],"campfire_rested":9,"item_purchase_floors":[25,25,25,37,37,53,53,53],"current_hp_per_floor":[80,69,44,50,50,50,50,50,50,50,59,55,64,60,69,23,80,80,80,80,80,65,50,80,80,80,80,76,76,80,77,80,61,80,68,51,31,4,4,55,60,25,25,25,79,79,80,80,80,20,80,80,80,80,17],"gold":62,"neow_bonus":"THREE_ENEMY_KILL","is_daily":false,"chose_seed":false,"campfire_upgraded":3,"win_rate":0.0,"timestamp":1611160096,"path_taken":["M","?","?","M","?","R","E","M","T","?","R","M","R","M","R","BOSS","M","?","?","AVR","M","E","R","$","T","R","?","?","R","M","R","BOSS","M","M","?","M","?","R","?","?","T","AVR","R","M","R","M","R","BOSS","R","$","E","BOSS"],"items_purchased_type":["Card","Card","Relic","Relic","Relic","Card","Relic","Card"],"build_version":"2020-12-22","purchased_purges":0,"victory":true,"max_hp_per_floor":[80,80,80,80,80,80,80,80,80,80,80,80,80,80,80,80,80,80,80,80,80,80,80,80,80,80,80,80,80,80,80,80,80,80,80,80,80,80,80,80,80,80,80,80,80,80,80,80,80,80,80,80,80,80,80],"card_choices":[{"not_picked":["Twin Strike","Heavy Blade"],"picked":"Thunderclap","floor":1.0},{"not_picked":["Perfected Strike","Thunderclap"],"picked":"Uppercut","floor":4.0},{"not_picked":["Iron Wave","Sword Boomerang"],"picked":"Pommel Strike","floor":7.0},{"not_picked":["Rage","Sword Boomerang"],"picked":"Feel No Pain","floor":8.0},{"not_picked":["Armaments","Entrench"],"picked":"Searing Blow","floor":8.0},{"not_picked":["Fiend Fire","Twin Strike"],"picked":"Fire Breathing","floor":12.0},{"not_picked":["Burning Pact","Spot Weakness"],"picked":"Flex","floor":12.0},{"not_picked":["Cleave","Dual Wield"],"picked":"Rupture","floor":14.0},{"not_picked":["Rupture","Clash"],"picked":"Pommel Strike","floor":14.0},{"not_picked":["Offering","Barricade"],"picked":"Demon Form","floor":16.0},{"not_picked":["True Grit","Perfected Strike+1"],"picked":"Flex+1","floor":18.0},{"not_picked":["Iron Wave+1","Burning Pact"],"picked":"Wild Strike","floor":18.0},{"not_picked":["Clash","Body Slam"],"picked":"hubris:StunningStrike","floor":22.0},{"not_picked":["Twin Strike+1","Whirlwind"],"picked":"Pommel Strike","floor":22.0},{"not_picked":["Disarm+1","Body Slam+1"],"picked":"Cleave","floor":23.0},{"not_picked":["Blood for Blood","Clothesline"],"picked":"Infernal Blade+1","floor":24.0},{"not_picked":["hubris:CleavingFinish+1","Burning Pact"],"picked":"Combust","floor":27.0},{"not_picked":["Disarm+1","True Grit+1"],"picked":"Anger","floor":28.0},{"not_picked":["Clothesline","Sword Boomerang"],"picked":"Battle Trance","floor":30.0},{"not_picked":["Second Wind","Clash"],"picked":"Infernal Blade","floor":31.0},{"not_picked":["Entrench+1","Wild Strike"],"picked":"Demon Form","floor":31.0},{"not_picked":["Burning Pact","Thunderclap"],"picked":"Fire Breathing+1","floor":32.0},{"not_picked":["Juggernaut","Impervious"],"picked":"Barricade","floor":33.0},{"not_picked":["Iron Wave+1","Twin Strike+1"],"picked":"Heavy Blade+1","floor":35.0},{"not_picked":["Searing Blow","Heavy Blade"],"picked":"Shrug It Off","floor":35.0},{"not_picked":["Havoc+1","Clash"],"picked":"Hemokinesis+1","floor":36.0},{"not_picked":["Sword Boomerang","Whirlwind"],"picked":"Rampage","floor":36.0},{"not_picked":["Pommel Strike","Bludgeon"],"picked":"Armaments+1","floor":38},{"not_picked":["Iron Wave","Headbutt"],"picked":"Armaments+1","floor":38},{"not_picked":["infinitespire:SealOfDarkness+","hubris:InfiniteBlow"],"picked":"infinitespire:Punishment","floor":39},{"not_picked":["Warcry","Perfected Strike"],"picked":"Pommel Strike+1","floor":40},{"not_picked":["Warcry","Twin Strike+1"],"picked":"Searing Blow","floor":41},{"not_picked":["Perfected Strike+1","Body Slam"],"picked":"Anger+1","floor":42},{"not_picked":["Thunderclap","Perfected Strike"],"picked":"Fire Breathing","floor":45},{"not_picked":["Flex","Pommel Strike"],"picked":"Metallicize","floor":46},{"not_picked":["Havoc+1","Wild Strike"],"picked":"hubris:StunningStrike","floor":46},{"not_picked":["Burning Pact+1","Warcry"],"picked":"Twin Strike","floor":47},{"not_picked":["Pommel Strike+1","Armaments+1"],"picked":"Uppercut","floor":48},{"not_picked":["Shrug It Off+1","Pummel+1"],"picked":"Body Slam+1","floor":48},{"not_picked":["Warcry","Cleave"],"picked":"Sword Boomerang+1","floor":49},{"not_picked":["Iron Wave+1","Armaments"],"picked":"Pommel Strike+1","floor":52},{"not_picked":["Wild Strike","Blood for Blood+1"],"picked":"Twin Strike+1","floor":54}],"player_experience":200848,"relics_obtained":[{"floor":7.0,"key":"Prayer Wheel"},{"floor":9.0,"key":"Eternal Feather"},{"floor":10.0,"key":"aspiration:HummingbirdHeart"},{"floor":23.0,"key":"Dream Catcher"},{"floor":28.0,"key":"aspiration:HatOfInfinitePower"},{"floor":28.0,"key":"hubris:MysteriousPyramids"},{"floor":41,"key":"Charon\u0027s Ashes"},{"floor":42,"key":"hubris:FunFungus"},{"floor":43,"key":"infinitespire:Lucky Rock"},{"floor":54,"key":"Bronze Scales"}],"event_choices":[{"damage_healed":0.0,"max_hp_gain":0.0,"max_hp_loss":0.0,"gold_gain":75.0,"event_name":"World of Goop","player_choice":"Gather Gold","floor":2.0,"gold_loss":0.0,"damage_taken":11.0},{"damage_healed":0.0,"max_hp_gain":0.0,"max_hp_loss":0.0,"gold_gain":0.0,"event_name":"Scrap Ooze","player_choice":"Success","floor":3.0,"gold_loss":0.0,"damage_taken":25.0,"relics_obtained":["Oddly Smooth Stone"]},{"damage_healed":0.0,"max_hp_gain":0.0,"max_hp_loss":0.0,"gold_gain":0.0,"event_name":"Ghosts","player_choice":"Ignored","floor":19.0,"gold_loss":0.0,"damage_taken":0.0},{"damage_healed":0.0,"max_hp_gain":0.0,"max_hp_loss":0.0,"gold_gain":0.0,"event_name":"Drug Dealer","player_choice":"Inject Mutagens","floor":20.0,"gold_loss":0.0,"damage_taken":0.0,"relics_obtained":["MutagenicStrength"]},{"damage_healed":0.0,"max_hp_gain":0.0,"max_hp_loss":0.0,"gold_gain":0.0,"event_name":"Colosseum","player_choice":"Fight","floor":28.0,"gold_loss":0.0,"damage_taken":0.0},{"damage_healed":0.0,"max_hp_gain":0.0,"max_hp_loss":0.0,"gold_gain":0.0,"event_name":"Colosseum","player_choice":"Fought Nobs","floor":28.0,"gold_loss":0.0,"damage_taken":0.0},{"damage_healed":0.0,"max_hp_gain":0.0,"max_hp_loss":0.0,"gold_gain":0.0,"event_name":"NoteForYourself","player_choice":"Ignored","floor":29.0,"gold_loss":0.0,"damage_taken":0.0},{"damage_healed":0,"gold_gain":0,"player_choice":"Fight","damage_taken":0,"max_hp_gain":0,"max_hp_loss":0,"event_name":"Mysterious Sphere","floor":41,"gold_loss":0},{"damage_healed":0,"gold_gain":0,"player_choice":"Fight","damage_taken":0,"max_hp_gain":0,"max_hp_loss":0,"event_name":"MindBloom","floor":42,"gold_loss":0}],"is_beta":false,"boss_relics":[{"not_picked":["Sozu","Runesmith:UraniumAnvil"],"picked":"hubris:ScarierMask"},{"not_picked":["Busted Crown","Velvet Choker"],"picked":"Pandora\u0027s Box"}],"items_purged_floors":[],"is_endless":false,"potions_floor_spawned":[7,8,12,14,18,28,31,35,38,41,46],"ascension_level":0}}