{"host":"5jyeqch4fosnsiz2","time":1611108132,"event":{"mods":["BaseMod","Bestiary","Colored Map","Colored Powertips","Filter the Spire","Minty Spire (QoL Compilation)","Relic Stats","StSLib","Waifu the Spire","ojb\u0027s Better Paths Mod","ojb\u0027s Info Mod"],"gold_per_floor":[17,27,27,39,39,67,67,67,67],"floor_reached":8,"language":"ENG","playtime":327,"items_purged":[],"score":56,"play_id":"6007fa98-3c3a-4003-ab4b-bb5ff5cafe77","local_time":"20210119210212","is_ascension_mode":false,"campfire_choices":[],"circlet_count":0,"master_deck":["Strike_R","Strike_R","Strike_R","Strike_R","Strike_R","Defend_R","Defend_R","Defend_R","Defend_R","Bash","Corruption","Sword Boomerang","Dropkick","Feed+1","Flame Barrier"],"relics":["Burning Blood","Calipers","SsserpentHead"],"acts_visited":["Exordium"],"potions_floor_usage":[4,8],"damage_taken":[{"damage":10,"enemies":"Cultist","floor":1,"turns":4},{"damage":1,"enemies":"2 Louse","floor":2,"turns":3},{"damage":1,"enemies":"Jaw Worm","floor":4,"turns":3},{"damage":51,"enemies":"3 Sentries","floor":6,"turns":11},{"damage":45,"enemies":"Gremlin Nob","floor":8,"turns":5}],"seed_played":"-2262801022561695155","potions_obtained":[{"floor":1,"key":"LiquidMemories"},{"floor":2,"key":"Explosive Potion"}],"is_trial":false,"path_per_floor":["M","M","?","M","?","E","?","E"],"character_chosen":"IRONCLAD","items_purchased":[],"campfire_rested":0,"item_purchase_floors":[],"current_hp_per_floor":[76,80,72,77,77,36,36,0,0],"gold":67,"neow_bonus":"THREE_RARE_CARDS","is_daily":false,"chose_seed":false,"campfire_upgraded":0,"win_rate":0.0,"timestamp":1611108132,"path_taken":["M","M","?","?","?","E","?","E"],"items_purchased_type":[],"build_version":"2020-12-22","purchased_purges":0,"victory":false,"max_hp_per_floor":[80,80,80,80,80,84,84,84,84],"relic_stats":{"SsserpentHead":0,"counters":[5,26],"obtain_stats":[{"SsserpentHead":7,"Calipers":6,"Burning Blood":0},{"SsserpentHead":4,"Calipers":4,"Burning Blood":0},{"SsserpentHead":21,"Calipers":21,"Burning Blood":0}],"Burning Blood":23},"card_choices":[{"not_picked":["Impervious","Demon Form"],"picked":"Corruption","floor":0},{"not_picked":["Bloodletting","Twin Strike"],"picked":"Sword Boomerang","floor":1},{"not_picked":["Pommel Strike","Armaments"],"picked":"Dropkick","floor":2},{"not_picked":["Pommel Strike","Headbutt"],"picked":"Feed","floor":4},{"not_picked":["Heavy Blade","Evolve"],"picked":"Flame Barrier","floor":6}],"player_experience":308675,"relics_obtained":[{"floor":6,"key":"Calipers"}],"event_choices":[{"damage_healed":0,"gold_gain":0,"player_choice":"Damaged","damage_taken":8,"max_hp_gain":0,"max_hp_loss":0,"event_name":"Wheel of Change","floor":3,"gold_loss":0},{"damage_healed":0,"gold_gain":0,"player_choice":"Grow","damage_taken":0,"max_hp_gain":0,"max_hp_loss":0,"event_name":"Living Wall","floor":5,"gold_loss":0,"cards_upgraded":["Feed"]},{"damage_healed":0,"gold_gain":0,"player_choice":"Trade","damage_taken":0,"relics_obtained":["SsserpentHead"],"max_hp_gain":0,"max_hp_loss":0,"event_name":"FaceTrader","floor":7,"gold_loss":0}],"is_beta":false,"boss_relics":[],"items_purged_floors":[],"is_endless":false,"potions_floor_spawned":[1,2],"killed_by":"Gremlin Nob","ascension_level":0}}