{"host":"8388a52tkodd0hlf","time":1611179065,"event":{"mods":["BaseMod","Googly Eyes","Hubris","Infinite Spire","Marisa????????","Minty Spire (QoL Compilation)","Replay The Spire","StSLib","Td1madao Mod","The Bug Knight","The Cursed","The Hierophant","The Servant 0.9.4","Unceasing Turn Reminder"],"gold_per_floor":[111,111,111,111,122,151,167,167,167,179,179,179,189,189,189,189],"floor_reached":15,"language":"ENG","playtime":644,"items_purged":[],"score":120,"play_id":"207e291f-f8c0-4252-9682-35f25d1127d2","local_time":"20210120154425","is_ascension_mode":false,"campfire_choices":[{"data":"Furious","floor":8,"key":"SMITH"},{"data":"Revenge","floor":14,"key":"SMITH"}],"circlet_count":0,"master_deck":["Strike_C","Strike_C","Strike_C","Strike_C","Defend_C","Defend_C","Defend_C","Defend_C","Knight Kick","Chip","Sudden Beat+1","Revenge+1","Perfect Defend","Furious+1","Ruin Defend"],"relics":["Apod","NeowsBlessing","PreservedInsect","Onion Ring"],"acts_visited":["Exordium"],"potions_floor_usage":[],"damage_taken":[{"damage":0,"enemies":"Cultist","floor":1,"turns":1},{"damage":0,"enemies":"Small Slimes","floor":5,"turns":1},{"damage":0,"enemies":"Gremlin Nob","floor":6,"turns":1},{"damage":11,"enemies":"Jaw Worm","floor":7,"turns":4},{"damage":14,"enemies":"2 Fungi Beasts","floor":10,"turns":3},{"damage":41,"enemies":"Exordium Thugs","floor":13,"turns":7},{"damage":14,"enemies":"HollowMod:MossKnight","floor":15,"turns":4}],"seed_played":"-2572871851714234394","potions_obtained":[{"floor":1,"key":"Swift Potion"},{"floor":4,"key":"CultistPotion"},{"floor":4,"key":"LiquidMemories"}],"is_trial":false,"path_per_floor":["M","$","?","?","M","E","M","R","T","M","PTL","PTL","M","R","E"],"character_chosen":"TD1MADAO_CLASS","items_purchased":[],"campfire_rested":0,"item_purchase_floors":[],"current_hp_per_floor":[70,70,70,70,70,70,59,59,59,45,45,45,4,4,0,0],"gold":189,"neow_bonus":"THREE_ENEMY_KILL","is_daily":false,"chose_seed":false,"campfire_upgraded":2,"win_rate":0.0,"timestamp":1611179065,"path_taken":["M","$","?","?","?","E","M","R","T","M","PTL","PTL","M","R","E"],"items_purchased_type":[],"build_version":"2020-12-22","purchased_purges":0,"victory":false,"max_hp_per_floor":[70,70,70,70,70,70,70,70,70,70,70,70,70,70,70,70],"card_choices":[{"not_picked":["White Contract","Machining"],"picked":"Sudden Beat","floor":1},{"not_picked":["Here Defend Chip","Resistance"],"picked":"Revenge","floor":5},{"not_picked":["Light Attack","Ruin Defend"],"picked":"Perfect Defend","floor":6},{"not_picked":["Resistance","Three Hit"],"picked":"Furious","floor":7},{"not_picked":["Oblique Hack","Preloading"],"picked":"Ruin Defend","floor":10},{"not_picked":["Fixing","Here Defend Chip","Sub Weapons"],"picked":"SKIP","floor":13}],"player_experience":48528,"relics_obtained":[{"floor":6,"key":"PreservedInsect"},{"floor":9,"key":"Onion Ring"}],"event_choices":[{"damage_healed":0,"gold_gain":0,"player_choice":"Grow","damage_taken":0,"max_hp_gain":0,"max_hp_loss":0,"event_name":"Living Wall","floor":3,"gold_loss":0,"cards_upgraded":["Sudden Beat"]},{"damage_healed":0,"gold_gain":0,"player_choice":"Got Potions","damage_taken":0,"max_hp_gain":0,"max_hp_loss":0,"event_name":"Lab","floor":4,"gold_loss":0}],"is_beta":false,"boss_relics":[],"items_purged_floors":[],"is_endless":false,"potions_floor_spawned":[1,13],"killed_by":"HollowMod:MossKnight","ascension_level":0}}