{"host":"csp9nt53rootlkah","time":1611153172,"event":{"mods":["Act Like it!","BaseMod","Colored Powertips","Friendly Minions","Gensokyo","Highlight Path","Marisa£®ÏF”Í°°ƒß¿Ì…≥£©","Minty Spire (QoL Compilation)","Quick Restart","Replay The Spire","StSLib","TestMod","The Factory","The Jungle","°æ“≈ŒÔø®≈∆°øREMEMod"],"gold_per_floor":[115,40,40,50,254,280,280,290,344,360,360,310,340,353,353,456,456,456,456],"floor_reached":18,"language":"ZHS","playtime":875,"items_purged":["Strike_MRS"],"score":245,"play_id":"115a9cc0-f575-451b-92c7-46f05d2d89e5","local_time":"20210120223252","is_ascension_mode":false,"campfire_choices":[{"data":"OpenUniverse","floor":7.0,"key":"SMITH"},{"data":"UpSweep","floor":11.0,"key":"SMITH"},{"floor":15,"key":"DIG"}],"circlet_count":0,"master_deck":["Strike_MRS","Strike_MRS","Strike_MRS","Defend_MRS","Defend_MRS","Defend_MRS","Defend_MRS","MasterSpark","UpSweep+1","Echo Form+1","OpenUniverse+1","Gensokyo:BlessingOfConstitution","SuperPerseids","MillisecondPulsars+1"],"relics":["MiniHakkero","testmod-TestBox","REME_ComplimentaryCards","testmod-Charity","NeowsBlessing","Simple Rune","MealTicket","Golden Egg","testmod-Acrobat","testmod-StringDisintegrator"],"acts_visited":["Gensokyo:Gensokyo","Gensokyo:Gensokyoer"],"potions_floor_usage":[16],"damage_taken":[{"damage":0.0,"enemies":"Gensokyo:Python","floor":1.0,"turns":1.0},{"damage":0.0,"enemies":"Gensokyo:3_Fairies","floor":4.0,"turns":1.0},{"damage":0.0,"enemies":"Gensokyo:Cirno","floor":6.0,"turns":2.0},{"damage":0.0,"enemies":"Gensokyo:Gryphon","floor":8.0,"turns":3.0},{"damage":0.0,"enemies":"Gensokyo:VengefulSpirit","floor":10.0,"turns":4.0},{"damage":0,"enemies":"Gensokyo:Mamizou","floor":13,"turns":5},{"damage":6,"enemies":"Gensokyo:Kitsune","floor":14,"turns":4},{"damage":49,"enemies":"Gensokyo:Reimu","floor":16,"turns":8},{"damage":2,"enemies":"Gensokyo:2_Gloops","floor":18,"turns":4}],"seed_played":"-7221899157759097401","potions_obtained":[{"floor":4.0,"key":"Energy Potion"},{"floor":6.0,"key":"PowerPotion"},{"floor":8.0,"key":"Fire Potion"}],"is_trial":false,"path_per_floor":["M","$","?","M","?","E","R","M","T","M","R","?","E","M","R","B",null,"M"],"character_chosen":"MARISA","items_purchased":[],"campfire_rested":0,"item_purchase_floors":[],"current_hp_per_floor":[76,76,76,77,78,79,79,80,81,82,82,82,83,78,78,42,97,101,101],"gold":456,"neow_bonus":"THREE_ENEMY_KILL","is_daily":false,"chose_seed":false,"campfire_upgraded":2,"win_rate":0.0,"timestamp":1611153172,"path_taken":["M","$","?","M","?","E","R","M","T","M","R","?","E","M","R","BOSS","M"],"items_purchased_type":[],"build_version":"2020-12-22","purchased_purges":1,"victory":false,"max_hp_per_floor":[76,76,76,77,78,79,79,80,81,82,82,82,83,84,84,97,97,103,103],"card_choices":[{"not_picked":["SporeBomb","UnstableBomb","IllusionStar"],"picked":"SKIP","floor":1.0},{"not_picked":["DC","DragonMeteor","NonDirectionalLaser"],"picked":"SKIP","floor":4.0},{"not_picked":["GrandCross","WitchLeyline"],"picked":"OpenUniverse","floor":5.0},{"not_picked":["GrandCross","FinalSpark","PowerUp"],"picked":"SKIP","floor":6.0},{"not_picked":["GalacticHalo","WitchLeyline","GrandCross"],"picked":"SKIP","floor":8.0},{"not_picked":["WitchLeyline","WitchOfGreed","Singularity"],"picked":"SKIP","floor":10.0},{"not_picked":["WitchLeyline","MaximisePower"],"picked":"SuperPerseids","floor":13},{"not_picked":["PowerUp","MysteriousBeam","AsteroidBelt"],"picked":"SKIP","floor":14},{"not_picked":["TreasureHunter","AbsoluteMagnitude"],"picked":"MillisecondPulsars","floor":16}],"player_experience":131232,"relics_obtained":[{"floor":6.0,"key":"Simple Rune"},{"floor":9.0,"key":"MealTicket"},{"floor":13,"key":"Golden Egg"},{"floor":15,"key":"testmod-Acrobat"}],"event_choices":[],"is_beta":false,"boss_relics":[{"not_picked":["testmod-Recursion","testmod-TimeTraveler"],"picked":"testmod-StringDisintegrator"}],"items_purged_floors":[2],"is_endless":false,"potions_floor_spawned":[4,6,8,13,14],"killed_by":"Gensokyo:2_Gloops","ascension_level":0}}