{"host":"344lv32hnei0mdhu","time":1611126740,"event":{"mods":["Act Like it!","BaseMod","Better Match","Better Sensory Stone","Better Skull","Better Third Choice","Better Vampires","Colored Powertips","Highlight Path","Minty Spire (QoL Compilation)","Quick Restart","Random Character Button","Rare Cards Sparkle","StSLib"],"gold_per_floor":[111,111,111,111,34,34,51,81,81,99,110,127,9,36,36,133,133,147,62,62,62,62,62,96,96,96,126,126,142,162,162,162,264,264,282,299,299,38,57,57,86,86,86,86,97,112,122,47,47,47,47,47,47,75,75,75],"floor_reached":55,"language":"ENG","playtime":3003,"items_purged":["Defend_P+1"],"score":1177,"play_id":"673f7b66-a93a-4915-903c-29dee49866e1","local_time":"20210120011220","is_ascension_mode":true,"campfire_choices":[{"data":"Wallop","floor":6.0,"key":"SMITH"},{"floor":15.0,"key":"REST"},{"floor":23.0,"key":"RECALL"},{"floor":25.0,"key":"REST"},{"data":"LikeWater","floor":32.0,"key":"SMITH"},{"floor":40.0,"key":"REST"},{"floor":42.0,"key":"REST"},{"floor":49.0,"key":"REST"},{"data":"Vault","floor":52,"key":"SMITH"}],"circlet_count":0,"master_deck":["AscendersBane","Strike_P+1","Strike_P+1","Strike_P+1","Strike_P+1","Defend_P+1","Defend_P+1","Defend_P+1","Eruption+1","Vigilance+1","Pray+1","Wallop+1","EmptyFist+1","Vault+1","Prostrate","Protect+1","ClearTheMind+1","LikeWater+1","DeceiveReality+1","LessonLearned","Devotion+1","Halt+1","LikeWater+1","SashWhip+1","DevaForm+1","Prostrate+1","WaveOfTheHand+1"],"relics":["PureWater","NeowsBlessing","Omamori","Pen Nib","Eternal Feather","HornCleat","VioletLotus","Strawberry","Necronomicon","Nunchaku","Bag of Preparation","Bronze Scales","Busted Crown","Shuriken","Darkstone Periapt","TeardropLocket","Blood Vial"],"acts_visited":["Exordium","TheCity","TheBeyond","TheEnding"],"potions_floor_usage":[50,55,55],"damage_taken":[{"damage":0.0,"enemies":"Cultist","floor":1.0,"turns":1.0},{"damage":0.0,"enemies":"2 Louse","floor":7.0,"turns":1.0},{"damage":0.0,"enemies":"3 Sentries","floor":8.0,"turns":2.0},{"damage":0.0,"enemies":"Small Slimes","floor":10.0,"turns":3.0},{"damage":7.0,"enemies":"2 Fungi Beasts","floor":11.0,"turns":3.0},{"damage":0.0,"enemies":"3 Louse","floor":12.0,"turns":4.0},{"damage":12.0,"enemies":"Gremlin Nob","floor":14.0,"turns":5.0},{"damage":27.0,"enemies":"Hexaghost","floor":16.0,"turns":15.0},{"damage":13.0,"enemies":"Chosen","floor":18.0,"turns":9.0},{"damage":42.0,"enemies":"Book of Stabbing","floor":24.0,"turns":9.0},{"damage":0.0,"enemies":"Gremlin Leader","floor":27.0,"turns":3.0},{"damage":0.0,"enemies":"2 Thieves","floor":29.0,"turns":5.0},{"damage":10.0,"enemies":"Centurion and Healer","floor":30.0,"turns":6.0},{"damage":31.0,"enemies":"Champ","floor":33.0,"turns":12.0},{"damage":1.0,"enemies":"3 Shapes","floor":35.0,"turns":7.0},{"damage":10.0,"enemies":"Orb Walker","floor":36.0,"turns":6.0},{"damage":43.0,"enemies":"Transient","floor":39.0,"turns":5.0},{"damage":40.0,"enemies":"Reptomancer","floor":41.0,"turns":8.0},{"damage":0.0,"enemies":"Jaw Worm Horde","floor":45.0,"turns":5.0},{"damage":0.0,"enemies":"Spire Growth","floor":46.0,"turns":6.0},{"damage":5.0,"enemies":"3 Darklings","floor":47.0,"turns":6.0},{"damage":43,"enemies":"Awakened One","floor":50,"turns":15},{"damage":23,"enemies":"Shield and Spear","floor":54,"turns":10},{"damage":82,"enemies":"The Heart","floor":55,"turns":10}],"seed_played":"3818985816282703001","potions_obtained":[{"floor":1.0,"key":"EntropicBrew"},{"floor":8.0,"key":"DistilledChaos"},{"floor":10.0,"key":"Block Potion"},{"floor":14.0,"key":"Fire Potion"},{"floor":16.0,"key":"StancePotion"},{"floor":24.0,"key":"DuplicationPotion"},{"floor":30.0,"key":"Strength Potion"},{"floor":33.0,"key":"Strength Potion"},{"floor":39.0,"key":"SpeedPotion"},{"floor":45.0,"key":"BlessingOfTheForge"},{"floor":47.0,"key":"Energy Potion"},{"floor":54,"key":"FairyPotion"}],"is_trial":false,"path_per_floor":["M","?","?","?","$","R","M","E","T","M","M","M","$","E","R","B",null,"M","?","?","?","?","R","E","R","T","E","?","M","M","?","R","B",null,"M","M","?","$","M","R","E","R","T","?","M","M","M","$","R","B",null,"R","$","E","B"],"character_chosen":"WATCHER","items_purchased":["Wallop","LikeWater","DeceiveReality","Shuriken"],"campfire_rested":5,"item_purchase_floors":[5,13,13,38],"current_hp_per_floor":[65,56,56,56,56,56,56,56,56,56,49,49,49,37,70,43,65,52,59,79,63,63,75,33,68,68,68,68,68,58,62,77,46,71,70,60,60,60,17,55,15,53,53,53,53,53,48,48,79,36,68,79,79,56,0,0],"gold":75,"neow_bonus":"THREE_ENEMY_KILL","is_daily":false,"chose_seed":false,"campfire_upgraded":3,"win_rate":0.0,"timestamp":1611126740,"path_taken":["M","?","?","?","$","R","M","E","T","?","M","M","$","E","R","BOSS","M","?","?","?","?","R","E","R","T","E","?","M","?","?","R","BOSS","M","?","?","$","M","R","E","R","T","?","M","?","M","?","R","BOSS","R","$","E","BOSS"],"items_purchased_type":["Card","Card","Card","Relic"],"build_version":"2020-12-22","purchased_purges":1,"victory":false,"max_hp_per_floor":[72,72,72,72,72,72,72,72,72,72,72,72,72,72,72,72,72,72,79,79,79,79,79,79,79,79,79,79,79,79,79,79,79,79,79,79,79,79,79,79,79,79,79,79,79,79,79,79,79,79,79,79,79,79,79,79],"card_choices":[{"not_picked":["Weave","CutThroughFate"],"picked":"Pray","floor":1.0},{"not_picked":["Halt","Collect"],"picked":"EmptyFist","floor":7.0},{"not_picked":["BowlingBash","Tantrum"],"picked":"Vault","floor":8.0},{"not_picked":["Evaluate","WreathOfFlame"],"picked":"Prostrate","floor":10.0},{"not_picked":["WindmillStrike","FollowUp"],"picked":"Protect","floor":11.0},{"not_picked":["WindmillStrike","JustLucky"],"picked":"ClearTheMind","floor":12.0},{"not_picked":["WindmillStrike","Protect"],"picked":"LessonLearned","floor":14.0},{"not_picked":["Brilliance","MasterReality"],"picked":"Devotion","floor":16.0},{"not_picked":["FlyingSleeves","PathToVictory","WaveOfTheHand"],"picked":"SKIP","floor":18.0},{"not_picked":["FlurryOfBlows","PathToVictory"],"picked":"Halt+1","floor":24.0},{"not_picked":["CrushJoints+1","FlurryOfBlows","FlyingSleeves"],"picked":"SKIP","floor":27.0},{"not_picked":["SashWhip","FollowUp"],"picked":"LikeWater","floor":29.0},{"not_picked":["InnerPeace","FlyingSleeves"],"picked":"SashWhip+1","floor":30.0},{"not_picked":["SpiritShield","Vault"],"picked":"DevaForm","floor":33.0},{"not_picked":["ClearTheMind"],"picked":"SKIP","floor":35.0},{"not_picked":["SashWhip+1"],"picked":"SKIP","floor":36.0},{"not_picked":[],"picked":"Prostrate+1","floor":39.0},{"not_picked":["BowlingBash"],"picked":"SKIP","floor":41.0},{"not_picked":["Evaluate"],"picked":"SKIP","floor":45.0},{"not_picked":["Wallop"],"picked":"SKIP","floor":46.0},{"not_picked":[],"picked":"WaveOfTheHand+1","floor":47.0},{"not_picked":["Halt"],"picked":"SKIP","floor":54}],"player_experience":354785,"relics_obtained":[{"floor":8.0,"key":"Pen Nib"},{"floor":9.0,"key":"Eternal Feather"},{"floor":14.0,"key":"HornCleat"},{"floor":21.0,"key":"Necronomicon"},{"floor":24.0,"key":"Nunchaku"},{"floor":27.0,"key":"Bag of Preparation"},{"floor":41.0,"key":"Darkstone Periapt"},{"floor":43.0,"key":"TeardropLocket"},{"floor":54,"key":"Blood Vial"}],"event_choices":[{"damage_healed":0.0,"max_hp_gain":0.0,"max_hp_loss":0.0,"gold_gain":0.0,"event_name":"The Cleric","player_choice":"Leave","floor":3.0,"gold_loss":0.0,"damage_taken":0.0},{"damage_healed":0.0,"max_hp_gain":0.0,"max_hp_loss":0.0,"gold_gain":0.0,"event_name":"Accursed Blacksmith","player_choice":"Forge","floor":4.0,"gold_loss":0.0,"damage_taken":0.0,"cards_upgraded":["Eruption"]},{"damage_healed":0.0,"max_hp_gain":0.0,"max_hp_loss":0.0,"gold_gain":0.0,"event_name":"Addict","player_choice":"Obtained Relic","floor":19.0,"gold_loss":85.0,"damage_taken":0.0,"relics_obtained":["Strawberry"]},{"damage_healed":26.0,"max_hp_gain":0.0,"max_hp_loss":0.0,"gold_gain":0.0,"event_name":"The Library","player_choice":"Heal","floor":20.0,"gold_loss":0.0,"damage_taken":0.0},{"damage_healed":0.0,"max_hp_gain":0.0,"max_hp_loss":0.0,"gold_gain":0.0,"event_name":"Cursed Tome","player_choice":"Obtained Book","floor":21.0,"gold_loss":0.0,"damage_taken":16.0},{"damage_healed":0.0,"max_hp_gain":0.0,"max_hp_loss":8.0,"gold_gain":0.0,"event_name":"betterThird:BetterWriting","player_choice":"Simplicity","floor":22.0,"gold_loss":0.0,"damage_taken":0.0},{"damage_healed":0.0,"max_hp_gain":0.0,"max_hp_loss":0.0,"gold_gain":0.0,"event_name":"WeMeetAgain","player_choice":"Gave Potion","floor":28.0,"gold_loss":0.0,"damage_taken":0.0,"relics_obtained":["Bronze Scales"]},{"damage_healed":4.0,"max_hp_gain":0.0,"max_hp_loss":0.0,"gold_gain":0.0,"event_name":"betterSkull:BetterSkull","player_choice":"LEAVE ","floor":31.0,"gold_loss":0.0,"damage_taken":0.0,"cards_upgraded":[],"relics_obtained":[]},{"damage_healed":0.0,"max_hp_gain":0.0,"max_hp_loss":0.0,"gold_gain":0.0,"event_name":"Tomb of Lord Red Mask","player_choice":"Ignored","floor":37.0,"gold_loss":0.0,"damage_taken":0.0},{"cards_removed":["Reflex"],"damage_healed":0.0,"max_hp_gain":0.0,"max_hp_loss":0.0,"gold_gain":0.0,"event_name":"Wheel of Change","player_choice":"Card Removal","floor":44.0,"gold_loss":0.0,"damage_taken":0.0}],"is_beta":false,"boss_relics":[{"not_picked":["SacredBark","Fusion Hammer"],"picked":"VioletLotus"},{"not_picked":["Coffee Dripper","Runic Pyramid"],"picked":"Busted Crown"}],"items_purged_floors":[48],"is_endless":false,"potions_floor_spawned":[1,8,10,12,14,16,24,30,33,39,45,47,54],"killed_by":"The Heart","ascension_level":10}}