{"host":"7pdbvbnybm62aded","time":1611111520,"event":{"mods":["BaseMod","Downfall","Minty Spire (QoL Compilation)","READ ME - Guardian Mod","Shop Mod","Spicy Shops","StSLib","The Construct","[IsaacMod]ÒÔÈö¼âËþ","¡¾ÒÅÎï¿¨ÅÆ¡¿REMEMod"],"gold_per_floor":[99,99,99,99,99,133,160,177,193,204,222,222,207,227,245,2545,2545,2445,2463,628,647,659,688,688,688,688,699,732,745,545,645,656,656,670,740,760,810,810,859,909,976,1026,1123,1142,1142,1277,1291,1388,1388,1388,1399,1549,1566,1580,1611,1611,527,547,564,998,1048,1048,74,92,155],"floor_reached":51,"language":"ZHS","playtime":5758,"items_purged":["Slimebound:Defend_Slimebound","downfall:Bewildered","Decay"],"score":1043,"play_id":"ff260982-a3a4-4aaa-9f42-bc2f0852fc83","local_time":"20210120105840","is_ascension_mode":true,"campfire_choices":[{"floor":1.0,"key":"RECALL"},{"data":"Slimebound:Recycling","floor":18,"key":"SMITH"},{"data":"Slimebound:DuplicatedForm","floor":30,"key":"SMITH"},{"data":"Slimebound:DuplicatedForm","floor":18,"key":"SMITH"},{"data":"Slimebound:ComboTackle","floor":23,"key":"SMITH"},{"data":"Slimebound:AcidTongue","floor":30,"key":"SMITH"},{"data":"Slimebound:FlameTackle","floor":35,"key":"SMITH"},{"data":"Slimebound:DuplicatedForm","floor":47,"key":"SMITH"}],"circlet_count":0,"master_deck":["Slimebound:Strike_Slimebound","Slimebound:Tackle","Slimebound:Defend_Slimebound","Slimebound:Split","Slimebound:CorrosiveSpit","Slimebound:DouseInSlime","Slimebound:Nibble","Slimebound:GrowthPunch","Slimebound:ComboTackle","Slimebound:AcidTongue+1","Slimebound:SpikyOuterGoop","Slimebound:GoopSpray","Slimebound:Recycling+1","Slimebound:LeechEnergy+1","Slimebound:ViciousTackle","Slimebound:ComboTackle+1","Slimebound:DuplicatedForm+1","REME_FirmDetermination","Slimebound:SplitMire","Slimebound:DuplicatedForm+1","Slimebound:FlameTackle+1","Slimebound:Grow","Slimebound:Schlurp+1","Slimebound:HungryTackle","Slimebound:RallyTheTroops","Slimebound:GoopTackle","Slimebound:ComboTackle","Slimebound:ServeAndProtect","Slimebound:BestDefense+1","Slimebound:CheckThePlaybook","Slimebound:Split","Slimebound:FinishingTackle","Slimebound:SplitSpecialist","Slimebound:DuplicatedForm+1","Impatience","Slimebound:Dissolve","expansioncontent:PolyBeam","Slimebound:Gluttony","expansioncontent:QuickStudy+1","Slimebound:AcidTongue","Slimebound:LevelUp"],"relics":["Slimebound:AbsorbEndCombat","HushsDoor","MaYiHuaBei","Bag of Marbles","Snecko Eye","downfall:HeartBlessingRed","Habit","Slimebound:SelfDamagePreventRelic","Bottled Flame","Lantern","Orichalcum","Question Card","Diplopia","downfall:HeartBlessingGreen","downfall:CloakOfManyFaces","CultistMask","FaceOfCleric","SsserpentHead","sneckomod:BabySnecko","Void","bronze:MakeshiftBattery","StoneCalendar","Toxic Egg 2","TheBattery","Happy Flower","Thread and Needle","Calipers","Ancient Tea Set","InkBottle","Juzu Bracelet","The Courier","SalivaCoin","REME_CardOfGreed","Bronze Scales","Boot","Gremlin Horn","REME_HourglassOfDeath"],"acts_visited":["Exordium","TheCity","TheBeyond"],"potions_floor_usage":[16,16,19,49],"damage_taken":[{"damage":0.0,"enemies":"Jaw Worm","floor":2.0,"turns":1.0},{"damage":0.0,"enemies":"Cultist","floor":3.0,"turns":1.0},{"damage":0.0,"enemies":"Gremlin Nob","floor":6.0,"turns":1.0},{"damage":3.0,"enemies":"Small Slimes","floor":8.0,"turns":3.0},{"damage":23.0,"enemies":"3 Louse","floor":9.0,"turns":4.0},{"damage":15.0,"enemies":"Red Slaver","floor":10.0,"turns":4.0},{"damage":6.0,"enemies":"Exordium Wildlife","floor":11.0,"turns":4.0},{"damage":3.0,"enemies":"downfall:FleeingMerchant","floor":13.0,"turns":4.0},{"damage":6.0,"enemies":"Lots of Slimes","floor":14.0,"turns":4.0},{"damage":10.0,"enemies":"2 Fungi Beasts","floor":15.0,"turns":2.0},{"damage":26,"enemies":"WA_ARCHETYPE_RETAIN","floor":16,"turns":5},{"damage":12,"enemies":"3 Byrds","floor":19,"turns":3},{"damage":2,"enemies":"downfall:FleeingMerchant","floor":20,"turns":4},{"damage":15,"enemies":"Shelled Parasite and Fungi","floor":21,"turns":2},{"damage":30,"enemies":"Chosen and Byrds","floor":22,"turns":2},{"damage":39,"enemies":"Book of Stabbing","floor":23,"turns":2},{"damage":18,"enemies":"Book of Stabbing","floor":26,"turns":2},{"damage":36,"enemies":"Cultist and Chosen","floor":27,"turns":2},{"damage":15,"enemies":"Slavers","floor":28,"turns":3},{"damage":15,"enemies":"3 Cultists","floor":29,"turns":2},{"damage":15,"enemies":"downfall:FaceTrader","floor":31,"turns":2},{"damage":32,"enemies":"Centurion and Healer","floor":32,"turns":2},{"damage":15,"enemies":"Spheric Guardian","floor":19,"turns":1},{"damage":15,"enemies":"Cultist and Chosen","floor":20,"turns":2},{"damage":36,"enemies":"Centurion and Healer","floor":21,"turns":2},{"damage":21,"enemies":"Shelled Parasite and Fungi","floor":26,"turns":2},{"damage":15,"enemies":"Snake Plant","floor":29,"turns":1},{"damage":17,"enemies":"Centurion and Healer","floor":32,"turns":1},{"damage":13,"enemies":"DF_ARCHETYPE_ORBS","floor":33,"turns":4},{"damage":0,"enemies":"Orb Walker","floor":36,"turns":1},{"damage":15,"enemies":"Orb Walker","floor":37,"turns":1},{"damage":20,"enemies":"3 Shapes","floor":38,"turns":1},{"damage":50,"enemies":"Transient","floor":39,"turns":4},{"damage":48,"enemies":"Giant Head","floor":40,"turns":2},{"damage":0,"enemies":"downfall:FleeingMerchant","floor":42,"turns":1},{"damage":0,"enemies":"Jaw Worm Horde","floor":43,"turns":1},{"damage":0,"enemies":"Writhing Mass","floor":44,"turns":1},{"damage":100000053,"enemies":"2 Orb Walkers","floor":45,"turns":4},{"damage":15,"enemies":"Maw","floor":49,"turns":2},{"damage":117,"enemies":"Awakened One","floor":50,"turns":7}],"seed_played":"-3845324231399112192","potions_obtained":[{"floor":6.0,"key":"Block Potion"},{"floor":8.0,"key":"LiquidBronze"},{"floor":14.0,"key":"GamblersBrew"},{"floor":15.0,"key":"Fire Potion"},{"floor":19,"key":"LiquidBronze"},{"floor":21,"key":"Guardian:BlockOnCardUsePotion"},{"floor":28,"key":"PowerPotion"},{"floor":49,"key":"Fruit Juice"}],"is_trial":false,"path_per_floor":["R","M","M","?","?","E","T","M","M","M","M","?","$","M","M","B",null,"R","M","$","M","M","E","T","?","?","M","E","M","R","?","M","R","M","M","M","?","R","T","?","M","?","T","M","R","?","M","B",null,"R","M","?","M","M","E","T","$","M","M","?","?","R","$","M","B",null],"character_chosen":"SLIMEBOUND","items_purchased":["Habit","Slimebound:SelfDamagePreventRelic","Slimebound:ComboTackle","Slimebound:DuplicatedForm","REME_FirmDetermination","champ:CounterPotion","Bottled Flame","Lantern","Orichalcum","ForgetMeNow","Slimebound:SplitMire","SuicideKing","Toxic Egg 2","TheBattery","Happy Flower","Prayer Wheel","expansioncontent:PolyBeam","Slimebound:Gluttony","expansioncontent:QuickStudy+1","SalivaCoin","REME_CardOfGreed","Bronze Scales","Boot","Gremlin Horn","REME_HourglassOfDeath"],"campfire_rested":0,"item_purchase_floors":[20,20,20,20,20,20,20,20,20,20,20,20,42,42,42,42,42,42,42,48,48,48,48,48,48],"current_hp_per_floor":[65,65,65,50,50,50,50,53,34,25,23,23,22,24,16,142,300,300,292,298,300,300,297,297,297,297,295,300,300,310,310,311,311,312,313,312,312,312,312,312,311,311,311,314,314,302,303,299,318,318,319,320,301,305,311,318,327,328,331,78,292,292,292,298,227],"gold":155,"neow_bonus":"THREE_ENEMY_KILL","is_daily":false,"chose_seed":false,"campfire_upgraded":7,"win_rate":0.0,"timestamp":1611111520,"path_taken":["R","M","M","?","?","E","T","M","M","M","?","?","$","M","M","BOSS","R","M","$","M","M","E","T","?","?","?","E","?","R","?","M","R","M","?","M","?","R","T","?","?","?","?","M","R","?","M","BOSS","R","M","?","M","M","E","T","$","M","M","?","?","R","$","M","BOSS"],"items_purchased_type":["Relic","Relic","Card","Card","Card","Potion","Relic","Relic","Relic","Relic","Card","Card","Relic","Relic","Relic","Relic","Card","Card","Card","Relic","Relic","Relic","Relic","Relic","Relic"],"build_version":"2020-12-22","purchased_purges":3,"victory":true,"max_hp_per_floor":[65,65,65,65,65,65,65,65,65,65,65,65,65,65,65,300,300,300,300,300,300,300,300,300,300,300,300,300,300,310,310,311,311,312,313,314,314,314,314,314,315,315,315,316,316,316,317,318,318,318,319,320,321,322,323,330,331,332,333,334,292,292,292,298,299],"card_choices":[{"not_picked":[],"picked":"ChaosCard","floor":0.0},{"not_picked":["Slimebound:ItLooksTasty","Slimebound:TongueLash","Slimebound:SplitBruiser"],"picked":"SKIP","floor":2.0},{"not_picked":["Slimebound:SlimeSlap","Slimebound:SplitAcid"],"picked":"Slimebound:Nibble","floor":3.0},{"not_picked":["Slimebound:SplitMire","Slimebound:RejuvenatingLick"],"picked":"Slimebound:GrowthPunch","floor":6.0},{"not_picked":["Slimebound:GrowthPunch","Slimebound:SlimeSpikes"],"picked":"Slimebound:ComboTackle","floor":8.0},{"not_picked":["Slimebound:SlimeSpikes","Slimebound:BestDefense","Slimebound:DisruptingSlam"],"picked":"SKIP","floor":9.0},{"not_picked":["Slimebound:Recollect","Slimebound:Prepare"],"picked":"Slimebound:AcidTongue","floor":10.0},{"not_picked":["Slimebound:Chomp","Slimebound:ComboTackle"],"picked":"Slimebound:SpikyOuterGoop","floor":11.0},{"not_picked":["Slimebound:LeechingTouch","Slimebound:ComboTackle","Slimebound:SlimeBarrage"],"picked":"SKIP","floor":13.0},{"not_picked":["Slimebound:SplitAcid","Slimebound:LeechingTouch","Slimebound:GrowthPunch"],"picked":"SKIP","floor":14.0},{"not_picked":["Slimebound:PressTheAttack","Slimebound:FinishingTackle"],"picked":"Slimebound:GoopSpray","floor":15.0},{"not_picked":["Slimebound:MassRepurpose","Slimebound:OneTwoCombo"],"picked":"Slimebound:Recycling","floor":16},{"not_picked":["Slimebound:SlimeSpikes","Slimebound:MegaLick+1"],"picked":"Slimebound:LeechEnergy+1","floor":19},{"not_picked":["Slimebound:HauntingLick","Slimebound:DivideAndConquer"],"picked":"Slimebound:ViciousTackle","floor":20},{"not_picked":["Slimebound:LeechingTouch","Slimebound:DivideAndConquer"],"picked":"Slimebound:DuplicatedForm","floor":21},{"not_picked":["Slimebound:SplitSpecialist","Slimebound:PressTheAttack"],"picked":"Slimebound:FlameTackle","floor":22},{"not_picked":["Slimebound:GrowthPunch","Slimebound:ProtectTheBoss"],"picked":"Slimebound:Grow","floor":23},{"not_picked":["Slimebound:SplitLeeching","Slimebound:LeechingTouch","Slimebound:LivingWall"],"picked":"Slimebound:Schlurp+1","floor":27},{"not_picked":["Slimebound:Nibble","Slimebound:GoopSpray+1","Slimebound:SplitBruiser+1","Slimebound:Prepare"],"picked":"SKIP","floor":28},{"not_picked":["Slimebound:ItLooksTasty","Slimebound:LeechEnergy","Slimebound:ComboTackle"],"picked":"Slimebound:HungryTackle","floor":29},{"not_picked":["Slimebound:Nibble","Slimebound:SlimeSpikes","Slimebound:SplitMire"],"picked":"Slimebound:RallyTheTroops","floor":31},{"not_picked":["Slimebound:SplitAcid","Slimebound:HauntingLick","Slimebound:SamplingLick"],"picked":"Slimebound:GoopTackle","floor":32},{"not_picked":["Slimebound:RainOfGoop","Slimebound:Prepare","Slimebound:RejuvenatingLick+1","Slimebound:LivingWall"],"picked":"SKIP","floor":19},{"not_picked":["Slimebound:GrowthPunch","Slimebound:ProtectTheBoss","Slimebound:LivingWall+1","Slimebound:Replication"],"picked":"SKIP","floor":20},{"not_picked":["Slimebound:SplitMire","Slimebound:SplitLeeching","Slimebound:SlimeSpikes"],"picked":"Slimebound:ComboTackle","floor":21},{"not_picked":["Slimebound:SplitSpecialist","Slimebound:SplitAcid","Slimebound:Schlurp","Slimebound:GoopSpray"],"picked":"SKIP","floor":26},{"not_picked":["Slimebound:SamplingLick","Slimebound:SlimeSpikes","Slimebound:ProtectTheBoss"],"picked":"Slimebound:BestDefense+1","floor":29},{"not_picked":["Slimebound:GoopTackle","Slimebound:Chomp","Slimebound:LeechEnergy"],"picked":"Slimebound:CheckThePlaybook","floor":32},{"not_picked":["Slimebound:TongueLash","Slimebound:ServeAndProtect+1","Slimebound:SplitSpecialist","Slimebound:SplitMire+1"],"picked":"SKIP","floor":36},{"not_picked":["Slimebound:ItLooksTasty+1","Slimebound:LivingWall","Slimebound:SplitMire"],"picked":"Slimebound:Dissolve","floor":37},{"not_picked":["Slimebound:GrowthPunch+1","Slimebound:SplitBruiser+1","Slimebound:FinishingTackle","Slimebound:SplitAcid"],"picked":"SKIP","floor":38},{"not_picked":["Slimebound:GoopSpray+1","Slimebound:Grow","Slimebound:SamplingLick+1","Slimebound:ItLooksTasty"],"picked":"SKIP","floor":39},{"not_picked":["Slimebound:LeechEnergy","Slimebound:DisruptingSlam","Slimebound:RainOfGoop","Slimebound:Nibble"],"picked":"SKIP","floor":40},{"not_picked":["Slimebound:SlimeSpikes","Slimebound:RainOfGoop+1","Slimebound:OozeBath","Slimebound:SamplingLick+1"],"picked":"SKIP","floor":42},{"not_picked":["Slimebound:Gluttony+1","Slimebound:ForwardTackle+1","Slimebound:LeechEnergy","Slimebound:PressTheAttack"],"picked":"SKIP","floor":43},{"not_picked":["Slimebound:GoopTackle+1","Slimebound:Dissolve+1","Slimebound:LeadByExample+1","Slimebound:LeechEnergy+1"],"picked":"SKIP","floor":43},{"not_picked":["Slimebound:ComboTackle+1","Slimebound:SplitMire+1","Slimebound:LivingWall+1","Slimebound:SamplingLick+1"],"picked":"SKIP","floor":44},{"not_picked":["Slimebound:GrowthPunch","Slimebound:Prepare+1","Slimebound:Replication+1","Slimebound:PressTheAttack"],"picked":"SKIP","floor":44},{"not_picked":["Slimebound:ComboTackle","Slimebound:LeechingTouch+1","Slimebound:BestDefense"],"picked":"Slimebound:AcidTongue","floor":45},{"not_picked":["Slimebound:Grow","Slimebound:FormOfPuddle+1","Slimebound:OozeBath+1"],"picked":"Slimebound:LevelUp","floor":45},{"not_picked":["Slimebound:ComboTackle","Slimebound:Dissolve+1","Slimebound:Schlurp+1","Slimebound:ViciousTackle"],"picked":"SKIP","floor":49},{"not_picked":["Slimebound:SlimeSpikes+1","Slimebound:Schlurp+1","Slimebound:SamplingLick+1","Slimebound:Prepare+1"],"picked":"SKIP","floor":49}],"player_experience":661482,"relics_obtained":[{"floor":6.0,"key":"Bag of Marbles"},{"floor":23,"key":"Dream Catcher"},{"floor":24,"key":"Question Card"},{"floor":28,"key":"Diplopia"},{"floor":31,"key":"downfall:CloakOfManyFaces"},{"floor":28,"key":"Void"},{"floor":37,"key":"downfall:GremlinSack"},{"floor":40,"key":"StoneCalendar"},{"floor":41,"key":"Strawberry"},{"floor":45,"key":"Thread and Needle"},{"floor":45,"key":"Calipers"},{"floor":45,"key":"Ancient Tea Set"},{"floor":45,"key":"InkBottle"},{"floor":45,"key":"Juzu Bracelet"},{"floor":45,"key":"The Courier"},{"floor":45,"key":"Damocles"}],"event_choices":[{"cards_removed":["Slimebound:Strike_Slimebound"],"damage_healed":0.0,"max_hp_gain":0.0,"max_hp_loss":0.0,"gold_gain":0.0,"event_name":"The Cleric","player_choice":"Card Removal","floor":5.0,"gold_loss":0.0,"damage_taken":0.0},{"damage_healed":0,"gold_gain":0,"player_choice":"Ignored","damage_taken":0,"max_hp_gain":0,"max_hp_loss":0,"event_name":"Vampires","floor":22,"gold_loss":0},{"damage_healed":0,"gold_gain":0,"player_choice":"Read","damage_taken":0,"max_hp_gain":0,"max_hp_loss":0,"event_name":"The Library","floor":25,"gold_loss":0,"cards_obtained":["Slimebound:ServeAndProtect"]},{"damage_healed":0,"gold_gain":0,"player_choice":"Fight","damage_taken":0,"max_hp_gain":0,"max_hp_loss":0,"event_name":"Mysterious Sphere","floor":45,"gold_loss":0}],"is_beta":false,"boss_relics":[{"not_picked":["Tiny House","Sozu"],"picked":"Snecko Eye"},{"not_picked":[]},{"not_picked":["REME_ChargedStone","Fusion Hammer"],"picked":"bronze:MakeshiftBattery"},{"not_picked":[]}],"items_purged_floors":[20,42,48],"is_endless":false,"potions_floor_spawned":[6,8,14,15,19,21,26,28,31,19,29,32,37,40,44,49],"ascension_level":3}}