{"host":"q9718omregw4er46","time":1611163763,"event":{"mods":["BaseMod","Bestiary","Colored Powertips","Minty Spire (QoL Compilation)","Quick Restart","Relic Stats"],"gold_per_floor":[113,33,33,50,50,50,78,78,101,101,101,120,153,166,166,245,245,262,2,19,32,32,61,61,89,112,112,112,112],"floor_reached":28,"language":"ENG","playtime":987,"items_purged":["Strike_B"],"score":578,"play_id":"ff845aca-08a6-4df5-bd22-022b1af7c8b9","local_time":"20210120222923","is_ascension_mode":true,"campfire_choices":[{"data":"Loop","floor":6.0,"key":"SMITH"},{"data":"Lockon","floor":8.0,"key":"SMITH"},{"data":"Loop","floor":15.0,"key":"SMITH"},{"data":"Defragment","floor":24,"key":"SMITH"},{"floor":27,"key":"REST"}],"circlet_count":0,"master_deck":["AscendersBane","Strike_B+1","Strike_B","Defend_B","Defend_B","Defend_B","Defend_B+1","Zap","Dualcast","Sweeping Beam","Lockon+1","Loop+1","Self Repair","Electrodynamics","Loop+1","Conserve Battery","Defragment+1","Go for the Eyes","Cold Snap"],"relics":["Cracked Core","NeowsBlessing","Matryoshka","Strawberry","Dream Catcher","The Courier","Runic Pyramid","Orichalcum","HornCleat","Ornamental Fan","Anchor","Ancient Tea Set","Omamori"],"acts_visited":["Exordium","TheCity"],"potions_floor_usage":[18,21,25,28],"damage_taken":[{"damage":0.0,"enemies":"Cultist","floor":1.0,"turns":1.0},{"damage":0.0,"enemies":"Jaw Worm","floor":4.0,"turns":1.0},{"damage":0.0,"enemies":"Lagavulin","floor":7.0,"turns":1.0},{"damage":0.0,"enemies":"2 Louse","floor":12.0,"turns":3.0},{"damage":11.0,"enemies":"Gremlin Nob","floor":13.0,"turns":3.0},{"damage":5.0,"enemies":"Red Slaver","floor":14.0,"turns":3.0},{"damage":26.0,"enemies":"Slime Boss","floor":16.0,"turns":6.0},{"damage":25,"enemies":"Shell Parasite","floor":18,"turns":5},{"damage":20,"enemies":"Spheric Guardian","floor":20,"turns":5},{"damage":8,"enemies":"3 Cultists","floor":21,"turns":4},{"damage":6,"enemies":"Gremlin Leader","floor":23,"turns":5},{"damage":32,"enemies":"Book of Stabbing","floor":25,"turns":6},{"damage":34,"enemies":"Cultist and Chosen","floor":28,"turns":3}],"seed_played":"2682069051873129717","potions_obtained":[{"floor":1.0,"key":"Block Potion"},{"floor":12.0,"key":"DistilledChaos"},{"floor":13.0,"key":"PotionOfCapacity"},{"floor":16.0,"key":"Dexterity Potion"},{"floor":18,"key":"Energy Potion"},{"floor":23,"key":"DistilledChaos"},{"floor":25,"key":"Swift Potion"}],"is_trial":false,"path_per_floor":["M","$","?","M","?","R","E","R","T","?","?","M","E","M","R","B",null,"M","$","M","M","T","E","R","E","T","R","M"],"character_chosen":"DEFECT","items_purchased":["Lockon","Defragment","Orichalcum"],"campfire_rested":1,"item_purchase_floors":[2,19,19],"current_hp_per_floor":[64,64,57,57,57,57,57,57,64,41,41,48,44,46,46,27,65,47,47,34,33,33,34,34,9,9,32,0,0],"gold":112,"neow_bonus":"THREE_ENEMY_KILL","is_daily":false,"chose_seed":false,"campfire_upgraded":4,"win_rate":0.0,"timestamp":1611163763,"path_taken":["M","$","?","M","?","R","E","R","T","?","?","?","E","M","R","BOSS","M","$","?","M","?","E","R","E","T","R","?"],"items_purchased_type":["Card","Card","Relic"],"build_version":"2020-12-22","purchased_purges":1,"victory":false,"max_hp_per_floor":[71,71,71,71,71,71,71,71,78,78,78,78,78,78,78,78,78,78,78,78,78,78,78,78,78,78,78,78,78],"relic_stats":{"Dream Catcher":1,"counters":[13,45],"Ornamental Fan":[20],"Orichalcum":[48],"obtain_stats":[{"NeowsBlessing":0,"The Courier":13,"Omamori":26,"Orichalcum":19,"Ancient Tea Set":25,"Dream Catcher":9,"Anchor":23,"Matryoshka":7,"HornCleat":22,"Ornamental Fan":22,"Strawberry":9,"Cracked Core":0,"Runic Pyramid":17},{"NeowsBlessing":0,"The Courier":5,"Omamori":12,"Orichalcum":8,"Ancient Tea Set":12,"Dream Catcher":3,"Anchor":11,"Matryoshka":3,"HornCleat":10,"Ornamental Fan":10,"Strawberry":3,"Cracked Core":0,"Runic Pyramid":7},{"NeowsBlessing":0,"The Courier":9,"Omamori":42,"Orichalcum":22,"Ancient Tea Set":42,"Dream Catcher":3,"Anchor":36,"Matryoshka":3,"HornCleat":31,"Ornamental Fan":31,"Strawberry":3,"Cracked Core":0,"Runic Pyramid":17}]},"card_choices":[{"not_picked":["Reprogram","Double Energy"],"picked":"Sweeping Beam","floor":1.0},{"not_picked":["Hologram","Chaos"],"picked":"Loop","floor":4.0},{"not_picked":["Darkness","Streamline"],"picked":"Self Repair","floor":7.0},{"not_picked":["Gash","All For One","Beam Cell"],"picked":"SKIP","floor":12.0},{"not_picked":["Rebound","Redo","Aggregate"],"picked":"SKIP","floor":13.0},{"not_picked":["Force Field","Steam"],"picked":"Loop","floor":14.0},{"not_picked":["Stack","Barrage+1"],"picked":"Conserve Battery","floor":18},{"not_picked":["Redo","Coolheaded"],"picked":"Go for the Eyes","floor":20},{"not_picked":["Scrape","Streamline"],"picked":"Cold Snap","floor":21},{"not_picked":["Auto Shields","Electrodynamics","Hello World"],"picked":"SKIP","floor":23},{"not_picked":["Reprogram","Steam Power","Conserve Battery"],"picked":"SKIP","floor":25}],"player_experience":1237519,"relics_obtained":[{"floor":7.0,"key":"Matryoshka"},{"floor":9.0,"key":"Strawberry"},{"floor":9.0,"key":"Dream Catcher"},{"floor":13.0,"key":"The Courier"},{"floor":22,"key":"HornCleat"},{"floor":22,"key":"Ornamental Fan"},{"floor":23,"key":"Anchor"},{"floor":25,"key":"Ancient Tea Set"},{"floor":26,"key":"Omamori"}],"event_choices":[{"cards_removed":["Strike_B"],"damage_healed":0.0,"max_hp_gain":0.0,"max_hp_loss":0.0,"gold_gain":0.0,"event_name":"Golden Wing","player_choice":"Card Removal","floor":3.0,"gold_loss":0.0,"damage_taken":7.0},{"damage_healed":0.0,"max_hp_gain":0.0,"max_hp_loss":0.0,"gold_gain":0.0,"event_name":"The Cleric","player_choice":"Leave","floor":5.0,"gold_loss":0.0,"damage_taken":0.0},{"damage_healed":0.0,"max_hp_gain":0.0,"max_hp_loss":0.0,"gold_gain":0.0,"event_name":"Shining Light","player_choice":"Entered Light","floor":10.0,"gold_loss":0.0,"damage_taken":23.0,"cards_upgraded":["Defend_B","Strike_B"]},{"damage_healed":0.0,"max_hp_gain":0.0,"max_hp_loss":0.0,"gold_gain":0.0,"event_name":"Match and Keep!","player_choice":"1 cards matched","floor":11.0,"gold_loss":0.0,"damage_taken":0.0,"cards_obtained":["Electrodynamics"]}],"is_beta":false,"boss_relics":[{"not_picked":["Black Star","SacredBark"],"picked":"Runic Pyramid"}],"items_purged_floors":[19],"is_endless":false,"potions_floor_spawned":[1,12,13,16,18,23,25],"killed_by":"Cultist and Chosen","ascension_level":20}}