{"host":"u5p72gjg7qm9i6r4","time":1611106656,"event":{"mods":["AchievementEnabler","BaseMod","Curses Come First","Highlight Path","Minty Spire (QoL Compilation)","Rare Cards Sparkle","StSLib"],"gold_per_floor":[110,110,120,140,154,189,201,223,235,247,290,302,348,360,372,483,495,524,716,744,774,801,813,813],"floor_reached":23,"language":"ENG","playtime":883,"items_purged":[],"score":342,"play_id":"7b2a2e68-1635-4a50-a450-add53ad32e6f","local_time":"20210119193736","is_ascension_mode":true,"campfire_choices":[{"floor":7.0,"key":"REST"},{"floor":12.0,"key":"REST"},{"floor":15.0,"key":"REST"}],"circlet_count":0,"master_deck":["Strike_R","Strike_R","Strike_R","Strike_R","Strike_R","Defend_R","Defend_R","Defend_R","Defend_R","Bash","Impervious","Cleave","Headbutt","Clothesline","Headbutt","Whirlwind","Cleave","Metallicize+1","Reaper","Feel No Pain+1","Shrug It Off"],"relics":["Burning Blood","MawBank","Shuriken","Mercury Hourglass","InkBottle","Frozen Egg 2","Runic Pyramid"],"acts_visited":["Exordium","TheCity"],"potions_floor_usage":[23],"damage_taken":[{"damage":4.0,"enemies":"Jaw Worm","floor":1.0,"turns":5.0},{"damage":1.0,"enemies":"Cultist","floor":3.0,"turns":4.0},{"damage":12.0,"enemies":"Small Slimes","floor":4.0,"turns":3.0},{"damage":0.0,"enemies":"2 Fungi Beasts","floor":5.0,"turns":4.0},{"damage":47.0,"enemies":"3 Sentries","floor":6.0,"turns":12.0},{"damage":38.0,"enemies":"Exordium Thugs","floor":8.0,"turns":5.0},{"damage":20.0,"enemies":"Lagavulin","floor":11.0,"turns":5.0},{"damage":25.0,"enemies":"3 Sentries","floor":13.0,"turns":4.0},{"damage":0.0,"enemies":"Slime Boss","floor":16.0,"turns":7.0},{"damage":33.0,"enemies":"2 Thieves","floor":18.0,"turns":4.0},{"damage":1.0,"enemies":"3 Byrds","floor":20.0,"turns":4.0},{"damage":23,"enemies":"Snecko","floor":21,"turns":7},{"damage":22,"enemies":"Chosen and Byrds","floor":22,"turns":8},{"damage":38,"enemies":"Slavers","floor":23,"turns":3}],"seed_played":"-1317418752353461694","potions_obtained":[{"floor":5.0,"key":"Block Potion"},{"floor":8.0,"key":"Explosive Potion"},{"floor":13.0,"key":"Strength Potion"},{"floor":16.0,"key":"SneckoOil"},{"floor":21,"key":"EssenceOfSteel"},{"floor":22,"key":"Dexterity Potion"}],"is_trial":false,"path_per_floor":["M","?","M","M","M","E","R","M","T","T","E","R","E","$","R","B",null,"M","?","M","M","M","E"],"character_chosen":"IRONCLAD","items_purchased":[],"campfire_rested":3,"item_purchase_floors":[],"current_hp_per_floor":[74,74,79,73,79,38,62,30,30,30,16,40,21,21,45,51,73,53,34,51,38,28,0,0],"gold":813,"neow_bonus":"ONE_RANDOM_RARE_CARD","is_daily":false,"chose_seed":false,"campfire_upgraded":0,"win_rate":0.0,"timestamp":1611106656,"path_taken":["M","?","M","?","M","E","R","M","T","?","E","R","E","?","R","BOSS","M","?","M","M","?","E"],"items_purchased_type":[],"build_version":"2020-12-22","purchased_purges":0,"victory":false,"max_hp_per_floor":[80,80,80,80,80,80,80,80,80,80,80,80,80,80,80,80,80,80,80,80,80,80,80,80],"card_choices":[{"not_picked":["Havoc","Perfected Strike"],"picked":"Cleave","floor":1.0},{"not_picked":["Reckless Charge","Perfected Strike"],"picked":"Headbutt","floor":3.0},{"not_picked":["True Grit","Wild Strike","Evolve"],"picked":"SKIP","floor":4.0},{"not_picked":["Sword Boomerang","Infernal Blade"],"picked":"Clothesline","floor":5.0},{"not_picked":["Brutality","Body Slam"],"picked":"Headbutt","floor":6.0},{"not_picked":["Disarm","Intimidate"],"picked":"Whirlwind","floor":8.0},{"not_picked":["Rupture","Perfected Strike"],"picked":"Cleave","floor":11.0},{"not_picked":["True Grit","Flex"],"picked":"Metallicize+1","floor":13.0},{"not_picked":["Brutality+1","Offering"],"picked":"Reaper","floor":16.0},{"not_picked":["Cleave+1","Dark Embrace+1"],"picked":"Feel No Pain+1","floor":18.0},{"not_picked":["Iron Wave","Perfected Strike","Combust+1"],"picked":"SKIP","floor":20.0},{"not_picked":["Dual Wield","Headbutt"],"picked":"Shrug It Off","floor":21},{"not_picked":["Thunderclap","Wild Strike","Fire Breathing+1"],"picked":"SKIP","floor":22}],"player_experience":131075,"relics_obtained":[{"floor":6.0,"key":"MawBank"},{"floor":9.0,"key":"Shuriken"},{"floor":10.0,"key":"Mercury Hourglass"},{"floor":11.0,"key":"InkBottle"},{"floor":13.0,"key":"Frozen Egg 2"}],"event_choices":[{"damage_healed":0.0,"max_hp_gain":0.0,"max_hp_loss":0.0,"gold_gain":0.0,"event_name":"WeMeetAgain","player_choice":"Ignored","floor":2.0,"gold_loss":0.0,"damage_taken":0.0},{"damage_healed":0.0,"max_hp_gain":0.0,"max_hp_loss":0.0,"gold_gain":180.0,"event_name":"Knowing Skull","player_choice":"GOLD GOLD ","floor":19.0,"potions_obtained":[],"gold_loss":0.0,"damage_taken":19.0,"cards_obtained":[]}],"is_beta":false,"boss_relics":[{"not_picked":["Philosopher\u0027s Stone","Runic Dome"],"picked":"Runic Pyramid"}],"items_purged_floors":[],"is_endless":false,"potions_floor_spawned":[5,8,13,16,21,22],"killed_by":"Slavers","ascension_level":6}}