{"host":"nbmmy2ys5j9alw05","time":1611125626,"event":{"mods":["AchievementEnabler","BaseMod","Bestiary","Better Vampires","Colored Map","Colored Powertips","Googly Eyes","Minty Spire (QoL Compilation)","Quick Restart","StSLib","The Hierophant","The IronCluck","everything is the same but u backflip on backflip"],"gold_per_floor":[116,116,129,143,196,196,226,239,239,264,264,281,281,307,307,307,307],"floor_reached":16,"language":"ENG","playtime":491,"items_purged":[],"score":174,"play_id":"322a4629-92c2-4696-a826-91edae4cf98e","local_time":"20210119225346","is_ascension_mode":true,"campfire_choices":[{"data":"Rage","floor":6,"key":"SMITH"},{"data":"Twin Strike","floor":13,"key":"SMITH"},{"floor":15,"key":"REST"}],"circlet_count":0,"master_deck":["Strike_R","Strike_R","Strike_R","Strike_R","Strike_R","Defend_R","Defend_R","Defend_R","Defend_R","Bash","Twin Strike+1","Thunderclap+1","Rage+1","Pommel Strike+1","Dual Wield","Battle Trance","Anger+1","Anger+1"],"relics":["Burning Blood","NeowsBlessing","Molten Egg 2","Smiling Mask","Boot","Letter Opener","Strawberry","Mummified Hand"],"acts_visited":["Exordium"],"potions_floor_usage":[10,14,14,16,16],"damage_taken":[{"damage":0,"enemies":"Jaw Worm","floor":1,"turns":1},{"damage":0,"enemies":"2 Louse","floor":3,"turns":1},{"damage":0,"enemies":"Small Slimes","floor":4,"turns":1},{"damage":24,"enemies":"Gremlin Nob","floor":7,"turns":4},{"damage":10,"enemies":"3 Louse","floor":8,"turns":4},{"damage":30,"enemies":"Lagavulin","floor":10,"turns":7},{"damage":0,"enemies":"Exordium Wildlife","floor":12,"turns":3},{"damage":32,"enemies":"Gremlin Nob","floor":14,"turns":4},{"damage":50,"enemies":"The Guardian","floor":16,"turns":8}],"seed_played":"6596280361840317604","potions_obtained":[{"floor":3,"key":"ElixirPotion"},{"floor":4,"key":"LiquidBronze"},{"floor":7,"key":"LiquidMemories"},{"floor":10,"key":"SteroidPotion"},{"floor":14,"key":"BlessingOfTheForge"}],"is_trial":false,"path_per_floor":["M","?","M","M","T","R","E","M","T","E","?","M","R","E","R","B"],"character_chosen":"IRONCLAD","items_purchased":[],"campfire_rested":1,"item_purchase_floors":[],"current_hp_per_floor":[78,75,80,80,80,80,62,58,58,41,41,47,47,21,47,0,0],"gold":307,"neow_bonus":"THREE_ENEMY_KILL","is_daily":false,"chose_seed":false,"campfire_upgraded":2,"win_rate":0.0,"timestamp":1611125626,"path_taken":["M","?","M","M","?","R","E","?","T","E","?","M","R","E","R","BOSS"],"items_purchased_type":[],"build_version":"2020-12-22","purchased_purges":0,"victory":false,"max_hp_per_floor":[80,80,80,80,80,80,80,80,80,87,87,87,87,87,87,87,87],"card_choices":[{"not_picked":["Shrug It Off","Power Through"],"picked":"Twin Strike","floor":1},{"not_picked":["Anger+1","Fire Breathing"],"picked":"Thunderclap+1","floor":3},{"not_picked":["Reckless Charge+1","Flex"],"picked":"Rage","floor":4},{"not_picked":["Intimidate","Clash+1"],"picked":"Pommel Strike+1","floor":7},{"not_picked":["Entrench","Sever Soul+1"],"picked":"Dual Wield","floor":8},{"not_picked":["Dual Wield","Flame Barrier"],"picked":"Battle Trance","floor":10},{"not_picked":["Blood for Blood+1","Pummel+1"],"picked":"Anger+1","floor":12},{"not_picked":["Brutality","Wild Strike+1"],"picked":"Anger+1","floor":14}],"player_experience":492427,"relics_obtained":[{"floor":5,"key":"Smiling Mask"},{"floor":7,"key":"Boot"},{"floor":9,"key":"Letter Opener"},{"floor":10,"key":"Strawberry"},{"floor":14,"key":"Mummified Hand"}],"event_choices":[{"damage_healed":0,"gold_gain":0,"player_choice":"Success","damage_taken":3,"relics_obtained":["Molten Egg 2"],"max_hp_gain":0,"max_hp_loss":0,"event_name":"Scrap Ooze","floor":2,"gold_loss":0},{"damage_healed":0,"gold_gain":0,"player_choice":"Ignored","damage_taken":0,"max_hp_gain":0,"max_hp_loss":0,"event_name":"Liars Game","floor":11,"gold_loss":0}],"is_beta":false,"boss_relics":[],"items_purged_floors":[],"is_endless":false,"potions_floor_spawned":[3,4,7,10,14],"killed_by":"The Guardian","ascension_level":9}}