{"host":"mydft8i2zzydgggw","time":1611157212,"event":{"mods":["AchievementEnabler","BaseMod","BetterRewards","Colored Map","Colored Powertips","DeckTracker","Keyboard Shortcuts","Minty Spire (QoL Compilation)","Rare Cards Sparkle","StSLib","SuperFastMode","everything is the same but u backflip on backflip"],"gold_per_floor":[111,111,122,136,151,151,5,19,43,43,43,118,118,138,138,234,234,244,343,343,50,49,49,67,67,112,140,60,60,76,96,96,96,96],"floor_reached":33,"language":"KOR","playtime":728,"items_purged":["Strike_B"],"score":476,"play_id":"a6d54ddc-4ad1-4cee-be6c-36206a61831c","local_time":"20210121004012","is_ascension_mode":true,"campfire_choices":[{"data":"Zap","floor":6,"key":"SMITH"},{"data":"Buffer","floor":10,"key":"SMITH"},{"floor":13,"key":"REST"},{"floor":15,"key":"REST"},{"data":"Dualcast","floor":23,"key":"SMITH"},{"data":"Go for the Eyes","floor":25,"key":"SMITH"},{"floor":29,"key":"REST"},{"floor":32,"key":"REST"}],"circlet_count":0,"master_deck":["AscendersBane","Strike_B","Strike_B","Defend_B","Defend_B","Defend_B","Defend_B","Zap+1","Dualcast+1","Go for the Eyes+1","Cold Snap","Sweeping Beam","Coolheaded+1","Buffer+1","Chaos+1","Reinforced Body+1","Ball Lightning","Reboot+1","CurseOfTheBell","Darkness+1","Coolheaded+1","Double Energy+1","Compile Driver+1","Turbo+1","Loop","Doom and Gloom+1","Stack+1","Hologram+1"],"relics":["Cracked Core","Toxic Egg 2","Runic Capacitor","Dream Catcher","Calling Bell","Ancient Tea Set","Matryoshka","CaptainsWheel","Lantern","Molten Egg 2","Juzu Bracelet","Ornamental Fan"],"acts_visited":["Exordium","TheCity"],"potions_floor_usage":[18,27,27],"damage_taken":[{"damage":1,"enemies":"Cultist","floor":1,"turns":3},{"damage":0,"enemies":"Small Slimes","floor":3,"turns":3},{"damage":0,"enemies":"2 Louse","floor":4,"turns":2},{"damage":18,"enemies":"Exordium Wildlife","floor":5,"turns":6},{"damage":8,"enemies":"Looter","floor":8,"turns":3},{"damage":0,"enemies":"Large Slime","floor":14,"turns":6},{"damage":0,"enemies":"Slime Boss","floor":16,"turns":5},{"damage":18,"enemies":"3 Byrds","floor":18,"turns":5},{"damage":7,"enemies":"2 Thieves","floor":22,"turns":4},{"damage":0,"enemies":"Shelled Parasite and Fungi","floor":24,"turns":8},{"damage":45,"enemies":"Gremlin Leader","floor":27,"turns":8},{"damage":4,"enemies":"Centurion and Healer","floor":30,"turns":6},{"damage":17,"enemies":"Snake Plant","floor":31,"turns":5},{"damage":52,"enemies":"Collector","floor":33,"turns":6}],"seed_played":"4382608595156742230","potions_obtained":[{"floor":8,"key":"Block Potion"},{"floor":14,"key":"Explosive Potion"},{"floor":18,"key":"BlessingOfTheForge"},{"floor":22,"key":"Fire Potion"},{"floor":24,"key":"DuplicationPotion"},{"floor":30,"key":"FearPotion"}],"is_trial":false,"path_per_floor":["M","T","M","M","M","R","$","M","T","R","$","?","R","M","R","B",null,"M","?","?","$","M","R","M","R","T","E","$","R","M","M","R","B"],"character_chosen":"DEFECT","items_purchased":["Runic Capacitor","Lantern","Double Energy+1","Loop"],"campfire_rested":4,"item_purchase_floors":[7,21,21,28],"current_hp_per_floor":[67,67,67,67,49,49,49,41,41,41,41,30,52,52,74,74,75,57,57,57,57,50,50,50,50,50,5,5,27,23,6,28,0,0],"gold":96,"neow_bonus":"REMOVE_CARD","is_daily":false,"chose_seed":false,"campfire_upgraded":4,"win_rate":0.0,"timestamp":1611157212,"path_taken":["M","?","?","M","M","R","$","M","T","R","?","?","R","M","R","BOSS","M","?","?","$","M","R","M","R","T","E","$","R","M","M","R","BOSS"],"items_purchased_type":["Relic","Relic","Card","Card"],"build_version":"2020-12-22","purchased_purges":1,"victory":false,"max_hp_per_floor":[75,75,75,75,75,75,75,75,75,75,75,75,75,75,75,75,75,75,75,75,75,75,75,75,75,75,75,75,75,75,75,75,75,75],"card_choices":[{"not_picked":["Conserve Battery","Beam Cell"],"picked":"Go for the Eyes","floor":1},{"not_picked":["Sunder","Streamline"],"picked":"Cold Snap","floor":3},{"not_picked":["Ball Lightning","Beam Cell"],"picked":"Sweeping Beam","floor":4},{"not_picked":["Redo+1","Leap+1"],"picked":"Coolheaded+1","floor":5},{"not_picked":["Compile Driver","Rebound"],"picked":"Buffer","floor":8},{"not_picked":["Steam Power+1","Barrage"],"picked":"Chaos+1","floor":13},{"not_picked":["Compile Driver","Turbo+1"],"picked":"Reinforced Body+1","floor":14},{"not_picked":["Capacitor","Hello World"],"picked":"Ball Lightning","floor":15},{"not_picked":["Buffer","Multi-Cast+1"],"picked":"Reboot+1","floor":16},{"not_picked":["Conserve Battery+1","Sweeping Beam+1"],"picked":"Darkness+1","floor":18},{"not_picked":["Darkness+1","Double Energy+1","Steam Power+1"],"picked":"SKIP","floor":22},{"not_picked":["Auto Shields+1","Cold Snap"],"picked":"Compile Driver+1","floor":24},{"not_picked":["Sweeping Beam+1","Beam Cell+1"],"picked":"Turbo+1","floor":27},{"not_picked":["Coolheaded+1","Machine Learning"],"picked":"Doom and Gloom+1","floor":29},{"not_picked":["Cold Snap+1","Compile Driver+1"],"picked":"Stack+1","floor":30},{"not_picked":["Buffer","Darkness+1"],"picked":"Hologram+1","floor":31}],"player_experience":188516,"relics_obtained":[{"floor":2,"key":"Toxic Egg 2"},{"floor":9,"key":"Dream Catcher"},{"floor":17,"key":"Ancient Tea Set"},{"floor":17,"key":"Matryoshka"},{"floor":17,"key":"CaptainsWheel"},{"floor":26,"key":"Molten Egg 2"},{"floor":26,"key":"Juzu Bracelet"},{"floor":27,"key":"Ornamental Fan"}],"event_choices":[{"damage_healed":0,"gold_gain":75,"player_choice":"Gather Gold","damage_taken":11,"max_hp_gain":0,"max_hp_loss":0,"event_name":"World of Goop","floor":12,"gold_loss":0},{"damage_healed":0,"gold_gain":99,"player_choice":"Stole From Cult","damage_taken":0,"max_hp_gain":0,"max_hp_loss":0,"event_name":"Nest","floor":19,"gold_loss":0},{"damage_healed":0,"gold_gain":0,"player_choice":"Read","damage_taken":0,"max_hp_gain":0,"max_hp_loss":0,"event_name":"The Library","floor":20,"gold_loss":0,"cards_obtained":["Coolheaded"]}],"is_beta":false,"boss_relics":[{"not_picked":["SlaversCollar","Runic Pyramid"],"picked":"Calling Bell"}],"items_purged_floors":[21],"is_endless":false,"potions_floor_spawned":[8,14,18,22,24,30],"killed_by":"Collector","ascension_level":11}}