{"host":"vfh4a5lsno7fg1vy","time":1611131911,"event":{"mods":["BaseMod","Minty Spire (QoL Compilation)","StSLib","Synergy Search"],"gold_per_floor":[117,133,133,35,35,35,52,52,134,134,134,134,155,175,175,296,296,309,328,0,0,0],"floor_reached":21,"language":"KOR","playtime":718,"items_purged":["Regret"],"score":186,"play_id":"745da21e-5af9-4c6d-9048-49068eedc70b","local_time":"20210120173831","is_ascension_mode":true,"campfire_choices":[{"data":"Heavy Blade","floor":6,"key":"SMITH"},{"data":"Dual Wield","floor":8,"key":"SMITH"},{"data":"Inflame","floor":10,"key":"SMITH"},{"floor":15,"key":"REST"}],"circlet_count":0,"master_deck":["Strike_R","Strike_R","Strike_R","Strike_R","Strike_R","Defend_R","Defend_R","Defend_R","Defend_R","Bash","Blind","Wild Strike","Inflame+1","Heavy Blade+1","True Grit+1","Dual Wield+1","Injury","Clothesline","Metallicize","Feed","Disarm","Flex","Battle Trance","Bludgeon","Anger","Demon Form","Warcry+1"],"relics":["Burning Blood","Happy Flower","InkBottle","Golden Idol","Black Star","Orrery"],"acts_visited":["Exordium","TheCity"],"potions_floor_usage":[16,16],"damage_taken":[{"damage":17,"enemies":"Jaw Worm","floor":1,"turns":3},{"damage":16,"enemies":"2 Louse","floor":2,"turns":3},{"damage":1,"enemies":"Cultist","floor":7,"turns":3},{"damage":22,"enemies":"2 Fungi Beasts","floor":13,"turns":4},{"damage":22,"enemies":"Exordium Thugs","floor":14,"turns":5},{"damage":31,"enemies":"Slime Boss","floor":16,"turns":11},{"damage":29,"enemies":"Spheric Guardian","floor":18,"turns":5},{"damage":47,"enemies":"2 Thieves","floor":19,"turns":4},{"damage":18,"enemies":"Snecko","floor":21,"turns":5}],"seed_played":"-6211590096383024555","potions_obtained":[{"floor":7,"key":"Strength Potion"},{"floor":13,"key":"PowerPotion"},{"floor":19,"key":"Ancient Potion"}],"is_trial":false,"path_per_floor":["M","M","?","$","$","R","M","R","T","R","?","?","M","M","R","B",null,"M","M","$","M"],"character_chosen":"IRONCLAD","items_purchased":["Heavy Blade","True Grit","Orrery","FairyPotion"],"campfire_rested":1,"item_purchase_floors":[4,4,20,20],"current_hp_per_floor":[69,59,59,59,59,59,64,64,64,64,64,64,48,32,56,31,80,57,16,16,24,24],"gold":0,"neow_bonus":"RANDOM_COLORLESS","is_daily":false,"chose_seed":false,"campfire_upgraded":3,"win_rate":0.0,"timestamp":1611131911,"path_taken":["M","M","?","?","$","R","M","R","T","R","?","?","M","M","R","BOSS","M","?","$","M"],"items_purchased_type":["Card","Card","Relic","Potion"],"build_version":"2020-12-22","purchased_purges":1,"victory":false,"max_hp_per_floor":[80,80,80,80,80,80,80,80,80,80,80,80,80,80,80,80,80,80,80,80,80,80],"card_choices":[{"not_picked":["Good Instincts","Mind Blast"],"picked":"Blind","floor":0},{"not_picked":["Clothesline","Headbutt"],"picked":"Wild Strike","floor":1},{"not_picked":["Perfected Strike","Wild Strike"],"picked":"Inflame","floor":2},{"not_picked":["Reckless Charge","Shrug It Off"],"picked":"Dual Wield","floor":7},{"not_picked":["Evolve","Twin Strike"],"picked":"Clothesline","floor":13},{"not_picked":["Pommel Strike","Second Wind"],"picked":"Metallicize","floor":14},{"not_picked":["Impervious","Berserk"],"picked":"Feed","floor":16},{"not_picked":["Warcry","Ghostly Armor"],"picked":"Disarm","floor":18},{"not_picked":["Dark Embrace","Headbutt"],"picked":"Flex","floor":19},{"not_picked":["Burning Pact","Dual Wield"],"picked":"Battle Trance","floor":20},{"not_picked":["Bloodletting","Body Slam"],"picked":"Bludgeon","floor":20},{"not_picked":["Twin Strike","Metallicize"],"picked":"Anger","floor":20},{"not_picked":["Seeing Red","Rupture"],"picked":"Demon Form","floor":20},{"not_picked":["Searing Blow","Pummel"],"picked":"Warcry+1","floor":20}],"player_experience":207855,"relics_obtained":[{"floor":9,"key":"InkBottle"}],"event_choices":[{"damage_healed":0,"gold_gain":0,"player_choice":"Box","damage_taken":0,"relics_obtained":["Happy Flower"],"max_hp_gain":0,"max_hp_loss":0,"event_name":"Big Fish","floor":3,"gold_loss":0,"cards_obtained":["Regret"]},{"damage_healed":0,"gold_gain":0,"player_choice":"Take Wound","damage_taken":0,"relics_obtained":["Golden Idol"],"max_hp_gain":0,"max_hp_loss":0,"event_name":"Golden Idol","floor":11,"gold_loss":0,"cards_obtained":["Injury"]},{"damage_healed":0,"gold_gain":0,"player_choice":"Upgraded","damage_taken":0,"max_hp_gain":0,"max_hp_loss":0,"event_name":"Upgrade Shrine","floor":12,"gold_loss":0,"cards_upgraded":["True Grit"]}],"is_beta":false,"boss_relics":[{"not_picked":["Runic Dome","Mark of Pain"],"picked":"Black Star"}],"items_purged_floors":[20],"is_endless":false,"potions_floor_spawned":[7,13,19],"killed_by":"Snecko","ascension_level":2}}