{"host":"70zhvo5nwrhp1mbg","time":1611120319,"event":{"mods":["BaseMod","Colored Map","Colored Powertips","Filter the Spire","Highlight Path","Minty Spire (QoL Compilation)","Rare Cards Sparkle","StSLib"],"gold_per_floor":[112,128,147,157,169,169,194,194,194,220,220,230,244,277,277,277,277],"floor_reached":16,"language":"ENG","playtime":1099,"items_purged":[],"score":161,"play_id":"571adb55-d13e-497b-bbc8-c8ea07beaa7f","local_time":"20210120002519","is_ascension_mode":true,"campfire_choices":[{"data":"Infernal Blade","floor":6,"key":"SMITH"},{"floor":11,"key":"REST"},{"data":"Shrug It Off","floor":15,"key":"SMITH"}],"circlet_count":0,"master_deck":["Strike_R","Strike_R","Strike_R","Strike_R","Strike_R","Defend_R","Defend_R","Defend_R","Defend_R","Bash","Heavy Blade","Headbutt","Shrug It Off+1","Anger","Infernal Blade+1","Disarm","Sword Boomerang","Thunderclap","Headbutt"],"relics":["Burning Blood","Mercury Hourglass","Meat on the Bone","Blue Candle","Mummified Hand"],"acts_visited":["Exordium"],"potions_floor_usage":[7,10,10,14,16],"damage_taken":[{"damage":6,"enemies":"Jaw Worm","floor":1,"turns":5},{"damage":1,"enemies":"Cultist","floor":2,"turns":4},{"damage":0,"enemies":"2 Louse","floor":3,"turns":3},{"damage":18,"enemies":"Exordium Thugs","floor":4,"turns":6},{"damage":5,"enemies":"2 Fungi Beasts","floor":5,"turns":4},{"damage":42,"enemies":"3 Sentries","floor":7,"turns":11},{"damage":10,"enemies":"Gremlin Nob","floor":10,"turns":4},{"damage":9,"enemies":"Looter","floor":12,"turns":2},{"damage":0,"enemies":"3 Louse","floor":13,"turns":2},{"damage":24,"enemies":"Lagavulin","floor":14,"turns":5},{"damage":64,"enemies":"The Guardian","floor":16,"turns":11}],"seed_played":"-8500040389485817511","potions_obtained":[{"floor":1,"key":"Swift Potion"},{"floor":5,"key":"Dexterity Potion"},{"floor":7,"key":"BloodPotion"},{"floor":8,"key":"Block Potion"},{"floor":14,"key":"Block Potion"}],"is_trial":false,"path_per_floor":["M","M","M","M","M","R","E","?","T","E","R","M","M","E","R","B"],"character_chosen":"IRONCLAD","items_purchased":[],"campfire_rested":1,"item_purchase_floors":[],"current_hp_per_floor":[72,77,80,68,69,69,33,33,33,57,80,77,80,62,62,0,0],"gold":277,"neow_bonus":"THREE_CARDS","is_daily":false,"chose_seed":false,"campfire_upgraded":2,"win_rate":0.0,"timestamp":1611120319,"path_taken":["M","M","M","M","M","R","E","?","T","E","R","?","M","E","R","BOSS"],"items_purchased_type":[],"build_version":"2020-12-22","purchased_purges":0,"victory":false,"max_hp_per_floor":[80,80,80,80,80,80,80,80,80,80,80,80,80,80,80,80,80],"card_choices":[{"not_picked":["Sword Boomerang","Intimidate"],"picked":"Heavy Blade","floor":0},{"not_picked":["Evolve","Heavy Blade"],"picked":"Headbutt","floor":1},{"not_picked":["Flex","Pommel Strike"],"picked":"Shrug It Off","floor":2},{"not_picked":["Warcry","Sword Boomerang"],"picked":"Anger","floor":3},{"not_picked":["Clash","Warcry"],"picked":"Infernal Blade","floor":4},{"not_picked":["Headbutt","Flex"],"picked":"Disarm","floor":5},{"not_picked":["Brutality","Warcry"],"picked":"Sword Boomerang","floor":7},{"not_picked":["Sentinel","Clothesline"],"picked":"Thunderclap","floor":10},{"not_picked":["Clash","Heavy Blade","Wild Strike"],"picked":"SKIP","floor":12},{"not_picked":["Fiend Fire","Wild Strike"],"picked":"Headbutt","floor":13},{"not_picked":["Hemokinesis","Body Slam","Armaments"],"picked":"SKIP","floor":14}],"player_experience":396321,"relics_obtained":[{"floor":7,"key":"Mercury Hourglass"},{"floor":9,"key":"Meat on the Bone"},{"floor":10,"key":"Blue Candle"},{"floor":14,"key":"Mummified Hand"}],"event_choices":[{"damage_healed":0,"gold_gain":0,"player_choice":"Got Potions","damage_taken":0,"max_hp_gain":0,"max_hp_loss":0,"event_name":"Lab","floor":8,"gold_loss":0}],"is_beta":false,"boss_relics":[],"items_purged_floors":[],"is_endless":false,"potions_floor_spawned":[1,5,7,14],"killed_by":"The Guardian","ascension_level":6}}