{"host":"7hbmip3dtj2c23uv","time":1611137925,"event":{"mods":["BaseMod","Colored Map","Downfall","Gremlin Mod","Hermit","Marisa????????","Minty Spire (QoL Compilation)","SOS???????","StSLib","Td1madao Mod","The Cursed","The IronCluck","The Necromancer","The Servant 0.9.4","The Vixen","Waifu the Spire","everything is the same but u backflip on backflip"],"gold_per_floor":[109,109,109,124,40,74,84,84,84,84,95,115,65,76,76,180,180,198,198,198,213,230,265,265,279,304,323,354,369,387,405,405,500,550,569,584,634,702,35,68,83,93,117,117,131,151,176,191,191,191],"floor_reached":51,"language":"ENG","playtime":6626,"items_purged":["Strike_G"],"score":832,"play_id":"636146f6-55c9-46a9-a197-e7265ed82576","local_time":"20210120111845","is_ascension_mode":false,"campfire_choices":[{"floor":8.0,"key":"REST"},{"floor":15.0,"key":"REST"},{"data":"Venomology","floor":24.0,"key":"SMITH"},{"floor":32,"key":"REST"},{"data":"1","floor":44,"key":"LIFT"},{"data":"Tactician","floor":49,"key":"SMITH"}],"circlet_count":0,"master_deck":["Defend_G","Defend_G","Defend_G+1","Defend_G","Survivor","Neutralize","Calculated Gamble+1","Footwork","Prepared+1","Terror","Flying Knee+1","PiercingWail","Tactician+1","Poisoned Stab","Tools of the Trade+1","Unload","Escape Plan+1","Masterful Stab+1","After Image+1","Dodge and Roll","Skewer","Backflip","Venomology+1","Expertise","Backflip+1","After Image","Dagger Throw+1","Die Die Die","Prepared+1","Adrenaline","Footwork","Footwork+1","Flechettes+1","Distraction+1","Reflex+1"],"relics":["Runic Pyramid","Letter Opener","Strawberry","TungstenRod","Ornamental Fan","Astrolabe","Anchor","Dream Catcher","Eternal Feather","Tiny House","Girya","Darkstone Periapt","Strange Spoon","Question Card","Whetstone","War Paint","Snake Skull"],"acts_visited":["TheBeyond"],"potions_floor_usage":[29,30,33,33,33,33,36,36,37,37,40,40,40,41,42,42,45,46,46,46,47,48,48,50,50,50,50,50,50,50],"damage_taken":[{"damage":0.0,"enemies":"Small Slimes","floor":1.0,"turns":4.0},{"damage":5.0,"enemies":"Cultist","floor":4.0,"turns":6.0},{"damage":50.0,"enemies":"Gremlin Nob","floor":6.0,"turns":6.0},{"damage":0.0,"enemies":"2 Louse","floor":7.0,"turns":3.0},{"damage":0.0,"enemies":"Large Slime","floor":11.0,"turns":6.0},{"damage":4.0,"enemies":"Lots of Slimes","floor":12.0,"turns":3.0},{"damage":3.0,"enemies":"Gremlin Gang","floor":14.0,"turns":4.0},{"damage":9.0,"enemies":"Slime Boss","floor":16.0,"turns":17.0},{"damage":18.0,"enemies":"Chosen","floor":18.0,"turns":6.0},{"damage":0.0,"enemies":"3 Byrds","floor":21.0,"turns":6.0},{"damage":11.0,"enemies":"Shelled Parasite and Fungi","floor":22.0,"turns":8.0},{"damage":18.0,"enemies":"Gremlin Leader","floor":23.0,"turns":12.0},{"damage":0.0,"enemies":"Snake Plant","floor":25.0,"turns":5.0},{"damage":0.0,"enemies":"Centurion and Healer","floor":27.0,"turns":6.0},{"damage":0.0,"enemies":"Book of Stabbing","floor":28.0,"turns":7.0},{"damage":0,"enemies":"Cultist and Chosen","floor":29,"turns":5},{"damage":14,"enemies":"Snecko","floor":30,"turns":4},{"damage":2,"enemies":"Snake Plant","floor":31,"turns":6},{"damage":0,"enemies":"Automaton","floor":33,"turns":11},{"damage":7,"enemies":"Orb Walker","floor":35,"turns":4},{"damage":0,"enemies":"3 Shapes","floor":36,"turns":5},{"damage":0,"enemies":"Mind Bloom Boss Battle","floor":37,"turns":8},{"damage":0,"enemies":"Giant Head","floor":40,"turns":9},{"damage":0,"enemies":"Transient","floor":41,"turns":5},{"damage":27,"enemies":"Jaw Worm Horde","floor":42,"turns":8},{"damage":4,"enemies":"4 Shapes","floor":45,"turns":6},{"damage":0,"enemies":"3 Darklings","floor":46,"turns":4},{"damage":12,"enemies":"Nemesis","floor":47,"turns":9},{"damage":5,"enemies":"Sphere and 2 Shapes","floor":48,"turns":7},{"damage":5,"enemies":"Donu and Deca","floor":50,"turns":8}],"seed_played":"-620361435661046236","potions_obtained":[{"floor":6.0,"key":"BlessingOfTheForge"},{"floor":12.0,"key":"Energy Potion"},{"floor":16.0,"key":"Fire Potion"},{"floor":21.0,"key":"Regen Potion"},{"floor":25.0,"key":"Strength Potion"},{"floor":27.0,"key":"PowerPotion"},{"floor":33,"key":"ColorlessPotion"},{"floor":34,"key":"DuplicationPotion"},{"floor":37,"key":"Regen Potion"}],"is_trial":false,"path_per_floor":["M","?","?","M","$","E","M","R","T","?","M","M","$","M","R","B",null,"M","?","?","M","M","E","R","M","T","M","E","M","M","M","R","B",null,"M","M","?","T","$","E","M","M","T","R","M","M","E","M","R","B",null],"character_chosen":"THE_SILENT","items_purchased":["Footwork","Prepared","Poisoned Stab","Adrenaline","Strange Spoon","Question Card","Footwork"],"campfire_rested":3,"item_purchase_floors":[5,5,13,39,39,39,39],"current_hp_per_floor":[70,63,70,65,65,15,15,38,38,24,24,20,20,17,40,31,77,59,59,59,59,48,44,44,44,44,44,44,44,30,28,66,66,82,75,75,75,75,75,75,75,63,63,81,77,77,65,60,81,76],"gold":191,"neow_bonus":"BOSS_RELIC","is_daily":false,"chose_seed":false,"campfire_upgraded":2,"win_rate":0.0,"timestamp":1611137925,"path_taken":["M","?","?","?","$","E","M","R","T","?","M","M","$","M","R","BOSS","M","?","?","?","M","E","R","M","T","M","E","M","?","M","R","BOSS","M","M","?","?","$","E","M","M","T","R","M","M","E","M","R","BOSS"],"items_purchased_type":["Card","Card","Card","Card","Relic","Relic","Card"],"build_version":"2020-12-22","purchased_purges":1,"victory":true,"max_hp_per_floor":[70,70,77,77,77,77,77,77,77,77,77,77,77,77,77,77,77,77,77,77,77,77,77,77,77,77,77,77,77,77,77,77,77,82,82,82,82,82,82,82,82,82,82,82,82,82,82,82,82,82],"card_choices":[{"not_picked":["Underhanded Strike","Masterful Stab"],"picked":"Outmaneuver","floor":1.0},{"not_picked":["Deadly Poison","Acrobatics"],"picked":"Calculated Gamble","floor":4.0},{"not_picked":["Slice","Acrobatics"],"picked":"Terror","floor":6.0},{"not_picked":["Deadly Poison","Underhanded Strike"],"picked":"Flying Knee","floor":7.0},{"not_picked":["Terror","All Out Attack"],"picked":"PiercingWail","floor":11.0},{"not_picked":["Infinite Blades","Choke"],"picked":"Tactician","floor":12.0},{"not_picked":["Slice","Caltrops"],"picked":"Tools of the Trade","floor":14.0},{"not_picked":["Malaise","Adrenaline"],"picked":"Unload","floor":16.0},{"not_picked":["Dagger Throw","All Out Attack","Deflect"],"picked":"SKIP","floor":18.0},{"not_picked":["Flechettes","Slice"],"picked":"Backflip","floor":21.0},{"not_picked":["Sucker Punch","Flying Knee+1","Infinite Blades"],"picked":"SKIP","floor":22.0},{"not_picked":["Distraction","Deadly Poison"],"picked":"Venomology","floor":23.0},{"not_picked":["Dagger Throw","Leg Sweep"],"picked":"Expertise","floor":25.0},{"not_picked":["Escape Plan","Poisoned Stab"],"picked":"Backflip+1","floor":27.0},{"not_picked":["Dash","Acrobatics","Flechettes+1"],"picked":"SKIP","floor":28.0},{"not_picked":["Blade Dance+1","Endless Agony+1","Outmaneuver"],"picked":"SKIP","floor":29},{"not_picked":["Dash+1","PiercingWail","Sucker Punch"],"picked":"SKIP","floor":30},{"not_picked":["Quick Slash","Backflip"],"picked":"After Image","floor":31},{"not_picked":["Flying Knee","Blade Dance"],"picked":"Dagger Throw","floor":32},{"not_picked":["Wraith Form v2","A Thousand Cuts"],"picked":"Die Die Die","floor":33},{"not_picked":["Crippling Poison","Deflect"],"picked":"Prepared+1","floor":34},{"not_picked":["Blade Dance+1","Poisoned Stab","Dagger Throw"],"picked":"SKIP","floor":35},{"not_picked":["Endless Agony","Predator+1","Dagger Spray+1"],"picked":"SKIP","floor":36},{"not_picked":["Deflect+1","Poisoned Stab+1","Underhanded Strike","PiercingWail"],"picked":"SKIP","floor":40},{"not_picked":["Dodge and Roll","Dagger Throw","Flying Knee+1","Escape Plan"],"picked":"SKIP","floor":41},{"not_picked":["Caltrops+1","PiercingWail+1","Burst"],"picked":"Footwork+1","floor":42},{"not_picked":["Deadly Poison+1","Flying Knee","Quick Slash+1"],"picked":"Flechettes+1","floor":45},{"not_picked":["Dash","Deadly Poison+1","Poisoned Stab+1"],"picked":"Distraction+1","floor":46},{"not_picked":["Outmaneuver+1","Flying Knee+1","Sucker Punch+1","Blade Dance+1"],"picked":"SKIP","floor":47},{"not_picked":["Deadly Poison","Distraction+1","Backflip"],"picked":"Reflex+1","floor":48}],"player_experience":15046,"relics_obtained":[{"floor":6.0,"key":"TungstenRod"},{"floor":9.0,"key":"Ornamental Fan"},{"floor":23.0,"key":"Anchor"},{"floor":26.0,"key":"Dream Catcher"},{"floor":28.0,"key":"Eternal Feather"},{"floor":37,"key":"Girya"},{"floor":38,"key":"Darkstone Periapt"},{"floor":40,"key":"Whetstone"},{"floor":43,"key":"War Paint"},{"floor":47,"key":"Snake Skull"}],"event_choices":[{"damage_healed":0.0,"max_hp_gain":0.0,"max_hp_loss":0.0,"gold_gain":0.0,"event_name":"Scrap Ooze","player_choice":"Success","floor":2.0,"gold_loss":0.0,"damage_taken":7.0,"relics_obtained":["Letter Opener"]},{"cards_removed":["Outmaneuver"],"damage_healed":0.0,"max_hp_gain":0.0,"max_hp_loss":0.0,"gold_gain":0.0,"event_name":"WeMeetAgain","player_choice":"Gave Card","floor":3.0,"gold_loss":0.0,"damage_taken":0.0,"relics_obtained":["Strawberry"]},{"damage_healed":0.0,"max_hp_gain":0.0,"max_hp_loss":0.0,"gold_gain":0.0,"event_name":"Shining Light","player_choice":"Entered Light","floor":10.0,"gold_loss":0.0,"damage_taken":15.0,"cards_upgraded":["Calculated Gamble","Defend_G"]},{"damage_healed":0.0,"max_hp_gain":0.0,"max_hp_loss":0.0,"gold_gain":0.0,"cards_transformed":["Strike_G","Strike_G"],"event_name":"Drug Dealer","player_choice":"Became Test Subject","floor":19.0,"gold_loss":0.0,"damage_taken":0.0,"cards_obtained":["Dodge and Roll","Skewer"]},{"damage_healed":0.0,"max_hp_gain":0.0,"max_hp_loss":0.0,"gold_gain":0.0,"event_name":"NoteForYourself","player_choice":"Ignored","floor":20.0,"gold_loss":0.0,"damage_taken":0.0},{"damage_healed":0,"gold_gain":0,"player_choice":"Fight","damage_taken":0,"max_hp_gain":0,"max_hp_loss":0,"event_name":"MindBloom","floor":37,"gold_loss":0}],"is_beta":false,"boss_relics":[{"not_picked":["Coffee Dripper","SacredBark"],"picked":"Astrolabe"},{"not_picked":["Fusion Hammer","WristBlade"],"picked":"Tiny House"}],"items_purged_floors":[39],"is_endless":false,"potions_floor_spawned":[6,12,16,21,25,27,31,33,36,37,42,45],"ascension_level":0}}