{"host":"b5ofb9azpmwqws3x","time":1611137774,"event":{"mods":["BaseMod","Minty Spire (QoL Compilation)"],"gold_per_floor":[113,132,132,145,162,162,190,190,190,190,190,204,240,265,265,389,389,405,405,418,19,43,86,106,106,106],"floor_reached":25,"language":"ENG","playtime":893,"items_purged":[],"score":306,"play_id":"36378cfa-1fab-41bf-a726-e13122192f7e","local_time":"20210120131614","is_ascension_mode":true,"campfire_choices":[{"floor":6,"key":"REST"},{"floor":8,"key":"REST"},{"floor":15,"key":"REST"}],"circlet_count":0,"master_deck":["Strike_G","Strike_G","Strike_G","Strike_G","Strike_G","Defend_G","Defend_G","Defend_G","Defend_G","Defend_G","Survivor","Neutralize","Poisoned Stab","Caltrops","Dash+1","A Thousand Cuts+1","All Out Attack","Adrenaline","PiercingWail","Bane+1"],"relics":["Ring of the Snake","Calipers","Frozen Egg 2","Golden Idol","Meat on the Bone","Fusion Hammer","MutagenicStrength","Oddly Smooth Stone","Pantograph","Girya"],"acts_visited":["Exordium","TheCity"],"potions_floor_usage":[5,7,16,23,23,25],"damage_taken":[{"damage":9,"enemies":"Cultist","floor":1,"turns":5},{"damage":0,"enemies":"Small Slimes","floor":2,"turns":3},{"damage":1,"enemies":"2 Louse","floor":4,"turns":2},{"damage":1,"enemies":"Looter","floor":5,"turns":4},{"damage":37,"enemies":"Lagavulin","floor":7,"turns":6},{"damage":9,"enemies":"Exordium Wildlife","floor":12,"turns":4},{"damage":7,"enemies":"3 Sentries","floor":13,"turns":6},{"damage":0,"enemies":"Red Slaver","floor":14,"turns":5},{"damage":48,"enemies":"Hexaghost","floor":16,"turns":12},{"damage":5,"enemies":"Chosen","floor":18,"turns":5},{"damage":24,"enemies":"2 Thieves","floor":20,"turns":4},{"damage":12,"enemies":"Snecko","floor":22,"turns":5},{"damage":18,"enemies":"Book of Stabbing","floor":23,"turns":4},{"damage":19,"enemies":"Sentry and Sphere","floor":24,"turns":5},{"damage":47,"enemies":"Gremlin Leader","floor":25,"turns":6}],"seed_played":"1723458468236976916","potions_obtained":[{"floor":2,"key":"Fire Potion"},{"floor":4,"key":"Explosive Potion"},{"floor":7,"key":"GamblersBrew"},{"floor":12,"key":"BlessingOfTheForge"},{"floor":16,"key":"Poison Potion"},{"floor":18,"key":"Poison Potion"},{"floor":23,"key":"Block Potion"}],"is_trial":false,"path_per_floor":["M","M","$","M","M","R","E","R","T","?","?","M","E","M","R","B",null,"M","?","M","$","M","E","M","E"],"character_chosen":"THE_SILENT","items_purchased":["Oddly Smooth Stone","Pantograph"],"campfire_rested":3,"item_purchase_floors":[21,21],"current_hp_per_floor":[61,61,61,60,59,77,40,63,63,63,44,35,28,40,63,27,65,60,60,48,48,48,42,35,0,0],"gold":106,"neow_bonus":"TEN_PERCENT_HP_BONUS","is_daily":false,"chose_seed":false,"campfire_upgraded":0,"win_rate":0.0,"timestamp":1611137774,"path_taken":["M","M","?","M","M","R","E","R","T","?","?","M","E","M","R","BOSS","M","?","M","$","M","E","M","E"],"items_purchased_type":["Relic","Relic"],"build_version":"2020-12-22","purchased_purges":0,"victory":false,"max_hp_per_floor":[77,77,77,77,77,77,77,77,77,77,77,77,77,77,77,77,77,77,77,77,77,77,77,77,77,77],"card_choices":[{"not_picked":["Backflip","Prepared"],"picked":"Poisoned Stab","floor":1},{"not_picked":["Dodge and Roll","Poisoned Stab"],"picked":"Caltrops","floor":2},{"not_picked":["Poisoned Stab","Crippling Poison"],"picked":"Dash","floor":4},{"not_picked":["Poisoned Stab","Acrobatics","Outmaneuver"],"picked":"SKIP","floor":5},{"not_picked":["Underhanded Strike","Backflip","Accuracy"],"picked":"SKIP","floor":7},{"not_picked":["Bane","Prepared"],"picked":"A Thousand Cuts+1","floor":12},{"not_picked":["Quick Slash","Sucker Punch","Prepared"],"picked":"SKIP","floor":13},{"not_picked":["Dagger Throw","Blur"],"picked":"All Out Attack","floor":14},{"not_picked":["Venomology","A Thousand Cuts+1"],"picked":"Adrenaline","floor":16},{"not_picked":["Bane","Skewer"],"picked":"PiercingWail","floor":18},{"not_picked":["Dodge and Roll","Flying Knee","Poisoned Stab+1"],"picked":"SKIP","floor":20},{"not_picked":["Deflect+1","Outmaneuver","Underhanded Strike"],"picked":"SKIP","floor":22},{"not_picked":["Calculated Gamble","Flying Knee"],"picked":"Bane+1","floor":23},{"not_picked":["Accuracy+1","Dagger Throw","Flechettes"],"picked":"SKIP","floor":24}],"player_experience":264992,"relics_obtained":[{"floor":7,"key":"Calipers"},{"floor":9,"key":"Frozen Egg 2"},{"floor":13,"key":"Meat on the Bone"},{"floor":23,"key":"Girya"}],"event_choices":[{"damage_healed":0,"gold_gain":0,"player_choice":"Grow","damage_taken":0,"max_hp_gain":0,"max_hp_loss":0,"event_name":"Living Wall","floor":10,"gold_loss":0,"cards_upgraded":["Dash"]},{"damage_healed":0,"gold_gain":0,"player_choice":"Take Damage","damage_taken":19,"relics_obtained":["Golden Idol"],"max_hp_gain":0,"max_hp_loss":0,"event_name":"Golden Idol","floor":11,"gold_loss":0},{"damage_healed":0,"gold_gain":0,"player_choice":"Inject Mutagens","damage_taken":0,"relics_obtained":["MutagenicStrength"],"max_hp_gain":0,"max_hp_loss":0,"event_name":"Drug Dealer","floor":19,"gold_loss":0}],"is_beta":false,"boss_relics":[{"not_picked":["Cursed Key","Empty Cage"],"picked":"Fusion Hammer"}],"items_purged_floors":[],"is_endless":false,"potions_floor_spawned":[2,4,7,12,16,18,23],"killed_by":"Gremlin Leader","ascension_level":6}}