{"host":"xt797mi8yhee06c1","time":1611168079,"event":{"mods":["100% Spire Juice","BaseMod","Bestiary","Koishi","Marisa£¨Ùöéë¡¡Øª×âÞÞ£©","Minty Spire (QoL Compilation)","Poor People Problems","Prisma Mod","Relic Filter","Shop Mod","Spicy Shops","StSLib","WarShipGirlsR/??á´Ò³R mod"],"gold_per_floor":[116,132,132,132,144,179,195,195,264,1,32,44,56,79,91,198,210,222,245,275,287,287],"floor_reached":21,"language":"KOR","playtime":1713,"items_purged":[],"score":191,"play_id":"d11210a7-1bc8-4932-95dc-1580eaa5dbda","local_time":"20210121034119","is_ascension_mode":false,"campfire_choices":[{"data":"PrismaMod:MiyuOrbIncreasePerm","floor":8.0,"key":"SMITH"},{"data":"PrismaMod:MiyuUberDefend","floor":13.0,"key":"SMITH"},{"data":"PrismaMod:MiyuOrbIncreasePerm","floor":15.0,"key":"SMITH"}],"circlet_count":0,"master_deck":["PrismaMod:MiyuCheapChannelAttack","PrismaMod:MiyuCheapChannelDefend","PrismaMod:MiyuCheapDefend1","PrismaMod:MiyuCheapDefend1","PrismaMod:MiyuDefenseExplosion","PrismaMod:MiyuUncommonStrBuff","PrismaMod:MiyuOrbIncreasePerm+1","PrismaMod:MiyuDefenseRemoval","PrismaMod:MiyuUncommonStrBuff","PrismaMod:MiyuUberDefend+1","PrismaMod:MiyuEvokeAllDefend","PrismaMod:MiyuCheapAttack1","Dark Shackles","PrismaMod:MiyuOrbIncreasePerm+1","PrismaMod:MiyuCheapChannelDefend","PrismaMod:MiyuCheapChannelAttack","PrismaMod:MiyuDefendChannelDefend","PrismaMod:MiyuCheapAttack2","PrismaMod:MiyuCheapChannelRandom","PrismaMod:MiyuDefenseExplosion","PrismaMod:MiyuCheapPlate","PrismaMod:MiyuCheapChannelDefend","PrismaMod:MiyuUberAOEAttack","PrismaMod:MiyuCheapEvoke","PrismaMod:MiyuCheapAttack2","PrismaMod:MiyuEvokeCheapDefend","PrismaMod:MiyuEvokeBuffDex","PrismaMod:MiyuUncommonDexBuff+1"],"relics":["PrismaMod:PrismaSapphire","NeowsBlessing","Ginger","Tiny Chest","Sundial","Membership Card","Membership Card","Bag of Marbles","MawBank","Pandora\u0027s Box"],"acts_visited":["Exordium","TheCity"],"potions_floor_usage":[18],"damage_taken":[{"damage":0.0,"enemies":"Small Slimes","floor":1.0,"turns":1.0},{"damage":0.0,"enemies":"Jaw Worm","floor":2.0,"turns":1.0},{"damage":0.0,"enemies":"Cultist","floor":5.0,"turns":1.0},{"damage":9.0,"enemies":"3 Sentries","floor":6.0,"turns":8.0},{"damage":3.0,"enemies":"Looter","floor":7.0,"turns":4.0},{"damage":18.0,"enemies":"Gremlin Nob","floor":11.0,"turns":6.0},{"damage":0.0,"enemies":"Large Slime","floor":14.0,"turns":9.0},{"damage":10.0,"enemies":"Slime Boss","floor":16.0,"turns":11.0},{"damage":0,"enemies":"2 Thieves","floor":18,"turns":1},{"damage":23,"enemies":"Shell Parasite","floor":19,"turns":7},{"damage":0,"enemies":"Centurion and Healer","floor":20,"turns":16},{"damage":27,"enemies":"Masked Bandits","floor":21,"turns":6}],"seed_played":"3808750028692810488","potions_obtained":[{"floor":1.0,"key":"FearPotion"},{"floor":6.0,"key":"SmokeBomb"},{"floor":7.0,"key":"SpeedPotion"},{"floor":19,"key":"FearPotion"}],"is_trial":false,"path_per_floor":["M","M","?","T","M","E","M","R","T","$","E","?","R","M","R","B",null,"M","M","M","?"],"character_chosen":"MIYU","items_purchased":["Membership Card","Membership Card","Bag of Marbles","PrismaMod:MiyuUncommonStrBuff"],"campfire_rested":0,"item_purchase_floors":[10,10,10,10],"current_hp_per_floor":[75,75,75,75,75,66,63,63,63,63,45,45,45,45,45,35,75,75,52,52,25,25],"gold":287,"neow_bonus":"THREE_ENEMY_KILL","is_daily":false,"chose_seed":false,"campfire_upgraded":3,"win_rate":0.0,"timestamp":1611168079,"path_taken":["M","M","?","?","M","E","M","R","T","$","E","?","R","M","R","BOSS","M","?","M","?"],"items_purchased_type":["Relic","Relic","Relic","Card"],"build_version":"2020-12-22","purchased_purges":0,"victory":false,"max_hp_per_floor":[75,75,75,75,75,75,75,75,75,75,75,75,75,75,75,75,75,75,75,75,75,75],"card_choices":[{"not_picked":["PrismaMod:MiyuCheapAttack1","PrismaMod:MiyuUncommonDexBuff"],"picked":"PrismaMod:MiyuCheapDefend1","floor":1.0},{"not_picked":["PrismaMod:MiyuCheapChannelWeak","PrismaMod:MiyuEvokeCheapAttack"],"picked":"PrismaMod:MiyuCheapDefend1","floor":2.0},{"not_picked":["PrismaMod:MiyuCheapDexBuff","PrismaMod:MiyuCheapAttack1"],"picked":"PrismaMod:MiyuUncommonStrBuff","floor":5.0},{"not_picked":["PrismaMod:MiyuEvokeBuffStr","PrismaMod:MiyuUberAttack"],"picked":"PrismaMod:MiyuOrbIncreasePerm","floor":6.0},{"not_picked":["PrismaMod:MiyuUncommonAttack","PrismaMod:MiyuUncommonDefend"],"picked":"PrismaMod:MiyuDefenseRemoval","floor":7.0},{"not_picked":["PrismaMod:MiyuCheapChannelHeal","PrismaMod:MiyuEvokeBuffDex"],"picked":"PrismaMod:MiyuUberDefend","floor":11.0},{"not_picked":["PrismaMod:MiyuUncommonPlate","PrismaMod:MiyuEvokeBuffStr"],"picked":"PrismaMod:MiyuCheapChannelAttack","floor":14.0},{"not_picked":["PrismaMod:MiyuChannelAttackEvoke","PrismaMod:MiyuEvokeAllDefend"],"picked":"PrismaMod:MiyuDefendChannelDefend","floor":16.0},{"not_picked":["PrismaMod:MiyuCheapAttack2","PrismaMod:MiyuCheapEvoke"],"picked":"PrismaMod:MiyuEvokeBuffDex","floor":19},{"not_picked":["PrismaMod:MiyuUncommonAttack+1","PrismaMod:MiyuCheapChannelWeak+1"],"picked":"PrismaMod:MiyuUncommonDexBuff+1","floor":20}],"player_experience":383618,"relics_obtained":[{"floor":4.0,"key":"Ginger"},{"floor":6.0,"key":"Tiny Chest"},{"floor":9.0,"key":"Sundial"},{"floor":11.0,"key":"MawBank"}],"event_choices":[{"damage_healed":0.0,"max_hp_gain":0.0,"max_hp_loss":0.0,"gold_gain":0.0,"cards_transformed":["PrismaMod:MiyuCommonAttack"],"event_name":"Living Wall","player_choice":"Change","floor":3.0,"gold_loss":0.0,"damage_taken":0.0,"cards_obtained":["PrismaMod:MiyuDefenseExplosion"]},{"damage_healed":0.0,"max_hp_gain":0.0,"max_hp_loss":0.0,"gold_gain":0.0,"event_name":"Match and Keep!","player_choice":"5 cards matched","floor":12.0,"gold_loss":0.0,"damage_taken":0.0,"cards_obtained":["PrismaMod:MiyuEvokeAllDefend","PrismaMod:MiyuCheapAttack1","Dark Shackles","PrismaMod:MiyuOrbIncreasePerm","PrismaMod:MiyuCheapChannelDefend"]},{"damage_healed":0,"gold_gain":0,"player_choice":"Fought Bandits","damage_taken":0,"max_hp_gain":0,"max_hp_loss":0,"event_name":"Masked Bandits","floor":21,"gold_loss":0}],"is_beta":false,"boss_relics":[{"not_picked":["Velvet Choker","Empty Cage"],"picked":"Pandora\u0027s Box"}],"items_purged_floors":[],"is_endless":false,"potions_floor_spawned":[1,6,7,11,18,19],"killed_by":"Masked Bandits","ascension_level":0}}