{"host":"9czo1ewqehy3yunx","time":1611154818,"event":{"mods":["Act Like it!","BaseMod","CapriCore","DeckTracker","GifTheSpireLib","Hermit","Keyboard Shortcuts","Minty Spire (QoL Compilation)","Permanent Neow","Quick Restart","StSLib","SuperFastMode"],"gold_per_floor":[115,130,130,189,200,232,232,244,244,260,280,280,280,280,280,280,280],"floor_reached":16,"language":"KOR","playtime":435,"items_purged":[],"score":102,"play_id":"826fe9fa-4253-4e1f-90bd-52e2fbcd84ab","local_time":"20210121000018","is_ascension_mode":false,"campfire_choices":[{"data":"hermit:Gestalt","floor":7,"key":"SMITH"},{"floor":13,"key":"REST"},{"floor":15,"key":"REST"}],"circlet_count":0,"master_deck":["hermit:Strike_Hermit","hermit:Strike_Hermit","hermit:Strike_Hermit","hermit:Strike_Hermit","hermit:Defend_Hermit","hermit:Defend_Hermit","hermit:Defend_Hermit","hermit:Defend_Hermit","hermit:Snapshot","hermit:Covet","hermit:Desperado","hermit:Desperado","hermit:Gestalt+1","hermit:WideOpen","hermit:Determination","hermit:Feint"],"relics":["hermit:Momento","Ancient Tea Set","Bottled Flame","Golden Idol","Unceasing Top"],"acts_visited":["Exordium"],"potions_floor_usage":[],"damage_taken":[{"damage":6,"enemies":"Cultist","floor":1,"turns":3},{"damage":7,"enemies":"Small Slimes","floor":2,"turns":3},{"damage":0,"enemies":"2 Louse","floor":5,"turns":2},{"damage":35,"enemies":"Lagavulin","floor":6,"turns":7},{"damage":0,"enemies":"Large Slime","floor":8,"turns":2},{"damage":1,"enemies":"2 Fungi Beasts","floor":10,"turns":3},{"damage":0,"enemies":"Looter","floor":11,"turns":1},{"damage":54,"enemies":"The Guardian","floor":16,"turns":8}],"seed_played":"6396675326383860203","potions_obtained":[{"floor":1,"key":"FairyPotion"},{"floor":8,"key":"Explosive Potion"}],"is_trial":false,"path_per_floor":["M","M","?","?","M","E","R","M","T","M","M","?","R","?","R","B"],"character_chosen":"HERMIT","items_purchased":[],"campfire_rested":2,"item_purchase_floors":[],"current_hp_per_floor":[69,62,62,62,62,27,27,27,27,26,26,8,30,5,27,0,0],"gold":280,"neow_bonus":"THREE_CARDS","is_daily":false,"chose_seed":false,"campfire_upgraded":1,"win_rate":0.0,"timestamp":1611154818,"path_taken":["M","M","?","?","M","E","R","M","T","M","M","?","R","?","R","BOSS"],"items_purchased_type":[],"build_version":"2020-12-22","purchased_purges":0,"victory":false,"max_hp_per_floor":[75,75,75,75,75,75,75,75,75,75,75,75,75,75,75,75,75],"card_choices":[{"not_picked":["hermit:Roulette","hermit:TrackingShot"],"picked":"hermit:Desperado","floor":0},{"not_picked":["hermit:LoneWolf","hermit:CalledShot"],"picked":"hermit:Desperado","floor":1},{"not_picked":["hermit:Desperado","hermit:Coalescence"],"picked":"hermit:Gestalt","floor":2},{"not_picked":["hermit:Roulette","hermit:FullyLoaded","hermit:Manifest"],"picked":"SKIP","floor":5},{"not_picked":["hermit:Reprieve","hermit:GoldenBullet"],"picked":"hermit:WideOpen","floor":6},{"not_picked":["hermit:Desperado","hermit:GhostlyPresence"],"picked":"hermit:Determination","floor":8},{"not_picked":["hermit:Ricochet","hermit:TakeAim","hermit:CalledShot"],"picked":"SKIP","floor":10},{"not_picked":["hermit:Showdown","hermit:TrackingShot"],"picked":"hermit:Feint","floor":11}],"player_experience":201889,"relics_obtained":[{"floor":6,"key":"Ancient Tea Set"},{"floor":9,"key":"Bottled Flame"}],"event_choices":[{"damage_healed":0,"gold_gain":0,"player_choice":"Leave","damage_taken":0,"max_hp_gain":0,"max_hp_loss":0,"event_name":"The Cleric","floor":3,"gold_loss":0},{"damage_healed":0,"gold_gain":59,"player_choice":"Gained Gold","damage_taken":0,"max_hp_gain":0,"max_hp_loss":0,"event_name":"Golden Wing","floor":4,"gold_loss":0},{"damage_healed":0,"gold_gain":0,"player_choice":"Take Damage","damage_taken":18,"relics_obtained":["Golden Idol"],"max_hp_gain":0,"max_hp_loss":0,"event_name":"Golden Idol","floor":12,"gold_loss":0},{"damage_healed":0,"gold_gain":0,"player_choice":"Success","damage_taken":25,"relics_obtained":["Unceasing Top"],"max_hp_gain":0,"max_hp_loss":0,"event_name":"Scrap Ooze","floor":14,"gold_loss":0}],"is_beta":false,"boss_relics":[],"items_purged_floors":[],"is_endless":false,"potions_floor_spawned":[1,8],"killed_by":"The Guardian","ascension_level":0}}