{"host":"8i58hvcssdezoe94","time":1611129091,"event":{"mods":["Act Like it!","BaseMod","Colored Map","Conspire","Downfall","Gensokyo","KinomotoSakuraMod(木之本樱)","Marisa（F雨　魔理沙）","Minty Spire (QoL Compilation)","Quick Restart","Remilia（蕾米莉亚）","StSLib","The Animator","The Bug Knight","The Construct","The Cursed","The Hierophant","The Jungle","The Servant 0.9.4"],"gold_per_floor":[117,197,197,197,297,328,328,357,407,423,433,433,433,433],"floor_reached":13,"language":"ZHS","playtime":284,"items_purged":[],"score":91,"play_id":"cb51e551-017f-47b9-81d9-8b6720d655cd","local_time":"20210120155131","is_ascension_mode":false,"campfire_choices":[{"floor":7,"key":"RECALL"},{"data":"Zap","floor":12,"key":"SMITH"}],"circlet_count":0,"master_deck":["Strike_B","Strike_B","Strike_B","Strike_B","Defend_B","Defend_B","Defend_B","Defend_B","Zap+1","Dualcast","Capacitor","Ball Lightning","Leap","Conserve Battery","Genetic Algorithm"],"relics":["Cracked Core","NeowsBlessing","Pear","Tiny Chest","Orichalcum"],"acts_visited":["Gensokyo:Gensokyo"],"potions_floor_usage":[],"damage_taken":[{"damage":0,"enemies":"Gensokyo:3_Fairies","floor":1,"turns":1},{"damage":4,"enemies":"Gensokyo:Mamizou","floor":6,"turns":3},{"damage":1,"enemies":"Gensokyo:Cirno","floor":8,"turns":2},{"damage":5,"enemies":"Gensokyo:2_Kodama","floor":10,"turns":3},{"damage":7,"enemies":"Gensokyo:Gryphon","floor":11,"turns":3},{"damage":56,"enemies":"Gensokyo:Aya","floor":13,"turns":6}],"seed_played":"4179103076394352273","potions_obtained":[{"floor":1,"key":"Weak Potion"},{"floor":8,"key":"Swift Potion"},{"floor":10,"key":"SteroidPotion"}],"is_trial":false,"path_per_floor":["M","?","?","$","?","E","R","E","T","M","M","R","E"],"character_chosen":"DEFECT","items_purchased":[],"campfire_rested":0,"item_purchase_floors":[],"current_hp_per_floor":[75,75,70,70,70,66,66,65,65,60,53,53,0,0],"gold":433,"neow_bonus":"THREE_ENEMY_KILL","is_daily":false,"chose_seed":false,"campfire_upgraded":1,"win_rate":0.0,"timestamp":1611129091,"path_taken":["M","?","?","?","?","E","R","E","T","M","M","R","E"],"items_purchased_type":[],"build_version":"2020-12-22","purchased_purges":0,"victory":false,"max_hp_per_floor":[75,75,85,85,85,85,85,85,85,85,85,85,85,85],"card_choices":[{"not_picked":["Leap","Glacier"],"picked":"Capacitor","floor":1},{"not_picked":["Reprogram","Steam"],"picked":"Ball Lightning","floor":6},{"not_picked":["Streamline","Compile Driver"],"picked":"Leap","floor":8},{"not_picked":["Lockon","Rebound"],"picked":"Conserve Battery","floor":10},{"not_picked":["conspire:Rain","Force Field"],"picked":"Genetic Algorithm","floor":11}],"player_experience":56767,"relics_obtained":[{"floor":6,"key":"Tiny Chest"},{"floor":8,"key":"Orichalcum"}],"event_choices":[],"is_beta":false,"boss_relics":[],"items_purged_floors":[],"is_endless":false,"potions_floor_spawned":[1,8,10],"killed_by":"Gensokyo:Aya","ascension_level":0}}