{"host":"drk0p5jtlzl1xmwe","time":1611164131,"event":{"mods":["2.2 Compatiblity","AchievementEnabler","Act Like it!","Bard","BaseMod","Better Note","Better Vampires","Ekko","Friendly Minions","Hermit","Hubris","Infinite Spire","Luminous","Marisa????????","Minty Spire (QoL Compilation)","Rare Cards Sparkle","Relic Stats","Replay The Spire","Shade Mod","StSLib","The Animator","The Bug Knight","The Cursed","The Disciple","The Gatherer","The Servant 0.9.4","The Spell Scribe"],"gold_per_floor":[109,109,126,3,3,31,45,80,80,80,255,272,289,307,307,407,407,419,419,419,344,353,353,387,407,492,492,492,507,546,560,560,671,671,696,755,775,826,898,898,924,924,971,983,999,446,489,504,504,504],"floor_reached":51,"language":"ENG","playtime":2437,"items_purged":["Strike_G","Strike_G","Strike_G"],"score":953,"play_id":"3850590e-3c57-4dc2-90de-e0a0fc6562d9","local_time":"20210120173531","is_ascension_mode":true,"campfire_choices":[{"data":"Cloak And Dagger","floor":10,"key":"SMITH"},{"floor":23,"key":"REST"},{"data":"Well Laid Plans","floor":27,"key":"SMITH"},{"data":"Neutralize","floor":32,"key":"SMITH"},{"floor":40,"key":"REST"},{"data":"infinitespire:Starlight","floor":42,"key":"SMITH"},{"data":"After Image","floor":49,"key":"SMITH"}],"circlet_count":0,"master_deck":["Strike_G","Defend_G","Defend_G+1","Defend_G+1","Defend_G","Defend_G","Survivor+1","Neutralize+1","Fluid Movement","Blade Dance","Hidden Blade","Backstab","Cloak And Dagger+1","Doubt","ReplayTheSpireMod:Shiv Toss","Well Laid Plans+1","After Image+1","infinitespire:Starlight+1","Blade Dance","hubris:DuctTapeCard","Dodge and Roll+1","A Thousand Cuts","Blade Dance","infinitespire:Gouge","hubris:Sniper+1","ReplayTheSpireMod:Splinters","Parasite","ReplayTheSpireMod:Shiv Toss+1"],"relics":["Ring of the Snake","NeowsBlessing","Centennial Puzzle","infinitespire:Lucky Rock","War Paint","WristBlade","ReplayTheSpireMod:Ring of Addiction","Toy Ornithopter","SacredBark","Chronometer","CeramicFish","Eternal Feather","hubris:DuctTape","MutagenicStrength","Blue Candle","HoveringKite","Tiny House","hubris:OldNail","CatCart","Mummified Hand","Oddly Smooth Stone","PreservedInsect","hubris:EmptyBottle","Meat on the Bone"],"acts_visited":["Exordium","TheCity","TheBeyond"],"potions_floor_usage":[8,14,16,16,16,24,24,30,33,38,44,47,47,48,50,50,50,50],"damage_taken":[{"damage":0,"enemies":"2 Louse","floor":1,"turns":1},{"damage":0,"enemies":"Jaw Worm","floor":3,"turns":1},{"damage":0,"enemies":"Gremlin Nob","floor":6,"turns":1},{"damage":1,"enemies":"Cultist","floor":7,"turns":3},{"damage":30,"enemies":"3 Sentries","floor":8,"turns":6},{"damage":1,"enemies":"2 Fungi Beasts","floor":12,"turns":3},{"damage":3,"enemies":"Blue Slaver","floor":13,"turns":3},{"damage":0,"enemies":"Looter","floor":14,"turns":3},{"damage":34,"enemies":"Fading Forest","floor":16,"turns":11},{"damage":22,"enemies":"Shell Parasite","floor":18,"turns":5},{"damage":31,"enemies":"Book of Stabbing","floor":24,"turns":4},{"damage":6,"enemies":"3 Byrds","floor":25,"turns":4},{"damage":15,"enemies":"Snecko","floor":29,"turns":4},{"damage":21,"enemies":"Slavers","floor":30,"turns":4},{"damage":12,"enemies":"Cultist and Chosen","floor":31,"turns":4},{"damage":24,"enemies":"hubris:MusketHawk","floor":33,"turns":7},{"damage":12,"enemies":"Orb Walker","floor":35,"turns":2},{"damage":12,"enemies":"3 Darklings","floor":37,"turns":5},{"damage":56,"enemies":"Orin","floor":38,"turns":9},{"damage":2,"enemies":"Writhing Mass","floor":41,"turns":4},{"damage":1,"enemies":"Spire Growth","floor":44,"turns":4},{"damage":2,"enemies":"Sphere and 2 Shapes","floor":45,"turns":3},{"damage":22,"enemies":"Giant Head","floor":47,"turns":6},{"damage":19,"enemies":"Transient","floor":48,"turns":5},{"damage":58,"enemies":"Time Eater","floor":50,"turns":8}],"seed_played":"-1940704941361903662","potions_obtained":[{"floor":6,"key":"LiquidBronze"},{"floor":8,"key":"Weak Potion"},{"floor":12,"key":"Fire Potion"},{"floor":15,"key":"FearPotion"},{"floor":15,"key":"Poison Potion"},{"floor":18,"key":"Poison Potion"},{"floor":19,"key":"SpeedPotion"},{"floor":19,"key":"PowerPotion"},{"floor":19,"key":"ColorlessPotion"},{"floor":24,"key":"Explosive Potion"},{"floor":31,"key":"AttackPotion"},{"floor":36,"key":"SmokeBomb"},{"floor":39,"key":"Languid Potion"},{"floor":45,"key":"Weak Potion"},{"floor":47,"key":"Weak Potion"},{"floor":48,"key":"Reflective Coating"}],"is_trial":false,"path_per_floor":["M","?","M","$","?","E","M","E","T","R","?","M","M","M","R","B",null,"M","?","?","?","AVR","R","E","M","T","R","?","M","E","M","R","B",null,"M","AVR","M","?","?","R","M","R","T","M","M","$","E","M","R","B",null],"character_chosen":"THE_SILENT","items_purchased":["Hidden Blade","PreservedInsect","hubris:EmptyBottle","CunningPotion","CunningPotion"],"campfire_rested":2,"item_purchase_floors":[4,46,46,46,46],"current_hp_per_floor":[70,70,70,70,70,70,69,39,39,39,39,38,35,35,35,9,55,33,33,33,33,33,53,42,46,46,58,58,53,37,35,47,38,59,47,52,50,9,9,44,52,67,67,67,65,65,50,48,63,31],"gold":504,"neow_bonus":"THREE_ENEMY_KILL","is_daily":false,"chose_seed":false,"campfire_upgraded":5,"win_rate":0.0,"timestamp":1611164131,"path_taken":["M","?","M","$","?","E","?","E","T","R","?","M","M","M","R","BOSS","M","?","?","?","AVR","R","E","M","T","R","?","M","E","M","R","BOSS","M","AVR","M","?","?","R","M","R","T","M","M","$","E","M","R","BOSS"],"items_purchased_type":["Card","Relic","Relic","Potion","Potion"],"build_version":"2020-12-22","purchased_purges":3,"victory":true,"max_hp_per_floor":[70,70,70,70,70,70,70,70,70,70,70,70,70,70,70,70,70,70,70,70,70,70,68,68,68,68,68,66,66,66,66,66,66,66,66,71,69,69,69,69,69,67,67,67,67,67,67,67,67,67],"relic_stats":{"counters":[25,110],"CeramicFish":99,"Blue Candle":[13],"HoveringKite":[12],"Eternal Feather":69,"PreservedInsect":125,"War Paint":["Defend_G","Survivor"],"Centennial Puzzle":[63],"Mummified Hand":[23],"obtain_stats":[{"Tiny House":36,"NeowsBlessing":0,"hubris:DuctTape":26,"ReplayTheSpireMod:Ring of Addiction":19,"SacredBark":19,"CeramicFish":22,"Blue Candle":30,"HoveringKite":34,"Oddly Smooth Stone":43,"Eternal Feather":24,"PreservedInsect":46,"infinitespire:Lucky Rock":8,"War Paint":9,"hubris:EmptyBottle":46,"Centennial Puzzle":6,"WristBlade":17,"Chronometer":20,"Mummified Hand":39,"MutagenicStrength":28,"CatCart":38,"Toy Ornithopter":19,"hubris:OldNail":36,"Ring of the Snake":0,"Meat on the Bone":47},{"Tiny House":17,"NeowsBlessing":0,"hubris:DuctTape":12,"ReplayTheSpireMod:Ring of Addiction":10,"SacredBark":10,"CeramicFish":10,"Blue Candle":14,"HoveringKite":16,"Oddly Smooth Stone":20,"Eternal Feather":11,"PreservedInsect":22,"infinitespire:Lucky Rock":5,"War Paint":5,"hubris:EmptyBottle":22,"Centennial Puzzle":3,"WristBlade":9,"Chronometer":10,"Mummified Hand":19,"MutagenicStrength":12,"CatCart":19,"Toy Ornithopter":10,"hubris:OldNail":17,"Ring of the Snake":0,"Meat on the Bone":23},{"Tiny House":66,"NeowsBlessing":0,"hubris:DuctTape":45,"ReplayTheSpireMod:Ring of Addiction":37,"SacredBark":37,"CeramicFish":37,"Blue Candle":53,"HoveringKite":64,"Oddly Smooth Stone":84,"Eternal Feather":41,"PreservedInsect":91,"infinitespire:Lucky Rock":12,"War Paint":12,"hubris:EmptyBottle":91,"Centennial Puzzle":3,"WristBlade":32,"Chronometer":37,"Mummified Hand":80,"MutagenicStrength":45,"CatCart":80,"Toy Ornithopter":37,"hubris:OldNail":66,"Ring of the Snake":0,"Meat on the Bone":97}],"Toy Ornithopter":49,"Ring of the Snake":[50],"Meat on the Bone":12},"card_choices":[{"not_picked":["Dagger Spray","Flechettes"],"picked":"Fluid Movement","floor":1},{"not_picked":["Blade Dance","ReplayTheSpireMod:The Works"],"picked":"Infinite Blades","floor":3},{"not_picked":["Acrobatics","Slice","Venomology"],"picked":"SKIP","floor":6},{"not_picked":["Deadly Poison","PiercingWail"],"picked":"Backstab","floor":7},{"not_picked":["Deflect","Hidden Blade"],"picked":"Cloak And Dagger","floor":8},{"not_picked":["PiercingWail","Blade Dance"],"picked":"ReplayTheSpireMod:Shiv Toss","floor":12},{"not_picked":["Sucker Punch","Quick Slash"],"picked":"Well Laid Plans","floor":13},{"not_picked":["Predator","Underhanded Strike","Dagger Throw"],"picked":"SKIP","floor":14},{"not_picked":["Glass Knife","Grand Finale"],"picked":"After Image","floor":16},{"not_picked":["hubris:SlightOfHand","Deflect"],"picked":"Accuracy","floor":18},{"not_picked":["Finisher","Deadly Poison"],"picked":"Blade Dance","floor":24},{"not_picked":["Acrobatics","Hidden Blade","Dodge and Roll"],"picked":"SKIP","floor":25},{"not_picked":["Draining Mist+1","Deadly Poison","Toxin Wave"],"picked":"SKIP","floor":29},{"not_picked":["Malaise","Dash"],"picked":"Dodge and Roll+1","floor":30},{"not_picked":["Underhanded Strike","Dodge and Roll","Dagger Throw"],"picked":"SKIP","floor":31},{"not_picked":["Replay:Bag of Tricks","Corpse Explosion"],"picked":"A Thousand Cuts","floor":33},{"not_picked":["Calculated Gamble+1","PiercingWail"],"picked":"Blade Dance","floor":35},{"not_picked":["Burst","Underhanded Strike+1"],"picked":"hubris:Sniper+1","floor":37},{"not_picked":["Tools of the Trade","Sucker Punch+1","ReplayTheSpireMod:The Works+1"],"picked":"SKIP","floor":41},{"not_picked":["Acrobatics+1","ReplayTheSpireMod:Tripwire+1","Heel Hook+1"],"picked":"SKIP","floor":44},{"not_picked":["Backflip+1","Hidden Blade","All Out Attack+1"],"picked":"SKIP","floor":45},{"not_picked":["Poisoned Stab","Deadly Poison"],"picked":"ReplayTheSpireMod:Shiv Toss+1","floor":47},{"not_picked":["Finisher+1","Catalyst","Backflip"],"picked":"SKIP","floor":48}],"player_experience":686567,"relics_obtained":[{"floor":6,"key":"Centennial Puzzle"},{"floor":8,"key":"infinitespire:Lucky Rock"},{"floor":9,"key":"War Paint"},{"floor":19,"key":"ReplayTheSpireMod:Ring of Addiction"},{"floor":19,"key":"Toy Ornithopter"},{"floor":19,"key":"SacredBark"},{"floor":24,"key":"Eternal Feather"},{"floor":26,"key":"hubris:DuctTape"},{"floor":30,"key":"Blue Candle"},{"floor":38,"key":"CatCart"},{"floor":39,"key":"Mummified Hand"},{"floor":43,"key":"Oddly Smooth Stone"},{"floor":47,"key":"Meat on the Bone"}],"event_choices":[{"damage_healed":0,"gold_gain":0,"player_choice":"Upgraded","damage_taken":0,"max_hp_gain":0,"max_hp_loss":0,"event_name":"Upgrade Shrine","floor":5,"gold_loss":0,"cards_upgraded":["Infinite Blades"]},{"damage_healed":0,"gold_gain":175,"player_choice":"AGREE","damage_taken":0,"max_hp_gain":0,"max_hp_loss":0,"event_name":"Liars Game","floor":11,"gold_loss":0,"cards_obtained":["Doubt"]},{"cards_removed":["Strike_G"],"damage_healed":0,"gold_gain":0,"player_choice":"Gave Gold","damage_taken":0,"max_hp_gain":0,"max_hp_loss":0,"event_name":"Beggar","floor":21,"gold_loss":75},{"damage_healed":0,"gold_gain":0,"player_choice":"Inject Mutagens","damage_taken":0,"relics_obtained":["MutagenicStrength"],"max_hp_gain":0,"max_hp_loss":0,"event_name":"Drug Dealer","floor":28,"gold_loss":0},{"damage_healed":0,"gold_gain":0,"player_choice":"Fight","damage_taken":0,"max_hp_gain":0,"max_hp_loss":0,"event_name":"OrinTheCat","floor":38,"gold_loss":0}],"is_beta":false,"boss_relics":[{"not_picked":["infinitespire:Cupcake","hubris:ScarierMask"],"picked":"WristBlade"},{"not_picked":["Snecko Scales","Velvet Choker"],"picked":"HoveringKite"}],"items_purged_floors":[4,36,46],"is_endless":false,"potions_floor_spawned":[6,8,12,18,24,31,45,47,48],"ascension_level":5}}