{"host":"dbb4fkd1j4jczim2","time":1611182725,"event":{"mods":["BaseMod","Downfall","Marisa????????","Minty Spire (QoL Compilation)","Permanent Neow","StSLib"],"gold_per_floor":[0,15,15,33,133,144,170,6,25,25,57,57,57,57,57],"floor_reached":13,"language":"ENG","playtime":447,"items_purged":["downfall:Bewildered"],"score":183,"play_id":"1c37cdac-8a39-472f-9c7b-162fb7867fc0","local_time":"20210120164525","is_ascension_mode":false,"campfire_choices":[{"data":"bronze:CloningBeam","floor":1,"key":"SMITH"},{"data":"bronze:ItsAFeature","floor":10,"key":"SMITH"},{"data":"bronze:OilSpill","floor":12,"key":"SMITH"}],"circlet_count":0,"master_deck":["bronze:Strike","bronze:Strike","bronze:Strike","bronze:Defend","bronze:Defend","bronze:Defend","bronze:Replicate","bronze:WhirlingStrike","bronze:CloningBeam+1","bronze:GetLatest","downfall:Malfunctioning","downfall:Icky","downfall:Haunted","Parasite","Regret","downfall:Icky","bronze:HardenedForm","Regret","bronze:FineTuning","bronze:ItsAFeature+1","bronze:DelayedSlice","bronze:Shield","bronze:OilSpill+1"],"relics":["bronze:BronzeCore","Cursed Key","MawBank","Shovel"],"acts_visited":["Exordium"],"potions_floor_usage":[],"damage_taken":[{"damage":0,"enemies":"2 Louse","floor":2,"turns":1},{"damage":0,"enemies":"Small Slimes","floor":4,"turns":2},{"damage":10,"enemies":"Cultist","floor":6,"turns":4},{"damage":6,"enemies":"downfall:FleeingMerchant","floor":8,"turns":4},{"damage":0,"enemies":"2 Fungi Beasts","floor":9,"turns":2},{"damage":53,"enemies":"Gremlin Nob","floor":11,"turns":6},{"damage":23,"enemies":"Lagavulin","floor":13,"turns":3}],"seed_played":"-8824959098280389826","potions_obtained":[{"floor":6,"key":"Dexterity Potion"},{"floor":9,"key":"GamblersBrew"}],"is_trial":false,"path_per_floor":["R","M","?","M","?","M","T","$","M","R","E","R","E"],"character_chosen":"THE_AUTOMATON","items_purchased":["bronze:ItsAFeature","bronze:DelayedSlice"],"campfire_rested":0,"item_purchase_floors":[8,8],"current_hp_per_floor":[70,70,70,70,75,65,65,59,59,59,6,6,0,0,0],"gold":57,"neow_bonus":"TRANSFORM_TWO_CARDS","is_daily":false,"chose_seed":false,"campfire_upgraded":3,"win_rate":0.0,"timestamp":1611182725,"path_taken":["R","M","?","M","?","M","T","$","M","R","E","R","E"],"items_purchased_type":["Card","Card"],"build_version":"2020-12-22","purchased_purges":1,"victory":false,"max_hp_per_floor":[70,70,70,70,75,75,75,75,75,75,75,75,75,75,75],"card_choices":[{"not_picked":["bronze:Deprecate","bronze:Invalidate"],"picked":"bronze:GetLatest","floor":2},{"not_picked":["bronze:WhirlingStrike","bronze:Backtrace","bronze:WildBeam"],"picked":"SKIP","floor":4},{"not_picked":["bronze:Overload","bronze:Turbo","bronze:Invalidate"],"picked":"SKIP","floor":6},{"not_picked":["bronze:Flail","bronze:Shell"],"picked":"bronze:FineTuning","floor":8},{"not_picked":["bronze:Optimize","bronze:Frontload"],"picked":"bronze:Shield","floor":9},{"not_picked":["bronze:Allocate","bronze:ItsAFeature"],"picked":"bronze:OilSpill","floor":11}],"player_experience":302574,"relics_obtained":[{"floor":7,"key":"MawBank"},{"floor":11,"key":"Shovel"}],"event_choices":[{"cards_removed":["bronze:Goto"],"damage_healed":0,"gold_gain":0,"player_choice":"Card Removal","damage_taken":0,"max_hp_gain":0,"max_hp_loss":0,"event_name":"The Cleric","floor":3,"gold_loss":0}],"is_beta":false,"boss_relics":[],"items_purged_floors":[8],"is_endless":false,"potions_floor_spawned":[6,9],"killed_by":"Lagavulin","ascension_level":0}}