{"host":"xj2wyr3bqqv4irjd","time":1611140581,"event":{"mods":["Act Like it!","Aspiration","BaseMod","Jorbs\u0027s Wanderer Trilogy","Koishi","Marisa£®ÏF”Í°°ƒß¿Ì…≥£©","Minty Spire (QoL Compilation)","Quick Restart","Rare Cards Sparkle","Reimu£®≤©¿ˆ¡È√Œ£©","Remilia£®¿Ÿ√◊¿Ú—«£©","Replay The Spire","SIMod","StSLib","Td1madao Mod","The Animator","WarShipGirlsR/’ΩΩ¢…Ÿ≈ÆR mod","Yakumo Yukari mod"],"gold_per_floor":[117,42,42,42,42,76,76,93,166,184,184,194,222,238,238,334,334,354,354,354,383,403,403,419,450,450,450,375,125,125,145,145,247,247,262,262,280,325,51,81,81,143,143,143,143,239,308,393,393,443,443,443,143,219,219],"floor_reached":56,"language":"ZHS","playtime":3280,"items_purged":["Defend_C","Floating Even","Strike_C"],"score":1056,"play_id":"b2b2e6db-28d0-4109-9e8f-229a8427ec96","local_time":"20210120190301","is_ascension_mode":false,"campfire_choices":[{"floor":7.0,"key":"RECALL"},{"data":"Retrieval Recycling","floor":11.0,"key":"SMITH"},{"data":"Here Defend Chip","floor":15.0,"key":"SMITH"},{"data":"Here Defend Chip+1","floor":23.0,"key":"SMITH"},{"data":"Memory Alloy","floor":27.0,"key":"SMITH"},{"data":"Memory Alloy","floor":30.0,"key":"SMITH"},{"data":"Here Defend Chip+2","floor":32.0,"key":"SMITH"},{"data":"Trader","floor":41.0,"key":"SMITH"},{"data":"Here Defend Chip+3","floor":45.0,"key":"SMITH"},{"data":"Here Defend Chip+4","floor":49,"key":"SMITH"},{"floor":52,"key":"DIG"}],"circlet_count":0,"master_deck":["Strike_C","Strike_C","Strike_C","Knight Kick","Chip+1","Judgment+1","Provocative+1","Retrieval Recycling+1","Here Defend Chip+5","Memory Alloy+1","AbeCurse","Rupture","De Ware Chip+1","Resistance","Sub Weapons","Memory Alloy+1","Lunge+1","Thunder Jump+1","Trader+1","Reinforcement Parts+1","Perfect Defend+1"],"relics":["Apod","NeowsBlessing","Replay:Bottled Eggs","Quantum Egg","Toy Ornithopter","Abe\u0027s Treasure","Red Mask","Iron Hammer","Medical Kit","Coffee Dripper","CatCart","ClockworkSouvenir","Replay:Bottled Flurry","Shovel","Incense Burner","Eternal Feather","Letter Opener","Ginger","Pantograph"],"acts_visited":["Exordium","TheCity","TheBeyond","TheEnding"],"potions_floor_usage":[55,55],"damage_taken":[{"damage":0.0,"enemies":"Jaw Worm","floor":1.0,"turns":1.0},{"damage":0.0,"enemies":"Gremlin Nob","floor":6.0,"turns":1.0},{"damage":0.0,"enemies":"Small Slimes","floor":8.0,"turns":1.0},{"damage":0.0,"enemies":"2 Louse","floor":10.0,"turns":2.0},{"damage":0.0,"enemies":"Red Slaver","floor":12.0,"turns":2.0},{"damage":6.0,"enemies":"Lagavulin","floor":13.0,"turns":3.0},{"damage":5.0,"enemies":"Looter","floor":14.0,"turns":3.0},{"damage":29.0,"enemies":"The Guardian","floor":16.0,"turns":7.0},{"damage":1.0,"enemies":"Shell Parasite","floor":18.0,"turns":2.0},{"damage":11.0,"enemies":"Masked Bandits","floor":21.0,"turns":4.0},{"damage":0.0,"enemies":"3 Byrds","floor":22.0,"turns":5.0},{"damage":1.0,"enemies":"Snecko","floor":24.0,"turns":3.0},{"damage":29.0,"enemies":"Book of Stabbing","floor":25.0,"turns":4.0},{"damage":0.0,"enemies":"Centurion and Healer","floor":31.0,"turns":3.0},{"damage":5.0,"enemies":"Automaton","floor":33.0,"turns":9.0},{"damage":0.0,"enemies":"3 Shapes","floor":35.0,"turns":2.0},{"damage":0.0,"enemies":"3 Darklings","floor":37.0,"turns":4.0},{"damage":0.0,"enemies":"Orin","floor":38.0,"turns":5.0},{"damage":12.0,"enemies":"Nemesis","floor":40.0,"turns":3.0},{"damage":24.0,"enemies":"4 Shapes","floor":42.0,"turns":4.0},{"damage":0.0,"enemies":"2 Orb Walkers","floor":46.0,"turns":5.0},{"damage":0.0,"enemies":"Maw","floor":47.0,"turns":5.0},{"damage":0.0,"enemies":"Reptomancer","floor":48.0,"turns":7.0},{"damage":5,"enemies":"Replay:Hell Engine","floor":50,"turns":13},{"damage":22,"enemies":"Shield and Spear","floor":54,"turns":6},{"damage":46,"enemies":"The Heart","floor":55,"turns":8}],"seed_played":"4273842964976202276","potions_obtained":[{"floor":6.0,"key":"SpeedPotion"},{"floor":10.0,"key":"Block Potion"},{"floor":14.0,"key":"PowerPotion"},{"floor":16.0,"key":"Energy Potion"},{"floor":18.0,"key":"SkillPotion"},{"floor":24.0,"key":"PowerPotion"},{"floor":25.0,"key":"Fire Potion"},{"floor":31.0,"key":"GrandPatriotsElixir:ReiMu"},{"floor":33.0,"key":"Energy Potion"},{"floor":38.0,"key":"GamblersBrew"},{"floor":46.0,"key":"PowerPotion"},{"floor":48.0,"key":"Weak Potion"}],"is_trial":false,"path_per_floor":["M","$","?","?","?","E","R","M","T","M","R","M","E","M","R","B",null,"M","?","?","?","M","R","M","E","T","R","?","$","R","M","R","B",null,"M","?","M","?","$","E","R","M","T","?","R","?","M","E","R","B",null,"R","$","E","B",null],"character_chosen":"TD1MADAO_CLASS","items_purchased":["Medical Kit","ClockworkSouvenir","Ginger"],"campfire_rested":0,"item_purchase_floors":[29,39,53],"current_hp_per_floor":[70,70,70,56,56,56,56,56,56,56,56,56,50,45,45,16,70,69,69,69,63,63,63,62,38,38,38,38,38,38,38,38,33,70,70,70,70,70,70,58,58,34,34,34,34,34,34,39,51,46,70,70,70,48,34],"gold":219,"neow_bonus":"THREE_ENEMY_KILL","is_daily":false,"chose_seed":false,"campfire_upgraded":9,"win_rate":0.0,"timestamp":1611140581,"path_taken":["M","$","?","?","?","E","R","M","T","M","R","M","E","?","R","BOSS","M","?","?","?","M","R","M","E","T","R","?","$","R","M","R","BOSS","M","?","M","?","$","E","R","M","T","?","R","?","?","E","R","BOSS","R","$","E","BOSS"],"items_purchased_type":["Relic","Relic","Relic"],"build_version":"2020-12-22","purchased_purges":3,"victory":true,"max_hp_per_floor":[70,70,70,70,70,70,70,70,70,70,70,70,70,70,70,70,70,70,70,70,70,70,70,70,70,70,70,70,70,70,70,70,70,70,70,70,70,70,70,70,70,70,70,70,70,70,70,70,70,70,70,70,70,70,70],"card_choices":[{"not_picked":["Fire Up","Cursed Blade"],"picked":"Judgment","floor":1.0},{"not_picked":["Fixing","Floating Swing Kick"],"picked":"Provocative","floor":6.0},{"not_picked":["New Defend Magic","Lore","Fire Up"],"picked":"SKIP","floor":8.0},{"not_picked":["Transfer Energy","Judgment"],"picked":"Retrieval Recycling","floor":10.0},{"not_picked":["Defend System","Fixing","Reflection Mechanism"],"picked":"SKIP","floor":12.0},{"not_picked":["Rupture","Lore"],"picked":"Here Defend Chip","floor":13.0},{"not_picked":["Paralysis","White Contract"],"picked":"Floating Even","floor":14.0},{"not_picked":["Black Contract","Im Angry"],"picked":"Memory Alloy","floor":16.0},{"not_picked":["Here Defend Chip","Sub Weapons"],"picked":"Rupture","floor":18.0},{"not_picked":["Black Execution","Afterwards"],"picked":"De Ware Chip+1","floor":21.0},{"not_picked":["Three Hit","E MP"],"picked":"Resistance","floor":22.0},{"not_picked":["Light Attack","Money Cant Rescue"],"picked":"Sub Weapons","floor":24.0},{"not_picked":["Fire Blade+1","Black Execution"],"picked":"Memory Alloy","floor":25.0},{"not_picked":["Here Defend Chip+1","Twin Teeth","Machining"],"picked":"SKIP","floor":31.0},{"not_picked":["Chip Synthesis","Bursts"],"picked":"Furious","floor":33.0},{"not_picked":["Light Attack","Sudden Beat+1"],"picked":"Lunge+1","floor":35.0},{"not_picked":["Sudden Beat+1","White Contract+1","Black Spear+1"],"picked":"SKIP","floor":37.0},{"not_picked":["New Defend Magic","Black Hand"],"picked":"Thunder Jump+1","floor":38.0},{"not_picked":["Moon Tear","Backup"],"picked":"Trader","floor":40.0},{"not_picked":["Three Hit","Black Shadow+1","Fixing"],"picked":"SKIP","floor":42.0},{"not_picked":["Revenge","Three Hit","Reflection Mechanism"],"picked":"SKIP","floor":47.0},{"not_picked":["Defend System","Pod Laser"],"picked":"Reinforcement Parts+1","floor":48.0},{"not_picked":["White Contract","Rupture+1"],"picked":"Perfect Defend+1","floor":54}],"player_experience":553264,"relics_obtained":[{"floor":6.0,"key":"Replay:Bottled Eggs"},{"floor":9.0,"key":"Quantum Egg"},{"floor":13.0,"key":"Toy Ornithopter"},{"floor":21.0,"key":"Red Mask"},{"floor":25.0,"key":"Iron Hammer"},{"floor":38.0,"key":"CatCart"},{"floor":40.0,"key":"Replay:Bottled Flurry"},{"floor":43.0,"key":"Shovel"},{"floor":46.0,"key":"Incense Burner"},{"floor":48.0,"key":"Eternal Feather"},{"floor":52,"key":"Letter Opener"},{"floor":54,"key":"Pantograph"}],"event_choices":[{"damage_healed":0.0,"max_hp_gain":0.0,"max_hp_loss":0.0,"gold_gain":0.0,"event_name":"Shining Light","player_choice":"Entered Light","floor":4.0,"gold_loss":0.0,"damage_taken":14.0,"cards_upgraded":["Chip","Judgment"]},{"cards_removed":["Defend_C"],"damage_healed":0.0,"max_hp_gain":0.0,"max_hp_loss":0.0,"gold_gain":0.0,"event_name":"Purifier","player_choice":"Purged","floor":5.0,"gold_loss":0.0,"damage_taken":0.0},{"cards_removed":["Defend_C"],"damage_healed":0.0,"max_hp_gain":0.0,"max_hp_loss":0.0,"gold_gain":0.0,"event_name":"Back to Basics","player_choice":"Elegance","floor":20.0,"gold_loss":0.0,"damage_taken":0.0},{"damage_healed":0.0,"max_hp_gain":0.0,"max_hp_loss":0.0,"gold_gain":0.0,"event_name":"Masked Bandits","player_choice":"Fought Bandits","floor":21.0,"gold_loss":0.0,"damage_taken":0.0},{"cards_removed":["Defend_C"],"damage_healed":0.0,"max_hp_gain":0.0,"max_hp_loss":0.0,"gold_gain":0.0,"event_name":"Beggar","player_choice":"Gave Gold","floor":28.0,"gold_loss":75.0,"damage_taken":0.0},{"damage_healed":0.0,"max_hp_gain":0.0,"max_hp_loss":0.0,"gold_gain":0.0,"event_name":"OrinTheCat","player_choice":"Fight","floor":38.0,"gold_loss":0.0,"damage_taken":0.0},{"cards_removed":["Furious"],"damage_healed":0.0,"max_hp_gain":0.0,"max_hp_loss":0.0,"gold_gain":0.0,"event_name":"Falling","player_choice":"Removed Power","floor":44.0,"gold_loss":0.0,"damage_taken":0.0},{"damage_healed":0.0,"max_hp_gain":0.0,"max_hp_loss":0.0,"gold_gain":0.0,"event_name":"Mysterious Sphere","player_choice":"Fight","floor":46.0,"gold_loss":0.0,"damage_taken":0.0}],"is_beta":false,"boss_relics":[{"not_picked":["Velvet Choker","Ring of Chaos"],"picked":"Abe\u0027s Treasure"},{"not_picked":["Sozu","Astrolabe"],"picked":"Coffee Dripper"}],"items_purged_floors":[2,29,39],"is_endless":false,"potions_floor_spawned":[6,10,14,16,18,24,25,31,33,38,46,47,48],"ascension_level":0}}