{"host":"j4g6ia6asvpyu2b0","time":1611140413,"event":{"mods":["BaseMod","Colored Map","Minty Spire (QoL Compilation)","Permanent Neow","Quick Restart","Relic Stats","StSLib","Unceasing Turn Reminder"],"gold_per_floor":[369,544,619,619,631,631,663,663,690,690,415,434,469,492,492,622,622,647,661,168,191,191,191,222,51,122,122,136,177,198,32,32,151,151,175,175,12,26,46,80,80,104,104,142,142,142,142],"floor_reached":46,"language":"ENG","playtime":1248,"items_purged":["Strike_B","Strike_B","Strike_B"],"score":867,"play_id":"2a46a469-d907-4295-ae49-4aaea1373651","local_time":"20210120040013","is_ascension_mode":true,"campfire_choices":[{"data":"Barrage","floor":6.0,"key":"SMITH"},{"data":"Capacitor","floor":10.0,"key":"SMITH"},{"data":"Static Discharge","floor":15.0,"key":"SMITH"},{"data":"Biased Cognition","floor":23.0,"key":"SMITH"},{"data":"Fission","floor":27.0,"key":"SMITH"},{"data":"1","floor":32.0,"key":"LIFT"},{"data":"Loop","floor":41.0,"key":"SMITH"},{"data":"Coolheaded","floor":45,"key":"SMITH"}],"circlet_count":0,"master_deck":["AscendersBane","Strike_B","Defend_B","Defend_B","Defend_B","Defend_B","Zap","Dualcast","Barrage+1","Ball Lightning","Capacitor+1","Static Discharge+1","Ball Lightning","Cold Snap","Barrage","Core Surge","Barrage","Biased Cognition+1","Ball Lightning","Auto Shields","Static Discharge","Fission+1","Loop+1","Glacier","Conserve Battery","Coolheaded+1","Rainbow","Sweeping Beam","White Noise","FTL","Glacier+1","Tempest+1","Doom and Gloom"],"relics":["Cracked Core","Meat on the Bone","Golden Idol","Anchor","Blood Vial","Busted Crown","Medical Kit","Girya","The Courier","Bronze Scales","Vajra","Sozu","Cables","Toy Ornithopter"],"acts_visited":["Exordium","TheCity","TheBeyond"],"potions_floor_usage":[44],"damage_taken":[{"damage":0.0,"enemies":"Small Slimes","floor":1.0,"turns":2.0},{"damage":2.0,"enemies":"Jaw Worm","floor":5.0,"turns":3.0},{"damage":15.0,"enemies":"3 Sentries","floor":7.0,"turns":5.0},{"damage":0.0,"enemies":"Cultist","floor":12.0,"turns":2.0},{"damage":25.0,"enemies":"Lagavulin","floor":13.0,"turns":4.0},{"damage":1.0,"enemies":"Large Slime","floor":14.0,"turns":5.0},{"damage":18.0,"enemies":"The Guardian","floor":16.0,"turns":6.0},{"damage":0.0,"enemies":"Chosen","floor":18.0,"turns":4.0},{"damage":4.0,"enemies":"3 Byrds","floor":19.0,"turns":2.0},{"damage":24.0,"enemies":"Snake Plant","floor":21.0,"turns":3.0},{"damage":18.0,"enemies":"Gremlin Leader","floor":24.0,"turns":6.0},{"damage":12.0,"enemies":"Cultist and Chosen","floor":28.0,"turns":5.0},{"damage":20.0,"enemies":"Book of Stabbing","floor":29.0,"turns":5.0},{"damage":0.0,"enemies":"Snecko","floor":30.0,"turns":3.0},{"damage":18.0,"enemies":"Automaton","floor":33.0,"turns":8.0},{"damage":0.0,"enemies":"3 Shapes","floor":35.0,"turns":3.0},{"damage":29.0,"enemies":"3 Darklings","floor":38.0,"turns":3.0},{"damage":5.0,"enemies":"Sphere and 2 Shapes","floor":39.0,"turns":4.0},{"damage":32.0,"enemies":"Giant Head","floor":40.0,"turns":7.0},{"damage":14.0,"enemies":"Spire Growth","floor":42.0,"turns":3.0},{"damage":20,"enemies":"Reptomancer","floor":44,"turns":5},{"damage":24,"enemies":"Nemesis","floor":46,"turns":4}],"seed_played":"-3199968077398268161","potions_obtained":[{"floor":5.0,"key":"Strength Potion"},{"floor":7.0,"key":"CultistPotion"},{"floor":19.0,"key":"Weak Potion"}],"is_trial":false,"path_per_floor":["M","?","?","?","M","R","E","?","T","R","$","M","E","M","R","B",null,"M","M","$","M","?","R","E","$","T","R","M","E","M","$","R","B",null,"M","?","$","M","M","E","R","M","T","E","R","E"],"character_chosen":"DEFECT","items_purchased":["Static Discharge","Ball Lightning","EssenceOfSteel","Biased Cognition","Ball Lightning","Medical Kit","Auto Shields","Fission","Loop","Vajra","Coolheaded","White Noise"],"campfire_rested":0,"item_purchase_floors":[11,11,11,20,20,20,20,25,25,31,31,37],"current_hp_per_floor":[68,68,57,57,55,55,40,23,23,23,23,35,22,35,35,31,59,61,59,59,37,68,68,50,50,50,50,40,34,36,36,36,32,59,61,61,61,46,43,25,25,25,25,19,19,0,0],"gold":142,"neow_bonus":"TWO_FIFTY_GOLD","is_daily":false,"chose_seed":false,"campfire_upgraded":7,"win_rate":0.0,"timestamp":1611140413,"path_taken":["M","?","?","?","M","R","E","?","T","R","$","?","E","M","R","BOSS","M","M","$","M","?","R","E","$","T","R","M","E","M","?","R","BOSS","M","?","?","M","M","E","R","M","T","E","R","E"],"items_purchased_type":["Card","Card","Potion","Card","Card","Relic","Card","Card","Card","Relic","Card","Card"],"build_version":"2020-12-22","purchased_purges":3,"victory":false,"max_hp_per_floor":[68,68,68,68,68,68,68,68,68,68,68,68,68,68,68,68,68,68,68,68,68,68,68,68,68,68,68,68,68,68,68,68,68,68,68,68,68,68,68,68,68,68,68,68,68,68,68],"relic_stats":{"Blood Vial":32,"Sozu":2,"Busted Crown":30,"counters":[22,92],"Golden Idol":137,"Bronze Scales":[95],"Medical Kit":[1],"obtain_stats":[{"Girya":24,"Golden Idol":8,"Vajra":31,"The Courier":26,"Medical Kit":20,"Cables":40,"Blood Vial":13,"Sozu":34,"Anchor":9,"Busted Crown":17,"Bronze Scales":29,"Cracked Core":0,"Toy Ornithopter":44,"Meat on the Bone":7},{"Girya":11,"Golden Idol":3,"Vajra":14,"The Courier":11,"Medical Kit":9,"Cables":19,"Blood Vial":5,"Sozu":15,"Anchor":3,"Busted Crown":7,"Bronze Scales":13,"Cracked Core":0,"Toy Ornithopter":21,"Meat on the Bone":3},{"Girya":42,"Golden Idol":10,"Vajra":55,"The Courier":42,"Medical Kit":33,"Cables":80,"Blood Vial":16,"Sozu":63,"Anchor":10,"Busted Crown":27,"Bronze Scales":52,"Cracked Core":0,"Toy Ornithopter":88,"Meat on the Bone":10}],"Toy Ornithopter":0,"Meat on the Bone":120,"Cables":[12,8,4,0,0]},"card_choices":[{"not_picked":["Hologram","Turbo"],"picked":"Barrage","floor":1.0},{"not_picked":["Cold Snap","Rebound"],"picked":"Ball Lightning","floor":5.0},{"not_picked":["Cold Snap","Auto Shields"],"picked":"Capacitor","floor":7.0},{"not_picked":["Fusion","Go for the Eyes","Heatsinks"],"picked":"SKIP","floor":12.0},{"not_picked":["Sweeping Beam","Sunder"],"picked":"Cold Snap","floor":13.0},{"not_picked":["Gash","Sweeping Beam"],"picked":"Barrage","floor":14.0},{"not_picked":["Creative AI","Thunder Strike"],"picked":"Core Surge","floor":16.0},{"not_picked":[],"picked":"Barrage","floor":18.0},{"not_picked":["Go for the Eyes"],"picked":"SKIP","floor":19.0},{"not_picked":[],"picked":"Capacitor","floor":21.0},{"not_picked":[],"picked":"Static Discharge","floor":24.0},{"not_picked":[],"picked":"Glacier","floor":28.0},{"not_picked":["Heatsinks"],"picked":"SKIP","floor":29.0},{"not_picked":[],"picked":"Conserve Battery","floor":30.0},{"not_picked":[],"picked":"Rainbow","floor":33.0},{"not_picked":[],"picked":"Sweeping Beam","floor":35.0},{"not_picked":[],"picked":"FTL","floor":38.0},{"not_picked":[],"picked":"Glacier+1","floor":39.0},{"not_picked":["Go for the Eyes"],"picked":"SKIP","floor":40.0},{"not_picked":[],"picked":"Tempest+1","floor":42},{"not_picked":[],"picked":"Doom and Gloom","floor":44}],"player_experience":873236,"relics_obtained":[{"floor":7.0,"key":"Meat on the Bone"},{"floor":9.0,"key":"Anchor"},{"floor":13.0,"key":"Blood Vial"},{"floor":24.0,"key":"Girya"},{"floor":26.0,"key":"The Courier"},{"floor":29.0,"key":"Bronze Scales"},{"floor":40.0,"key":"Cables"},{"floor":44,"key":"Toy Ornithopter"}],"event_choices":[{"damage_healed":0.0,"max_hp_gain":0.0,"max_hp_loss":0.0,"gold_gain":175.0,"event_name":"Liars Game","player_choice":"AGREE","floor":2.0,"gold_loss":0.0,"damage_taken":0.0,"cards_obtained":["Doubt"]},{"damage_healed":0.0,"max_hp_gain":0.0,"max_hp_loss":0.0,"gold_gain":75.0,"event_name":"World of Goop","player_choice":"Gather Gold","floor":3.0,"gold_loss":0.0,"damage_taken":11.0},{"cards_removed":["Doubt"],"damage_healed":0.0,"max_hp_gain":0.0,"max_hp_loss":0.0,"gold_gain":0.0,"event_name":"Living Wall","player_choice":"Forget","floor":4.0,"gold_loss":0.0,"damage_taken":0.0},{"damage_healed":0.0,"max_hp_gain":0.0,"max_hp_loss":0.0,"gold_gain":0.0,"event_name":"Golden Idol","player_choice":"Take Damage","floor":8.0,"gold_loss":0.0,"damage_taken":17.0,"relics_obtained":["Golden Idol"]},{"cards_removed":["Capacitor"],"damage_healed":31.0,"max_hp_gain":0.0,"max_hp_loss":0.0,"gold_gain":0.0,"event_name":"Bonfire Elementals","player_choice":"Offered Uncommon","floor":22.0,"gold_loss":0.0,"damage_taken":0.0},{"damage_healed":0.0,"max_hp_gain":0.0,"max_hp_loss":0.0,"gold_gain":0.0,"event_name":"SecretPortal","player_choice":"Ignored","floor":36.0,"gold_loss":0.0,"damage_taken":0.0}],"is_beta":false,"boss_relics":[{"not_picked":["Calling Bell","Tiny House"],"picked":"Busted Crown"},{"not_picked":["SlaversCollar","Empty Cage"],"picked":"Sozu"}],"items_purged_floors":[11,20,37],"is_endless":false,"potions_floor_spawned":[5,7,13,19,28,38,42],"killed_by":"Nemesis","ascension_level":12}}