{"host":"u4zac1ah2fyo4jwu","time":1611154272,"event":{"mods":["AchievementEnabler","BaseMod","Keyboard Shortcuts","Minty Spire (QoL Compilation)","Quick Restart","Rare Cards Sparkle","SuperFastMode"],"gold_per_floor":[109,109,109,31,106,106,131,131,131,131,131,183,6,41,41,167,167,191,191,191,44,69,103,103,119,144,144,144],"floor_reached":27,"language":"KOR","playtime":904,"items_purged":[],"score":233,"play_id":"d5cd38ce-47fc-4948-86f4-ab4f6bd55ded","local_time":"20210120235112","is_ascension_mode":false,"campfire_choices":[{"data":"Defragment","floor":6,"key":"SMITH"},{"floor":8,"key":"REST"},{"data":"Loop","floor":11,"key":"SMITH"},{"data":"Seek","floor":15,"key":"SMITH"},{"floor":24,"key":"REST"}],"circlet_count":0,"master_deck":["Strike_B","Strike_B","Strike_B","Defend_B","Defend_B","Defend_B","Zap+1","Dualcast","Conserve Battery","Defragment+1","Loop+1","Coolheaded","Seek+1","Buffer","Redo","Reboot","Barrage","Defragment+1","Coolheaded+1","Melter"],"relics":["Cracked Core","Regal Pillow","MealTicket","Golden Idol","Boot","Lantern","Toy Ornithopter","Runic Pyramid","DollysMirror","Darkstone Periapt","Bag of Marbles"],"acts_visited":["Exordium","TheCity"],"potions_floor_usage":[],"damage_taken":[{"damage":8,"enemies":"Jaw Worm","floor":1,"turns":3},{"damage":36,"enemies":"Lagavulin","floor":7,"turns":7},{"damage":26,"enemies":"Gremlin Nob","floor":14,"turns":5},{"damage":19,"enemies":"Slime Boss","floor":16,"turns":12},{"damage":1,"enemies":"Shell Parasite","floor":18,"turns":7},{"damage":7,"enemies":"3 Byrds","floor":22,"turns":4},{"damage":32,"enemies":"Gremlin Leader","floor":23,"turns":10},{"damage":71,"enemies":"3 Cultists","floor":25,"turns":9},{"damage":35,"enemies":"Snake Plant","floor":27,"turns":2}],"seed_played":"-7557182690234145300","potions_obtained":[{"floor":7,"key":"FairyPotion"},{"floor":16,"key":"SpeedPotion"},{"floor":25,"key":"FocusPotion"}],"is_trial":false,"path_per_floor":["M","?","?","$","?","R","E","R","T","?","R","T","$","E","R","B",null,"M","?","?","$","M","E","R","M","T","M"],"character_chosen":"DEFECT","items_purchased":["Defragment","Lantern","Coolheaded","DollysMirror"],"campfire_rested":2,"item_purchase_floors":[4,13,13,21],"current_hp_per_floor":[74,74,74,74,63,63,27,66,66,66,66,66,76,50,50,31,76,75,75,75,76,69,37,74,3,3,0,0],"gold":144,"neow_bonus":"TEN_PERCENT_HP_BONUS","is_daily":false,"chose_seed":false,"campfire_upgraded":3,"win_rate":0.0,"timestamp":1611154272,"path_taken":["M","?","?","$","?","R","E","R","T","?","R","?","$","E","R","BOSS","M","?","?","$","M","E","R","M","T","M"],"items_purchased_type":["Card","Relic","Card","Relic"],"build_version":"2020-12-22","purchased_purges":0,"victory":false,"max_hp_per_floor":[82,82,82,82,82,82,82,82,82,76,76,76,76,76,76,76,76,76,76,76,76,76,76,76,76,76,76,76],"card_choices":[{"not_picked":["Ball Lightning","Leap"],"picked":"Conserve Battery","floor":1},{"not_picked":["Gash","Redo"],"picked":"Loop","floor":7},{"not_picked":["Streamline","Auto Shields"],"picked":"Seek","floor":14},{"not_picked":["Thunder Strike","Multi-Cast"],"picked":"Buffer","floor":16},{"not_picked":["Sweeping Beam","Compile Driver"],"picked":"Redo","floor":18},{"not_picked":["Barrage","Cold Snap"],"picked":"Coolheaded+1","floor":22},{"not_picked":["Barrage+1","Tempest"],"picked":"Melter","floor":23},{"not_picked":["Barrage","Cold Snap","Reprogram+1"],"picked":"SKIP","floor":25}],"player_experience":16020,"relics_obtained":[{"floor":7,"key":"Regal Pillow"},{"floor":9,"key":"MealTicket"},{"floor":12,"key":"Boot"},{"floor":14,"key":"Toy Ornithopter"},{"floor":23,"key":"Darkstone Periapt"},{"floor":26,"key":"Bag of Marbles"}],"event_choices":[{"damage_healed":0,"gold_gain":0,"player_choice":"Leave","damage_taken":0,"max_hp_gain":0,"max_hp_loss":0,"event_name":"The Cleric","floor":2,"gold_loss":0},{"damage_healed":0,"gold_gain":0,"player_choice":"Grow","damage_taken":0,"max_hp_gain":0,"max_hp_loss":0,"event_name":"Living Wall","floor":3,"gold_loss":0,"cards_upgraded":["Zap"]},{"damage_healed":0,"gold_gain":75,"player_choice":"Gather Gold","damage_taken":11,"max_hp_gain":0,"max_hp_loss":0,"event_name":"World of Goop","floor":5,"gold_loss":0},{"damage_healed":0,"gold_gain":0,"player_choice":"Lose Max HP","damage_taken":0,"relics_obtained":["Golden Idol"],"max_hp_gain":0,"max_hp_loss":6,"event_name":"Golden Idol","floor":10,"gold_loss":0},{"damage_healed":0,"gold_gain":0,"cards_transformed":["Strike_B","Defend_B"],"player_choice":"Became Test Subject","damage_taken":0,"max_hp_gain":0,"max_hp_loss":0,"event_name":"Drug Dealer","floor":19,"gold_loss":0,"cards_obtained":["Reboot","Barrage"]},{"damage_healed":0,"gold_gain":0,"player_choice":"Ignored","damage_taken":0,"max_hp_gain":0,"max_hp_loss":0,"event_name":"NoteForYourself","floor":20,"gold_loss":0}],"is_beta":false,"boss_relics":[{"not_picked":["Astrolabe","Snecko Eye"],"picked":"Runic Pyramid"}],"items_purged_floors":[],"is_endless":false,"potions_floor_spawned":[7,16,25],"killed_by":"Snake Plant","ascension_level":0}}