{"host":"8f5cu9y0fpol72qs","time":1611181823,"event":{"mods":["AlwaysNeverKeys","BaseMod","Colored Map","Colored Powertips","Curses Come First","Highlight Path","Key Reminder","Minty Spire (QoL Compilation)","StSLib"],"gold_per_floor":[11,22,34,45,59,89,89,89,116,97,97,116,116,150,150,223,223,234,334,347,366,416,443,216,216,240,256,282,299,331,342,342,420,420,438,454,473,473,473,473,505,505,531,391,422,439,439,459,459,459,459,459,20,53,53,53],"floor_reached":55,"language":"ENG","playtime":4382,"items_purged":["Strike_G","Decay"],"score":1280,"play_id":"9d6597fb-bddc-44ee-a114-72a8f1de9602","local_time":"20210120143023","is_ascension_mode":true,"campfire_choices":[{"floor":7.0,"key":"REST"},{"floor":11.0,"key":"REST"},{"data":"Wraith Form v2","floor":13.0,"key":"SMITH"},{"data":"Deadly Poison","floor":15.0,"key":"SMITH"},{"floor":25.0,"key":"RECALL"},{"floor":32.0,"key":"REST"},{"floor":40.0,"key":"REST"},{"floor":42.0,"key":"REST"},{"floor":47.0,"key":"REST"},{"floor":49.0,"key":"REST"},{"floor":52,"key":"REST"}],"circlet_count":0,"master_deck":["AscendersBane","Strike_G","Strike_G","Strike_G","Strike_G","Defend_G","Defend_G","Defend_G","Defend_G","Defend_G","Survivor","Neutralize","Calculated Gamble","Flying Knee","Poisoned Stab","Wraith Form v2+1","Deadly Poison+1","Predator","Backflip","Backstab","Blade Dance","Adrenaline","Infinite Blades","Leg Sweep","Night Terror","Crippling Poison+1","Caltrops","Bouncing Flask","Quick Slash+1","Envenom"],"relics":["Ring of the Snake","Paper Crane","Blood Vial","Kunai","Fusion Hammer","Vajra","Lantern","Potion Belt","Centennial Puzzle","MealTicket","Sozu","Omamori","Ice Cream","Snake Skull","ClockworkSouvenir","Akabeko"],"acts_visited":["Exordium","TheCity","TheBeyond","TheEnding"],"potions_floor_usage":[],"damage_taken":[{"damage":11.0,"enemies":"Cultist","floor":1.0,"turns":6.0},{"damage":0.0,"enemies":"Small Slimes","floor":2.0,"turns":4.0},{"damage":2.0,"enemies":"Jaw Worm","floor":3.0,"turns":5.0},{"damage":1.0,"enemies":"Red Slaver","floor":4.0,"turns":5.0},{"damage":12.0,"enemies":"Large Slime","floor":5.0,"turns":7.0},{"damage":39.0,"enemies":"3 Sentries","floor":6.0,"turns":12.0},{"damage":0.0,"enemies":"Exordium Wildlife","floor":8.0,"turns":1.0},{"damage":3.0,"enemies":"Exordium Thugs","floor":10.0,"turns":4.0},{"damage":2.0,"enemies":"2 Fungi Beasts","floor":12.0,"turns":4.0},{"damage":3.0,"enemies":"Gremlin Nob","floor":14.0,"turns":5.0},{"damage":18.0,"enemies":"The Guardian","floor":16.0,"turns":14.0},{"damage":0.0,"enemies":"Shell Parasite","floor":18.0,"turns":5.0},{"damage":0.0,"enemies":"Chosen","floor":20.0,"turns":4.0},{"damage":0.0,"enemies":"Snake Plant","floor":21.0,"turns":5.0},{"damage":12.0,"enemies":"Book of Stabbing","floor":23.0,"turns":6.0},{"damage":0.0,"enemies":"Centurion and Healer","floor":27.0,"turns":5.0},{"damage":5.0,"enemies":"Slavers","floor":28.0,"turns":6.0},{"damage":1.0,"enemies":"Shelled Parasite and Fungi","floor":29.0,"turns":5.0},{"damage":9.0,"enemies":"Book of Stabbing","floor":30.0,"turns":6.0},{"damage":0.0,"enemies":"Cultist and Chosen","floor":31.0,"turns":6.0},{"damage":43.0,"enemies":"Collector","floor":33.0,"turns":13.0},{"damage":10.0,"enemies":"3 Darklings","floor":35.0,"turns":6.0},{"damage":5.0,"enemies":"3 Shapes","floor":36.0,"turns":6.0},{"damage":10.0,"enemies":"3 Darklings","floor":37.0,"turns":9.0},{"damage":55.0,"enemies":"Nemesis","floor":41.0,"turns":13.0},{"damage":11.0,"enemies":"Reptomancer","floor":45.0,"turns":9.0},{"damage":1.0,"enemies":"Sphere and 2 Shapes","floor":46.0,"turns":5.0},{"damage":9.0,"enemies":"Transient","floor":48.0,"turns":5.0},{"damage":57,"enemies":"Time Eater","floor":50,"turns":14},{"damage":30,"enemies":"Shield and Spear","floor":54,"turns":8},{"damage":46,"enemies":"The Heart","floor":55,"turns":5}],"seed_played":"6252828524141017539","potions_obtained":[{"floor":1.0,"key":"Dexterity Potion"},{"floor":4.0,"key":"AttackPotion"},{"floor":6.0,"key":"SmokeBomb"},{"floor":10.0,"key":"Fire Potion"},{"floor":16.0,"key":"DuplicationPotion"},{"floor":21.0,"key":"Weak Potion"},{"floor":23.0,"key":"Block Potion"},{"floor":27.0,"key":"Swift Potion"},{"floor":30.0,"key":"Energy Potion"},{"floor":33.0,"key":"Swift Potion"}],"is_trial":false,"path_per_floor":["M","M","M","M","M","E","R","M","T","M","R","M","R","E","R","B",null,"M","?","M","M","?","E","$","R","T","M","E","M","E","M","R","B",null,"M","M","M","?","?","R","E","R","T","$","E","M","R","M","R","B",null,"R","$","E","B"],"character_chosen":"THE_SILENT","items_purchased":["Lantern","Caltrops","Snake Skull","ClockworkSouvenir","Envenom"],"campfire_rested":8,"item_purchase_floors":[24,44,53,53,53],"current_hp_per_floor":[60,60,58,57,45,6,29,29,29,28,51,51,51,50,50,34,67,69,69,71,73,73,63,63,63,63,65,62,63,56,58,78,35,67,59,56,48,48,48,70,17,39,39,54,45,46,68,61,74,17,60,74,74,44,0,0],"gold":53,"neow_bonus":"TWENTY_PERCENT_HP_BONUS","is_daily":false,"chose_seed":false,"campfire_upgraded":2,"win_rate":0.0,"timestamp":1611181823,"path_taken":["M","M","M","?","?","E","R","M","T","M","R","M","R","E","R","BOSS","BOSS","M","?","?","M","?","E","$","R","T","M","E","?","E","M","R","BOSS","M","M","M","?","?","R","E","R","T","$","E","M","R","?","R","BOSS","R","$","E","BOSS"],"items_purchased_type":["Relic","Card","Relic","Relic","Card"],"build_version":"2020-12-22","purchased_purges":2,"victory":false,"max_hp_per_floor":[78,78,78,78,78,78,78,78,78,78,78,78,78,78,78,78,78,78,78,78,78,78,78,78,78,78,78,78,78,78,78,78,78,78,78,78,78,74,74,74,74,74,74,74,74,74,74,74,74,74,74,74,74,74,74,74],"card_choices":[{"not_picked":["Underhanded Strike","Bane"],"picked":"Calculated Gamble","floor":1.0},{"not_picked":["Sucker Punch","Dodge and Roll"],"picked":"Flying Knee","floor":2.0},{"not_picked":["Blade Dance","Flying Knee"],"picked":"Poisoned Stab","floor":3.0},{"not_picked":["All Out Attack","Poisoned Stab"],"picked":"Wraith Form v2","floor":4.0},{"not_picked":["Underhanded Strike","Acrobatics"],"picked":"Deadly Poison","floor":5.0},{"not_picked":["Concentrate","Dagger Spray"],"picked":"Predator","floor":6.0},{"not_picked":["Calculated Gamble","Acrobatics"],"picked":"Backflip","floor":10.0},{"not_picked":["Flying Knee","Riddle With Holes"],"picked":"Backstab","floor":12.0},{"not_picked":["Expertise","Dagger Spray"],"picked":"Blade Dance","floor":14.0},{"not_picked":["Phantasmal Killer","Glass Knife"],"picked":"Adrenaline","floor":16.0},{"not_picked":["Masterful Stab","Escape Plan","Flechettes"],"picked":"SKIP","floor":18.0},{"not_picked":["Poisoned Stab","Cloak And Dagger","Flying Knee+1"],"picked":"SKIP","floor":20.0},{"not_picked":["Poisoned Stab","Cloak And Dagger","Flying Knee+1"],"picked":"SKIP","floor":20.0},{"not_picked":["Skewer","Bane","Quick Slash"],"picked":"SKIP","floor":21.0},{"not_picked":["Eviscerate","Deadly Poison"],"picked":"Infinite Blades","floor":23.0},{"not_picked":["Underhanded Strike","Dagger Spray","Cloak And Dagger"],"picked":"SKIP","floor":27.0},{"not_picked":["Dagger Throw","Blur","Poisoned Stab"],"picked":"SKIP","floor":28.0},{"not_picked":["Unload","Outmaneuver","Slice"],"picked":"SKIP","floor":29.0},{"not_picked":["Prepared","Grand Finale","Acrobatics"],"picked":"SKIP","floor":30.0},{"not_picked":["Deflect+1","Outmaneuver"],"picked":"Leg Sweep","floor":31.0},{"not_picked":["Doppelganger","After Image"],"picked":"Night Terror","floor":33.0},{"not_picked":["Sucker Punch","Finisher"],"picked":"Crippling Poison+1","floor":35.0},{"not_picked":["Underhanded Strike+1","Sucker Punch","Blur"],"picked":"SKIP","floor":36.0},{"not_picked":["Heel Hook","Infinite Blades+1","Slice"],"picked":"SKIP","floor":37.0},{"not_picked":["Dagger Throw+1","Cloak And Dagger","Prepared"],"picked":"SKIP","floor":41.0},{"not_picked":["Footwork+1","Backstab"],"picked":"Bouncing Flask","floor":45.0},{"not_picked":["All Out Attack+1","Prepared","Cloak And Dagger"],"picked":"SKIP","floor":46.0},{"not_picked":["Predator","Bane"],"picked":"Quick Slash+1","floor":48.0},{"not_picked":["Reflex","Setup","Poisoned Stab"],"picked":"SKIP","floor":54}],"player_experience":847086,"relics_obtained":[{"floor":6.0,"key":"Paper Crane"},{"floor":9.0,"key":"Blood Vial"},{"floor":14.0,"key":"Kunai"},{"floor":23.0,"key":"Vajra"},{"floor":26.0,"key":"Potion Belt"},{"floor":28.0,"key":"Centennial Puzzle"},{"floor":30.0,"key":"MealTicket"},{"floor":41.0,"key":"Omamori"},{"floor":45.0,"key":"Ice Cream"},{"floor":54,"key":"Akabeko"}],"event_choices":[{"damage_healed":0.0,"max_hp_gain":0.0,"max_hp_loss":0.0,"gold_gain":100.0,"event_name":"Golden Shrine","player_choice":"Pray","floor":19.0,"gold_loss":0.0,"damage_taken":0.0},{"damage_healed":0.0,"max_hp_gain":0.0,"max_hp_loss":0.0,"gold_gain":100.0,"event_name":"The Joust","player_choice":"Bet on Murderer","floor":22.0,"gold_loss":50.0,"damage_taken":0.0},{"damage_healed":0.0,"max_hp_gain":0.0,"max_hp_loss":4.0,"gold_gain":0.0,"event_name":"Winding Halls","player_choice":"Max HP","floor":38.0,"gold_loss":0.0,"damage_taken":0.0},{"damage_healed":0.0,"max_hp_gain":0.0,"max_hp_loss":0.0,"gold_gain":0.0,"event_name":"Wheel of Change","player_choice":"Cursed","floor":39.0,"gold_loss":0.0,"damage_taken":0.0,"cards_obtained":["Decay"]}],"is_beta":false,"boss_relics":[{"not_picked":["Runic Dome","Black Star"],"picked":"Fusion Hammer"},{"not_picked":["Philosopher\u0027s Stone","Tiny House"],"picked":"Sozu"}],"items_purged_floors":[24,44],"is_endless":false,"potions_floor_spawned":[1,4,6,10,12,16,21,23,27,30,33,35,36,46,54],"killed_by":"The Heart","ascension_level":14}}