{"host":"thin","time":1611136657,"event":{"mods":["BaseMod","Colored Powertips","Minty Spire (QoL Compilation)","Replay The Spire","Shop Mod","StSLib","The Bug Knight"],"gold_per_floor":[114,114,39,39,39,72,72,91,166,182,182,213,231,231,231,329,329,347,446,446,13,28,28,28],"floor_reached":23,"language":"ZHS","playtime":536,"items_purged":[],"score":380,"play_id":"2142d87b-8cf7-4700-9c1b-3bd993687d8c","local_time":"20210120175737","is_ascension_mode":true,"campfire_choices":[{"floor":7.0,"key":"RECALL"},{"data":"HollowMod:MantisMark","floor":11.0,"key":"SMITH"},{"data":"HollowMod:MantisMark","floor":15.0,"key":"SMITH"}],"circlet_count":0,"master_deck":["AscendersBane","HollowMod:NailStrikeStart","HollowMod:NailStrikeStart","HollowMod:NailStrikeStart","HollowMod:NailStrikeStart","HollowMod:QuickDashStart","HollowMod:QuickDashStart","HollowMod:QuickDashStart","HollowMod:QuickDashStart","HollowMod:FocusHealStart","HollowMod:PogoStrike","HollowMod:AbyssShriek+1","HollowMod:MantisMark+1","HollowMod:Hiveblood","HollowMod:MantisMark+1","HollowMod:MidwifesHunger","HollowMod:CloakDash","HollowMod:HuntersJournal"],"relics":["HollowMod:VesselMask","NeowsBlessing","ReplayTheSpireMod:Ring of Exchange","Ring of Hypnosis","HollowMod:MillibellesNoteRelic","Gremlin Food","Replay:Ringing Soul","Centennial Puzzle","ClockworkSouvenir","Dead Branch","Medical Kit"],"acts_visited":["Exordium","TheCity"],"potions_floor_usage":[23],"damage_taken":[{"damage":0.0,"enemies":"Jaw Worm","floor":1.0,"turns":1.0},{"damage":0.0,"enemies":"Gremlin Nob","floor":6.0,"turns":1.0},{"damage":0.0,"enemies":"2 Louse","floor":8.0,"turns":1.0},{"damage":7.0,"enemies":"Small Slimes","floor":10.0,"turns":3.0},{"damage":8.0,"enemies":"3 Sentries","floor":12.0,"turns":4.0},{"damage":3.0,"enemies":"3 Louse","floor":13.0,"turns":2.0},{"damage":38.0,"enemies":"HollowMod:FalseKnight","floor":16.0,"turns":8.0},{"damage":41.0,"enemies":"3 Byrds","floor":18.0,"turns":4.0},{"damage":52.0,"enemies":"Spheric Guardian","floor":22.0,"turns":4.0},{"damage":31,"enemies":"Replay:Snechameleon","floor":23,"turns":5}],"seed_played":"523185883860006318","potions_obtained":[{"floor":1.0,"key":"CultistPotion"},{"floor":6.0,"key":"Fire Potion"},{"floor":13.0,"key":"LifebloodPotion"},{"floor":22.0,"key":"FearPotion"}],"is_trial":false,"path_per_floor":["M","?","$","?","?","E","R","M","T","M","R","E","M","?","R","B",null,"M","?","?","$","M","E"],"character_chosen":"THE_BUGKNIGHT","items_purchased":["HollowMod:AbyssShriek","Dead Branch","Medical Kit"],"campfire_rested":0,"item_purchase_floors":[3,21,21],"current_hp_per_floor":[68,68,68,68,43,43,43,43,43,39,39,34,34,55,55,47,77,48,48,48,48,21,0,0],"gold":28,"neow_bonus":"THREE_ENEMY_KILL","is_daily":false,"chose_seed":false,"campfire_upgraded":2,"win_rate":0.0,"timestamp":1611136657,"path_taken":["M","?","$","?","?","E","R","M","T","M","R","E","M","?","R","BOSS","M","?","?","$","M","E"],"items_purchased_type":["Card","Relic","Relic"],"build_version":"2020-12-18","purchased_purges":0,"victory":false,"max_hp_per_floor":[75,75,75,75,75,75,75,75,75,78,78,81,84,84,84,87,87,90,90,90,90,93,93,93],"card_choices":[{"not_picked":["HollowMod:LuriensSpire","HollowMod:MothsMistake","HollowMod:InfectionAssault"],"picked":"SKIP","floor":1.0},{"not_picked":["HollowMod:FallenFury","HollowMod:PureNailStrike","HollowMod:HeavyBlow"],"picked":"SKIP","floor":6.0},{"not_picked":["HollowMod:InfectedCysts","HollowMod:CrystalDash","HollowMod:RadiancesLament"],"picked":"SKIP","floor":8.0},{"not_picked":["HollowMod:LifebloodCocoon","HollowMod:GoodIntentions"],"picked":"HollowMod:MantisMark","floor":10.0},{"not_picked":["HollowMod:CloakDash","HollowMod:DashSlash"],"picked":"HollowMod:Hiveblood","floor":12.0},{"not_picked":["HollowMod:MonomonsArchive","HollowMod:ChannelNail"],"picked":"HollowMod:MantisMark","floor":13.0},{"not_picked":["HollowMod:RadiancesLament","HollowMod:ElderbugsWisdom"],"picked":"HollowMod:MidwifesHunger","floor":16.0},{"not_picked":["HollowMod:DashSlash","HollowMod:LifebloodCocoon"],"picked":"HollowMod:CloakDash","floor":18.0},{"not_picked":["HollowMod:VengefulSpirit","HollowMod:HowlingWraiths"],"picked":"HollowMod:HuntersJournal","floor":22.0}],"player_experience":958779,"relics_obtained":[{"floor":2.0,"key":"ReplayTheSpireMod:Ring of Exchange"},{"floor":2.0,"key":"Ring of Hypnosis"},{"floor":6.0,"key":"Gremlin Food"},{"floor":9.0,"key":"Replay:Ringing Soul"},{"floor":12.0,"key":"Centennial Puzzle"}],"event_choices":[{"damage_healed":0.0,"max_hp_gain":0.0,"max_hp_loss":0.0,"gold_gain":0.0,"event_name":"Living Wall","player_choice":"Grow","floor":4.0,"gold_loss":0.0,"damage_taken":0.0,"cards_upgraded":["HollowMod:AbyssShriek"]},{"damage_healed":0.0,"max_hp_gain":0.0,"max_hp_loss":0.0,"gold_gain":0.0,"event_name":"Scrap Ooze","player_choice":"Success","floor":5.0,"gold_loss":0.0,"damage_taken":25.0,"relics_obtained":["HollowMod:MillibellesNoteRelic"]},{"damage_healed":0.0,"max_hp_gain":0.0,"max_hp_loss":0.0,"gold_gain":99.0,"event_name":"Nest","player_choice":"Stole From Cult","floor":19.0,"gold_loss":0.0,"damage_taken":0.0},{"damage_healed":0.0,"max_hp_gain":0.0,"max_hp_loss":0.0,"gold_gain":0.0,"event_name":"Ghosts","player_choice":"Ignored","floor":20.0,"gold_loss":0.0,"damage_taken":0.0}],"is_beta":true,"boss_relics":[{"not_picked":["Strange Spoon","Runic Dome"],"picked":"ClockworkSouvenir"}],"items_purged_floors":[],"is_endless":false,"potions_floor_spawned":[1,6,13,22],"killed_by":"Replay:Snechameleon","ascension_level":12}}