{"host":"0fm1w3v00gid44jl","time":1611183548,"event":{"mods":["AchievementEnabler","BaseMod","Colored Map","Colored Powertips","Displayed Cursed Tome","Downfall","Googly Eyes","Highlight Path","Minty Spire (QoL Compilation)","Permanent Neow","Relic Stats","StSLib","SuperFastMode","slay the spire mod where everything is the same but ironclad has a cowboy hat"],"gold_per_floor":[99,118,137,137,8,28,28,28,42,27,27,12,28,13,30,127,127,127,127,127,127],"floor_reached":19,"language":"ENG","playtime":8720,"items_purged":[],"score":157,"play_id":"185248f3-3bf5-4b68-8feb-8e30ba9279f2","local_time":"20210120165908","is_ascension_mode":false,"campfire_choices":[{"data":"bronze:DelayedGuard","floor":1,"key":"SMITH"},{"data":"bronze:GetLatest","floor":8,"key":"SMITH"},{"data":"bronze:CleanCode","floor":18,"key":"SMITH"}],"circlet_count":0,"master_deck":["bronze:Strike","bronze:Strike","bronze:Strike","bronze:Defend","bronze:Defend","bronze:Defend","bronze:Defend","bronze:Replicate","bronze:Goto","bronze:DelayedGuard+1","bronze:DelayedSlice","bronze:Philosophize+1","bronze:GetLatest+1","bronze:Flail","bronze:Optimize","bronze:ItsAFeature","bronze:BronzeArmor","bronze:CleanCode+1","bronze:GetLatest","bronze:Separator","bronze:WhirlingStrike","bronze:Terminator","bronze:AlphaBuild"],"relics":["bronze:BronzeCore","bronze:BottledCode","Kunai","Snecko Eye"],"acts_visited":["Exordium","TheCity"],"potions_floor_usage":[5],"damage_taken":[{"damage":1,"enemies":"Jaw Worm","floor":2,"turns":4},{"damage":0,"enemies":"Cultist","floor":3,"turns":3},{"damage":15,"enemies":"downfall:FleeingMerchant","floor":5,"turns":4},{"damage":0,"enemies":"2 Louse","floor":6,"turns":3},{"damage":0,"enemies":"Large Slime","floor":9,"turns":3},{"damage":10,"enemies":"downfall:FleeingMerchant","floor":10,"turns":4},{"damage":0,"enemies":"downfall:FleeingMerchant","floor":12,"turns":4},{"damage":17,"enemies":"Blue Slaver","floor":13,"turns":3},{"damage":0,"enemies":"downfall:FleeingMerchant","floor":14,"turns":4},{"damage":13,"enemies":"Exordium Wildlife","floor":15,"turns":2},{"damage":25,"enemies":"IC_STATUS_ARCHETYPE","floor":16,"turns":6},{"damage":20,"enemies":"3 Byrds","floor":19,"turns":2}],"seed_played":"4983664856400368422","potions_obtained":[{"floor":2,"key":"AttackPotion"},{"floor":3,"key":"DistilledChaos"},{"floor":9,"key":"Regen Potion"},{"floor":15,"key":"FairyPotion"},{"floor":16,"key":"AttackPotion"}],"is_trial":false,"path_per_floor":["R","M","M","?","$","M","T","R","M","$","?","$","M","$","M","B",null,"R","M"],"character_chosen":"THE_AUTOMATON","items_purchased":["bronze:Flail","bronze:Optimize"],"campfire_rested":0,"item_purchase_floors":[5,5],"current_hp_per_floor":[70,69,69,60,45,45,45,45,45,35,35,35,18,18,5,18,60,60,40,40,40],"gold":127,"neow_bonus":"TRANSFORM_CARD","is_daily":false,"chose_seed":false,"campfire_upgraded":3,"win_rate":0.0,"timestamp":1611183548,"path_taken":["R","M","M","?","$","M","T","R","M","$","?","?","?","$","M","BOSS","R","M"],"items_purchased_type":["Card","Card"],"build_version":"2020-12-22","purchased_purges":0,"victory":false,"max_hp_per_floor":[70,70,70,60,60,60,60,60,60,60,60,60,60,60,60,60,60,60,60,60,60],"relic_stats":{"counters":[12,42],"Snecko Eye":[4,5,3,5],"Kunai":[13],"obtain_stats":[{"bronze:BottledCode":4,"bronze:BronzeCore":0,"Snecko Eye":17,"Kunai":7},{"bronze:BottledCode":2,"bronze:BronzeCore":0,"Snecko Eye":11,"Kunai":4},{"bronze:BottledCode":7,"bronze:BronzeCore":0,"Snecko Eye":40,"Kunai":14}]},"card_choices":[{"not_picked":["bronze:Return","bronze:BitShift"],"picked":"bronze:DelayedSlice","floor":2},{"not_picked":["bronze:Iterate","bronze:CloningBeam"],"picked":"bronze:Philosophize","floor":3},{"not_picked":["bronze:Repulsor","bronze:ChildClass"],"picked":"bronze:GetLatest","floor":5},{"not_picked":["bronze:NullPointer","bronze:Turbo"],"picked":"bronze:ItsAFeature","floor":6},{"not_picked":["bronze:Branch","bronze:Overheat"],"picked":"bronze:BronzeArmor","floor":9},{"not_picked":["bronze:ChildClass","bronze:Iterate"],"picked":"bronze:CleanCode","floor":10},{"not_picked":["bronze:ThunderWave","bronze:Constructor"],"picked":"bronze:GetLatest","floor":12},{"not_picked":["bronze:Frontload","bronze:GetLatest"],"picked":"bronze:Separator","floor":13},{"not_picked":["bronze:ChosenStrike","bronze:WildBeam"],"picked":"bronze:WhirlingStrike","floor":14},{"not_picked":["bronze:Optimize","bronze:Frontload"],"picked":"bronze:Terminator","floor":15},{"not_picked":["bronze:BurnOut","bronze:RecursiveStrike"],"picked":"bronze:AlphaBuild","floor":16}],"player_experience":1470144,"relics_obtained":[{"floor":7,"key":"Kunai"}],"event_choices":[{"damage_healed":0,"gold_gain":0,"player_choice":"Grow","damage_taken":0,"max_hp_gain":0,"max_hp_loss":0,"event_name":"Living Wall","floor":11,"gold_loss":0,"cards_upgraded":["bronze:Philosophize"]}],"is_beta":false,"boss_relics":[{"not_picked":["Runic Pyramid","Velvet Choker"],"picked":"Snecko Eye"}],"items_purged_floors":[],"is_endless":false,"potions_floor_spawned":[2,3,9,15,16],"killed_by":"3 Byrds","ascension_level":0}}