{"host":"wogey4gsknv4ot2d","time":1611116066,"event":{"mods":["2.2 Compatiblity","AchievementEnabler","Alarm Clock","BaseMod","Bestiary","Better Match","Better Third Choice","Colored Map","Colored Powertips","Googly Eyes","Key Reminder","Minty Spire (QoL Compilation)","Permanent Neow","Rare Cards Sparkle","Relic Stats","StSLib"],"gold_per_floor":[119,119,129,146,146,179,195,195,245,320,350,350,379,379,379,483,483,493,507,507,557,571,602,602,517,544,575,249,249,324,340,340,340,340],"floor_reached":33,"language":"ENG","playtime":1699,"items_purged":[],"score":369,"play_id":"df65d245-cbd0-4ebe-bee7-620d6779eb88","local_time":"20210119221426","is_ascension_mode":true,"campfire_choices":[{"data":"Self Repair","floor":12,"key":"SMITH"},{"floor":15,"key":"REST"},{"floor":24,"key":"REST"},{"data":"Self Repair","floor":29,"key":"SMITH"},{"data":"White Noise","floor":32,"key":"SMITH"}],"circlet_count":0,"master_deck":["Strike_B","Strike_B","Strike_B+1","Strike_B","Defend_B","Defend_B+1","Defend_B","Defend_B","Zap","Dualcast","Cold Snap+1","Glacier","Go for the Eyes+1","Cold Snap+1","Self Repair+1","Coolheaded","Redo","Core Surge","Sweeping Beam","White Noise+1","Loop+1","Rip and Tear+1","Redo","Self Repair+1","Streamline+1"],"relics":["Velvet Choker","Ornamental Fan","Juzu Bracelet","DataDisk","Blood Vial","SacredBark","MutagenicStrength","Tiny Chest","Anchor","PreservedInsect","Strawberry","Whetstone"],"acts_visited":["Exordium","TheCity"],"potions_floor_usage":[16,23,23,33,33],"damage_taken":[{"damage":0,"enemies":"2 Louse","floor":1,"turns":3},{"damage":0,"enemies":"Cultist","floor":3,"turns":3},{"damage":0,"enemies":"Small Slimes","floor":4,"turns":4},{"damage":0,"enemies":"3 Sentries","floor":6,"turns":10},{"damage":0,"enemies":"2 Fungi Beasts","floor":7,"turns":5},{"damage":4,"enemies":"Lagavulin","floor":11,"turns":7},{"damage":8,"enemies":"3 Sentries","floor":13,"turns":9},{"damage":30,"enemies":"The Guardian","floor":16,"turns":24},{"damage":1,"enemies":"Chosen","floor":18,"turns":5},{"damage":17,"enemies":"3 Byrds","floor":19,"turns":8},{"damage":4,"enemies":"Cultist and Chosen","floor":22,"turns":6},{"damage":41,"enemies":"Gremlin Leader","floor":23,"turns":11},{"damage":0,"enemies":"Book of Stabbing","floor":27,"turns":7},{"damage":9,"enemies":"Snecko","floor":31,"turns":6},{"damage":184,"enemies":"Champ","floor":33,"turns":15}],"seed_played":"-1408900886705800856","potions_obtained":[{"floor":1,"key":"BlessingOfTheForge"},{"floor":3,"key":"Ancient Potion"},{"floor":6,"key":"ColorlessPotion"},{"floor":16,"key":"Swift Potion"},{"floor":23,"key":"Energy Potion"},{"floor":27,"key":"SkillPotion"},{"floor":31,"key":"Regen Potion"}],"is_trial":false,"path_per_floor":["M","?","M","M","?","E","M","?","T","?","E","R","E","?","R","B",null,"M","M","?","?","M","E","R","?","T","E","$","R","?","M","R","B"],"character_chosen":"DEFECT","items_purchased":["Whetstone","FairyPotion","Self Repair"],"campfire_rested":2,"item_purchase_floors":[28,28,28],"current_hp_per_floor":[75,75,75,75,80,80,80,80,80,69,72,72,74,58,80,60,80,80,73,73,73,80,49,73,73,73,87,87,87,79,82,82,0,0],"gold":340,"neow_bonus":"BOSS_RELIC","is_daily":false,"chose_seed":false,"campfire_upgraded":3,"win_rate":0.0,"timestamp":1611116066,"path_taken":["M","?","?","M","?","E","M","?","T","?","E","R","E","?","R","BOSS","M","M","?","?","M","E","R","?","T","E","$","R","?","M","R","BOSS"],"items_purchased_type":["Relic","Potion","Card"],"build_version":"2020-12-22","purchased_purges":0,"victory":false,"max_hp_per_floor":[75,75,75,75,80,80,80,80,80,80,80,80,80,80,80,80,80,80,80,80,80,80,80,80,80,80,87,87,87,87,87,87,87,87],"relic_stats":{"Blood Vial":8,"counters":[15,122],"Ornamental Fan":[76],"Tiny Chest":0,"PreservedInsect":41,"Juzu Bracelet":1,"Whetstone":["Go for the Eyes","Cold Snap"],"obtain_stats":[{"SacredBark":17,"Velvet Choker":0,"PreservedInsect":26,"Juzu Bracelet":9,"Whetstone":28,"Blood Vial":13,"DataDisk":11,"Anchor":25,"Ornamental Fan":6,"MutagenicStrength":20,"Strawberry":27,"Tiny Chest":23,"Cracked Core":0},{"SacredBark":8,"Velvet Choker":0,"PreservedInsect":12,"Juzu Bracelet":5,"Whetstone":13,"Blood Vial":7,"DataDisk":6,"Anchor":12,"Ornamental Fan":4,"MutagenicStrength":10,"Strawberry":13,"Tiny Chest":12,"Cracked Core":0},{"SacredBark":65,"Velvet Choker":0,"PreservedInsect":95,"Juzu Bracelet":25,"Whetstone":101,"Blood Vial":41,"DataDisk":32,"Anchor":95,"Ornamental Fan":20,"MutagenicStrength":78,"Strawberry":101,"Tiny Chest":95,"Cracked Core":0}]},"card_choices":[{"not_picked":["Blizzard","Turbo"],"picked":"Cold Snap","floor":1},{"not_picked":["Undo","Blizzard"],"picked":"Glacier","floor":3},{"not_picked":["Barrage","Hologram"],"picked":"Go for the Eyes","floor":4},{"not_picked":["Undo","Coolheaded"],"picked":"Cold Snap","floor":6},{"not_picked":["Heatsinks","Coolheaded"],"picked":"Self Repair","floor":7},{"not_picked":["Turbo","Rebound"],"picked":"Coolheaded","floor":11},{"not_picked":["Turbo","Chill"],"picked":"Redo","floor":13},{"not_picked":["Amplify","Seek"],"picked":"Core Surge","floor":16},{"not_picked":["Turbo","Reinforced Body"],"picked":"Sweeping Beam","floor":18},{"not_picked":["Tempest+1","Steam"],"picked":"White Noise","floor":19},{"not_picked":["Stack+1","Ball Lightning+1"],"picked":"Loop+1","floor":22},{"not_picked":["Loop","Sweeping Beam"],"picked":"Rip and Tear+1","floor":23},{"not_picked":["Stack","Sunder"],"picked":"Redo","floor":27},{"not_picked":["Coolheaded","Leap"],"picked":"Streamline+1","floor":31}],"player_experience":59806,"relics_obtained":[{"floor":6,"key":"Ornamental Fan"},{"floor":9,"key":"Juzu Bracelet"},{"floor":11,"key":"DataDisk"},{"floor":13,"key":"Blood Vial"},{"floor":23,"key":"Tiny Chest"},{"floor":26,"key":"PreservedInsect"},{"floor":27,"key":"Strawberry"}],"event_choices":[{"damage_healed":0,"gold_gain":0,"player_choice":"Forge","damage_taken":0,"max_hp_gain":0,"max_hp_loss":0,"event_name":"Accursed Blacksmith","floor":2,"gold_loss":0,"cards_upgraded":["Cold Snap"]},{"damage_healed":0,"gold_gain":0,"player_choice":"Donut","damage_taken":0,"max_hp_gain":5,"max_hp_loss":0,"event_name":"Big Fish","floor":5,"gold_loss":0},{"damage_healed":0,"gold_gain":0,"player_choice":"Leave","damage_taken":0,"max_hp_gain":0,"max_hp_loss":0,"event_name":"The Cleric","floor":8,"gold_loss":0},{"damage_healed":0,"gold_gain":75,"player_choice":"Gold","damage_taken":11,"max_hp_gain":0,"max_hp_loss":0,"event_name":"betterThird:BetterGoop","floor":10,"gold_loss":0},{"damage_healed":74,"gold_gain":0,"player_choice":"Upgrade","damage_taken":16,"max_hp_gain":0,"max_hp_loss":80,"event_name":"betterThird:BetterShining","floor":14,"gold_loss":0,"cards_upgraded":["Defend_B","Strike_B"]},{"damage_healed":0,"gold_gain":0,"player_choice":"Inject Mutagens","damage_taken":0,"relics_obtained":["MutagenicStrength"],"max_hp_gain":0,"max_hp_loss":0,"event_name":"Drug Dealer","floor":20,"gold_loss":0},{"damage_healed":0,"gold_gain":100,"player_choice":"Bet on Murderer","damage_taken":0,"max_hp_gain":0,"max_hp_loss":0,"event_name":"The Joust","floor":21,"gold_loss":50},{"damage_healed":0,"gold_gain":0,"player_choice":"Obtained Relic","damage_taken":0,"relics_obtained":["Anchor"],"max_hp_gain":0,"max_hp_loss":0,"event_name":"Addict","floor":25,"gold_loss":85},{"damage_healed":0,"gold_gain":75,"player_choice":"Touch","damage_taken":8,"max_hp_gain":0,"max_hp_loss":0,"event_name":"FaceTrader","floor":30,"gold_loss":0}],"is_beta":false,"boss_relics":[{"not_picked":["Fusion Hammer","Empty Cage"],"picked":"SacredBark"}],"items_purged_floors":[],"is_endless":false,"potions_floor_spawned":[1,3,6,11,16,23,27,31],"killed_by":"Champ","ascension_level":1}}