{"host":"70zhvo5nwrhp1mbg","time":1611122455,"event":{"mods":["BaseMod","Colored Map","Colored Powertips","Filter the Spire","Highlight Path","Minty Spire (QoL Compilation)","Rare Cards Sparkle","StSLib"],"gold_per_floor":[113,129,144,160,170,198,198,209,263,275,313,325,369,398,410,517,529,557,569,581,593,631,643,680,704,716,745,76,175,175,175],"floor_reached":30,"language":"ENG","playtime":1789,"items_purged":[],"score":351,"play_id":"dcc9dfa7-8330-4eff-b083-9802dee396d7","local_time":"20210120010055","is_ascension_mode":true,"campfire_choices":[{"data":"Perfected Strike","floor":7,"key":"SMITH"},{"floor":10,"key":"REST"},{"data":"Inflame","floor":12,"key":"SMITH"},{"floor":15,"key":"REST"},{"floor":23,"key":"REST"}],"circlet_count":0,"master_deck":["Strike_R","Strike_R","Strike_R","Strike_R","Strike_R","Defend_R","Defend_R","Defend_R","Defend_R","Bash","Pommel Strike","Uppercut","Iron Wave","Shrug It Off","Perfected Strike+1","Inflame+1","True Grit","Limit Break","Pommel Strike","Immolate","Metallicize","Cleave+1","Power Through","Demon Form","Anger","The Bomb","Searing Blow"],"relics":["Black Blood","NeowsBlessing","Lantern","MawBank","Question Card","Bottled Flame","Red Mask","Smiling Mask","Nunchaku","StoneCalendar","Centennial Puzzle"],"acts_visited":["Exordium","TheCity"],"potions_floor_usage":[4,6,16,16,16,18,27,27,30],"damage_taken":[{"damage":0,"enemies":"Cultist","floor":1,"turns":1},{"damage":0,"enemies":"Jaw Worm","floor":2,"turns":1},{"damage":0,"enemies":"2 Louse","floor":3,"turns":1},{"damage":0,"enemies":"2 Fungi Beasts","floor":4,"turns":4},{"damage":8,"enemies":"Large Slime","floor":5,"turns":6},{"damage":44,"enemies":"Gremlin Nob","floor":6,"turns":5},{"damage":12,"enemies":"3 Louse","floor":8,"turns":3},{"damage":20,"enemies":"3 Sentries","floor":11,"turns":5},{"damage":8,"enemies":"Gremlin Nob","floor":13,"turns":3},{"damage":5,"enemies":"2 Fungi Beasts","floor":14,"turns":3},{"damage":27,"enemies":"Slime Boss","floor":16,"turns":9},{"damage":48,"enemies":"2 Thieves","floor":18,"turns":5},{"damage":53,"enemies":"Masked Bandits","floor":22,"turns":5},{"damage":49,"enemies":"Slavers","floor":24,"turns":6},{"damage":3,"enemies":"Chosen","floor":25,"turns":4},{"damage":9,"enemies":"Sentry and Sphere","floor":27,"turns":3},{"damage":56,"enemies":"Gremlin Leader","floor":30,"turns":5}],"seed_played":"8469224772782787145","potions_obtained":[{"floor":1,"key":"ElixirPotion"},{"floor":3,"key":"Fire Potion"},{"floor":4,"key":"BloodPotion"},{"floor":6,"key":"BlessingOfTheForge"},{"floor":11,"key":"EntropicBrew"},{"floor":24,"key":"Block Potion"},{"floor":25,"key":"Regen Potion"},{"floor":27,"key":"CultistPotion"}],"is_trial":false,"path_per_floor":["M","M","M","M","M","E","R","M","T","R","E","R","E","M","R","B",null,"M","?","?","?","?","R","E","M","T","M","$","?","E"],"character_chosen":"IRONCLAD","items_purchased":["StoneCalendar","The Bomb","Searing Blow","Centennial Puzzle"],"campfire_rested":3,"item_purchase_floors":[28,28,28,28],"current_hp_per_floor":[78,80,80,80,78,56,56,50,50,74,60,60,58,59,80,59,75,55,80,80,80,39,63,26,35,35,43,43,43,0,0],"gold":175,"neow_bonus":"THREE_ENEMY_KILL","is_daily":false,"chose_seed":false,"campfire_upgraded":2,"win_rate":0.0,"timestamp":1611122455,"path_taken":["M","M","M","?","M","E","R","M","T","R","E","R","E","?","R","BOSS","M","?","?","?","?","R","E","M","T","M","$","?","E"],"items_purchased_type":["Relic","Card","Card","Relic"],"build_version":"2020-12-22","purchased_purges":0,"victory":false,"max_hp_per_floor":[80,80,80,80,80,80,80,80,80,80,80,80,80,80,80,80,80,80,80,80,80,80,80,80,80,80,80,80,80,80,80],"card_choices":[{"not_picked":["Flex","Cleave"],"picked":"Pommel Strike","floor":1},{"not_picked":["Combust","Sword Boomerang"],"picked":"Uppercut","floor":2},{"not_picked":["Cleave","Infernal Blade"],"picked":"Iron Wave","floor":3},{"not_picked":["Iron Wave","Second Wind"],"picked":"Shrug It Off","floor":4},{"not_picked":["Warcry","Anger"],"picked":"Perfected Strike","floor":5},{"not_picked":["Feel No Pain","Uppercut","Entrench"],"picked":"SKIP","floor":6},{"not_picked":["Shrug It Off","Perfected Strike"],"picked":"Inflame","floor":8},{"not_picked":["Rupture","Evolve"],"picked":"True Grit","floor":11},{"not_picked":["Shrug It Off","Searing Blow","Headbutt"],"picked":"Limit Break","floor":13},{"not_picked":["True Grit","Armaments","Flex"],"picked":"Pommel Strike","floor":14},{"not_picked":["Juggernaut","Brutality","Corruption"],"picked":"Immolate","floor":16},{"not_picked":["Thunderclap","Armaments","Perfected Strike"],"picked":"Metallicize","floor":18},{"not_picked":["Clothesline+1","Rage","Shockwave"],"picked":"Cleave+1","floor":22},{"not_picked":["Anger","Warcry","Reckless Charge"],"picked":"Power Through","floor":24},{"not_picked":["Sword Boomerang","Rage","Flex+1"],"picked":"Demon Form","floor":25},{"not_picked":["Burning Pact","Metallicize","Pommel Strike"],"picked":"Anger","floor":27}],"player_experience":397420,"relics_obtained":[{"floor":6,"key":"Lantern"},{"floor":9,"key":"MawBank"},{"floor":11,"key":"Question Card"},{"floor":13,"key":"Bottled Flame"},{"floor":22,"key":"Red Mask"},{"floor":24,"key":"Smiling Mask"},{"floor":26,"key":"Nunchaku"}],"event_choices":[{"damage_healed":26,"gold_gain":0,"player_choice":"Heal","damage_taken":0,"max_hp_gain":0,"max_hp_loss":0,"event_name":"The Library","floor":19,"gold_loss":0},{"damage_healed":0,"gold_gain":0,"player_choice":"Ignored","damage_taken":0,"max_hp_gain":0,"max_hp_loss":0,"event_name":"Cursed Tome","floor":20,"gold_loss":0},{"damage_healed":0,"gold_gain":0,"player_choice":"Ignored","damage_taken":0,"max_hp_gain":0,"max_hp_loss":0,"event_name":"Beggar","floor":21,"gold_loss":0},{"damage_healed":0,"gold_gain":0,"player_choice":"Fought Bandits","damage_taken":0,"max_hp_gain":0,"max_hp_loss":0,"event_name":"Masked Bandits","floor":22,"gold_loss":0},{"damage_healed":0,"gold_gain":99,"player_choice":"Stole From Cult","damage_taken":0,"max_hp_gain":0,"max_hp_loss":0,"event_name":"Nest","floor":29,"gold_loss":0}],"is_beta":false,"boss_relics":[{"not_picked":["SlaversCollar","Runic Cube"],"picked":"Black Blood"}],"items_purged_floors":[],"is_endless":false,"potions_floor_spawned":[1,3,4,6,11,24,25,27],"killed_by":"Gremlin Leader","ascension_level":6}}