{"host":"bos5votkudm6su2k","time":1611138379,"event":{"mods":["100% Spire Juice","Act Like it!","AlwaysNeverKeys","Arknights The Spire","BaseMod","Chinese 32Bit Patch","Colored Map","Colored Powertips","DeckTracker","Good Game Mod","Marked Mod","Minty Spire (QoL Compilation)","Quick Restart","StSLib","SuperFastMode","The Invoker Mod","Waifu the Spire"],"gold_per_floor":[109,109,2,2,19,51,16,16,16,47,64,81,109,2,2,98,98,113,125,24,39,56,56,68,102,149,49,49,28,47,47,47,149,29,29,29],"floor_reached":35,"language":"ZHS","playtime":4706,"items_purged":[],"score":431,"play_id":"31bc7cb7-5792-4377-a9ca-8f62a4d439d4","local_time":"20210120182619","is_ascension_mode":false,"campfire_choices":[{"data":"Moonworks:CompletionReward","floor":8.0,"key":"SMITH"},{"floor":15.0,"key":"REST"},{"floor":23.0,"key":"REST"},{"floor":32.0,"key":"REST"}],"circlet_count":0,"master_deck":["Moonworks:Strike","Moonworks:Strike","Moonworks:Strike","Moonworks:Strike","Moonworks:Defend","Moonworks:Defend","Moonworks:Defend","Moonworks:Defend","Moonworks:Ambush+1","Moonworks:LongDistanceShot","Moonworks:NicePresent","Moonworks:CompletionReward+1","Moonworks:RagingMadness","Moonworks:CloudOfSeagulls","Moonworks:JonathanRush","Moonworks:x16BigRocket","Moonworks:EvilSpyWorkPreparation","Moonworks:JonathanRush","Moonworks:GoAway","Moonworks:NicePresent","Moonworks:HolyNight","Moonworks:JonathanRush","Moonworks:CloudOfSeagulls","Moonworks:JonathanRush","Moonworks:JonathanRush+1","Moonworks:Accelerator","Moonworks:SakisCookie+1","Moonworks:JonathanRush","Moonworks:BindingChains+1","Moonworks:LeapThroughSpace"],"relics":["Moonworks:SBBomb","Moonworks:Homemark","REME:ComplimentaryCards","Mercury Hourglass","Centennial Puzzle","Art of War","Happy Flower","SacredBark","Red Mask","Regal Pillow"],"acts_visited":["Exordium","TheCity","TheBeyond"],"potions_floor_usage":[],"damage_taken":[{"damage":0.0,"enemies":"2 Louse","floor":1.0,"turns":2.0},{"damage":1.0,"enemies":"Cultist","floor":5.0,"turns":3.0},{"damage":29.0,"enemies":"Gremlin Nob","floor":6.0,"turns":5.0},{"damage":26.0,"enemies":"Lagavulin","floor":10.0,"turns":7.0},{"damage":2.0,"enemies":"Small Slimes","floor":11.0,"turns":2.0},{"damage":4.0,"enemies":"3 Louse","floor":12.0,"turns":3.0},{"damage":4.0,"enemies":"3 Sentries","floor":13.0,"turns":2.0},{"damage":0.0,"enemies":"Exordium Wildlife","floor":14.0,"turns":2.0},{"damage":20.0,"enemies":"Hexaghost","floor":16.0,"turns":7.0},{"damage":8.0,"enemies":"Chosen","floor":18.0,"turns":5.0},{"damage":14.0,"enemies":"Spheric Guardian","floor":19.0,"turns":4.0},{"damage":29.0,"enemies":"Cultist and Chosen","floor":20.0,"turns":6.0},{"damage":6.0,"enemies":"Shelled Parasite and Fungi","floor":21.0,"turns":4.0},{"damage":2.0,"enemies":"Snake Plant","floor":22.0,"turns":3.0},{"damage":10.0,"enemies":"Cultist and Chosen","floor":24.0,"turns":3.0},{"damage":2.0,"enemies":"Masked Bandits","floor":25.0,"turns":4.0},{"damage":5.0,"enemies":"Centurion and Healer","floor":27.0,"turns":5.0},{"damage":0.0,"enemies":"Snake Plant","floor":30.0,"turns":2.0},{"damage":38.0,"enemies":"Champ","floor":33.0,"turns":8.0},{"damage":0,"enemies":"3 Darklings","floor":35,"turns":1}],"seed_played":"-7262963009691586481","potions_obtained":[{"floor":10.0,"key":"PowerPotion"},{"floor":12.0,"key":"BlessingOfTheForge"},{"floor":13.0,"key":"Explosive Potion"},{"floor":16.0,"key":"EssenceOfSteel"},{"floor":18.0,"key":"PowerPotion"},{"floor":19.0,"key":"Strength Potion"},{"floor":22.0,"key":"ColorlessPotion"},{"floor":24.0,"key":"EssenceOfSteel"},{"floor":25.0,"key":"ColorlessPotion"}],"is_trial":false,"path_per_floor":["M","?","$","$","M","E","?","R","T","E","M","M","E","M","R","B",null,"M","M","M","M","M","R","M","?","T","M","$","?","M","?","R","B",null,"M"],"character_chosen":"THE_STARBREAKER","items_purchased":["Moonworks:CompletionReward","Moonworks:RagingMadness"],"campfire_rested":3,"item_purchase_floors":[3,3],"current_hp_per_floor":[60,60,60,60,59,30,45,45,45,19,17,13,9,9,27,7,60,52,38,9,3,1,19,9,7,7,5,5,5,8,8,41,6,60,60,60],"gold":29,"neow_bonus":"UPGRADE_CARD","is_daily":false,"chose_seed":false,"campfire_upgraded":1,"win_rate":0.0,"timestamp":1611138379,"path_taken":["M","?","?","$","M","E","?","R","T","E","M","M","E","M","R","BOSS","M","M","M","M","M","R","M","?","T","M","$","?","M","?","R","BOSS","M"],"items_purchased_type":["Card","Card"],"build_version":"2020-12-22","purchased_purges":0,"victory":false,"max_hp_per_floor":[60,60,60,60,60,60,60,60,60,60,60,60,60,60,60,60,60,60,60,60,60,60,60,60,60,60,60,60,60,60,60,60,60,60,60,60],"card_choices":[{"not_picked":["Moonworks:ImmovableObject","Moonworks:IndiscriminateFireSupport"],"picked":"Moonworks:NicePresent","floor":1.0},{"not_picked":["Moonworks:SakisCookie","Moonworks:DevilHand"],"picked":"Moonworks:CloudOfSeagulls","floor":5.0},{"not_picked":["Moonworks:BackdoorTrade","Moonworks:RedAndBlue"],"picked":"Moonworks:JonathanRush","floor":6.0},{"not_picked":["Moonworks:FinalBattle","Moonworks:Assault"],"picked":"Moonworks:x16BigRocket","floor":10.0},{"not_picked":["Moonworks:ScrambledEve","Moonworks:BigMagnum"],"picked":"Moonworks:EvilSpyWorkPreparation","floor":11.0},{"not_picked":["Moonworks:Dinner","Moonworks:BigMagnum"],"picked":"Moonworks:JonathanRush","floor":12.0},{"not_picked":["Moonworks:NicePresent","Moonworks:IndiscriminateFireSupport"],"picked":"Moonworks:GoAway","floor":13.0},{"not_picked":["Moonworks:FullSpeedAlicianrone","Moonworks:BackdoorTrade"],"picked":"Moonworks:NicePresent","floor":14.0},{"not_picked":["Moonworks:MetallicMonocoque","Moonworks:StarBlastingFuse"],"picked":"Moonworks:HolyNight","floor":16.0},{"not_picked":["Moonworks:SakisCookie","Moonworks:DeployBits+1"],"picked":"Moonworks:JonathanRush","floor":18.0},{"not_picked":["Moonworks:EvilSpyWorkPreparation","Moonworks:BigMagnum"],"picked":"Moonworks:CloudOfSeagulls","floor":19.0},{"not_picked":["Moonworks:BeyondHell","Moonworks:StiffCrystal"],"picked":"Moonworks:JonathanRush","floor":20.0},{"not_picked":["Moonworks:x16BigRocket","Moonworks:SealedMemories","Moonworks:Assault"],"picked":"SKIP","floor":21.0},{"not_picked":["Moonworks:SakisCookie+1","Moonworks:ImOnFire"],"picked":"Moonworks:JonathanRush+1","floor":22.0},{"not_picked":["Moonworks:DeployBits","Moonworks:DevilHand"],"picked":"Moonworks:Accelerator","floor":24.0},{"not_picked":["Moonworks:ExtendedPhotonRifle","Moonworks:ImOnFire+1"],"picked":"Moonworks:SakisCookie+1","floor":25.0},{"not_picked":["Moonworks:ImOnFire","Moonworks:NicePresent"],"picked":"Moonworks:JonathanRush","floor":27.0},{"not_picked":["Moonworks:ExtendedPhotonRifle","Moonworks:IntelligenceOfficer+1"],"picked":"Moonworks:BindingChains+1","floor":30.0},{"not_picked":["Moonworks:RocketCannon","Moonworks:Accelerator"],"picked":"Moonworks:LeapThroughSpace","floor":33.0}],"player_experience":443068,"relics_obtained":[{"floor":6.0,"key":"Mercury Hourglass"},{"floor":9.0,"key":"Centennial Puzzle"},{"floor":10.0,"key":"Art of War"},{"floor":13.0,"key":"Happy Flower"},{"floor":25.0,"key":"Red Mask"},{"floor":26.0,"key":"Regal Pillow"}],"event_choices":[{"damage_healed":0.0,"max_hp_gain":0.0,"max_hp_loss":0.0,"gold_gain":0.0,"event_name":"Wheel of Change","player_choice":"Full Heal","floor":2.0,"gold_loss":0.0,"damage_taken":0.0},{"damage_healed":15.0,"max_hp_gain":0.0,"max_hp_loss":0.0,"gold_gain":0.0,"event_name":"The Cleric","player_choice":"Healed","floor":7.0,"gold_loss":35.0,"damage_taken":0.0},{"damage_healed":0.0,"max_hp_gain":0.0,"max_hp_loss":0.0,"gold_gain":0.0,"event_name":"Masked Bandits","player_choice":"Fought Bandits","floor":25.0,"gold_loss":0.0,"damage_taken":0.0},{"damage_healed":0.0,"max_hp_gain":0.0,"max_hp_loss":0.0,"gold_gain":99.0,"event_name":"Nest","player_choice":"Stole From Cult","floor":29.0,"gold_loss":0.0,"damage_taken":0.0},{"damage_healed":0.0,"max_hp_gain":0.0,"max_hp_loss":0.0,"gold_gain":0.0,"event_name":"NoteForYourself","player_choice":"Ignored","floor":31.0,"gold_loss":0.0,"damage_taken":0.0}],"is_beta":false,"boss_relics":[{"not_picked":["Busted Crown","Snecko Eye"],"picked":"SacredBark"},{"not_picked":["Fusion Hammer","Pandora\u0027s Box"],"picked":"Moonworks:SBBomb"}],"items_purged_floors":[],"is_endless":false,"potions_floor_spawned":[10,12,13,16,18,19,22,24,25],"killed_by":"3 Darklings","ascension_level":0}}