{"host":"t2jxv9tm8kj57cky","time":1611184598,"event":{"mods":["BaseMod","Minty Spire (QoL Compilation)","StSLib","The Poker Player"],"gold_per_floor":[367,22,22,77,88,116,116,132,132,143,93,93,111,126,126,126,126],"floor_reached":16,"language":"ENG","playtime":601,"items_purged":["Strike_B"],"score":102,"play_id":"fb585886-636c-4f53-8b63-abdc69fb4afb","local_time":"20210120171638","is_ascension_mode":false,"campfire_choices":[{"floor":7,"key":"REST"},{"data":"Hologram","floor":15,"key":"SMITH"}],"circlet_count":0,"master_deck":["Strike_B","Strike_B","Defend_B","Defend_B","Defend_B","Defend_B","Zap","Dualcast","Writhe","Glacier","FTL","Conserve Battery","Coolheaded","Ball Lightning","Hologram+1","Double Energy+1","Streamline","Cold Snap"],"relics":["Cracked Core","Potion Belt","Omamori","Vajra","Du-Vu Doll","Ginger"],"acts_visited":["Exordium"],"potions_floor_usage":[16,16],"damage_taken":[{"damage":4,"enemies":"Small Slimes","floor":1,"turns":4},{"damage":1,"enemies":"Jaw Worm","floor":5,"turns":2},{"damage":21,"enemies":"Lagavulin","floor":6,"turns":10},{"damage":0,"enemies":"Cultist","floor":8,"turns":2},{"damage":0,"enemies":"2 Fungi Beasts","floor":10,"turns":2},{"damage":4,"enemies":"Blue Slaver","floor":13,"turns":2},{"damage":13,"enemies":"Large Slime","floor":14,"turns":4},{"damage":47,"enemies":"The Guardian","floor":16,"turns":13}],"seed_played":"6051952817633106292","potions_obtained":[{"floor":1,"key":"PotionOfCapacity"},{"floor":6,"key":"AttackPotion"},{"floor":10,"key":"Dexterity Potion"}],"is_trial":false,"path_per_floor":["M","$","?","T","M","E","R","M","T","M","?","?","M","M","R","B"],"character_chosen":"DEFECT","items_purchased":["FTL","Potion Belt","Conserve Battery"],"campfire_rested":1,"item_purchase_floors":[2,2,2],"current_hp_per_floor":[71,71,64,64,63,42,64,64,64,64,64,64,60,47,47,0,0],"gold":126,"neow_bonus":"TWO_FIFTY_GOLD","is_daily":false,"chose_seed":false,"campfire_upgraded":1,"win_rate":0.0,"timestamp":1611184598,"path_taken":["M","$","?","?","?","E","R","M","T","M","?","?","M","M","R","BOSS"],"items_purchased_type":["Card","Relic","Card"],"build_version":"2020-12-22","purchased_purges":1,"victory":false,"max_hp_per_floor":[75,75,75,75,75,75,75,75,75,75,75,75,75,75,75,75,75],"card_choices":[{"not_picked":["Cold Snap","Self Repair"],"picked":"Glacier","floor":1},{"not_picked":["Force Field","Steam Power"],"picked":"Coolheaded","floor":5},{"not_picked":["Melter","Conserve Battery"],"picked":"Ball Lightning","floor":6},{"not_picked":["Barrage","Beam Cell"],"picked":"Hologram","floor":8},{"not_picked":["Ball Lightning","Rebound"],"picked":"Double Energy","floor":10},{"not_picked":["Chaos","Glacier"],"picked":"Streamline","floor":13},{"not_picked":["Force Field","Barrage"],"picked":"Cold Snap","floor":14}],"player_experience":83502,"relics_obtained":[{"floor":4,"key":"Vajra"},{"floor":6,"key":"Du-Vu Doll"},{"floor":9,"key":"Ginger"}],"event_choices":[{"damage_healed":0,"gold_gain":0,"player_choice":"Success","damage_taken":7,"relics_obtained":["Omamori"],"max_hp_gain":0,"max_hp_loss":0,"event_name":"Scrap Ooze","floor":3,"gold_loss":0},{"cards_removed":["Strike_B"],"damage_healed":0,"gold_gain":0,"player_choice":"Card Removal","damage_taken":0,"max_hp_gain":0,"max_hp_loss":0,"event_name":"The Cleric","floor":11,"gold_loss":50},{"damage_healed":0,"gold_gain":0,"player_choice":"Grow","damage_taken":0,"max_hp_gain":0,"max_hp_loss":0,"event_name":"Living Wall","floor":12,"gold_loss":0,"cards_upgraded":["Double Energy"]}],"is_beta":false,"boss_relics":[],"items_purged_floors":[2],"is_endless":false,"potions_floor_spawned":[1,6,10],"killed_by":"The Guardian","ascension_level":0}}