{"host":"ndpbn7fqb3wjbd7p","time":1611123194,"event":{"mods":["AchievementEnabler","Act Like it!","AlwaysNeverKeys","BaseMod","Better Vampires","Block Reminder","Colored Powertips","DeckTracker","Defuse TimeMaze Blight","Friendly Minions","Hallownest","Hermit","Highlight Path","MarisaÅiñ∂âJÅ@ñÇóùçπÅj","Minty Spire (QoL Compilation)","Permanent Neow","Shade Mod","StSLib","SuperFastMode","Synergy Search","The Mystic","Unceasing Turn Reminder","Wandering Minibosses","egg"],"gold_per_floor":[218,143,155,55,55,55,81,81,104,134,150,150,160,171,171,245,245,258,258,183,233,92,92,109,127,150,173,211,98,98,117,117,117,117],"floor_reached":33,"language":"ENG","playtime":1348,"items_purged":["Strike_G","Defend_G","Strike_G+1"],"score":546,"play_id":"937f7778-ea72-40d1-8a33-d4be1ba410f4","local_time":"20210120071314","is_ascension_mode":true,"campfire_choices":[{"data":"Neutralize","floor":6,"key":"SMITH"},{"data":"Masterful Stab","floor":8,"key":"SMITH"},{"floor":12,"key":"REST"},{"data":"Cloak And Dagger","floor":15,"key":"SMITH"},{"data":"Accuracy","floor":23,"key":"SMITH"},{"floor":30,"key":"REST"},{"floor":32,"key":"REST"}],"circlet_count":0,"master_deck":["AscendersBane","Strike_G+1","Defend_G","Defend_G","Defend_G","Survivor","Neutralize+1","Masterful Stab+1","Prepared","Quick Slash","Infinite Blades","Cloak And Dagger+1","Terror","After Image","Accuracy+1","Expertise","Footwork","Accuracy+1","Heel Hook","Calculated Gamble"],"relics":["Ring of the Snake","Lizard Tail","Dream Catcher","Whetstone","WristBlade","MawBank","Tiny Chest"],"acts_visited":["Exordium","TheCity"],"potions_floor_usage":[7,7,16,16,33],"damage_taken":[{"damage":0.0,"enemies":"2 Louse","floor":1.0,"turns":3.0},{"damage":0,"enemies":"Cultist","floor":3,"turns":3},{"damage":0,"enemies":"3 Sentries","floor":7,"turns":6},{"damage":41,"enemies":"Lagavulin","floor":10,"turns":9},{"damage":0,"enemies":"Small Slimes","floor":11,"turns":2},{"damage":0,"enemies":"Looter","floor":13,"turns":3},{"damage":7,"enemies":"Lots of Slimes","floor":14,"turns":6},{"damage":1,"enemies":"Slime Boss","floor":16,"turns":7},{"damage":29,"enemies":"2 Thieves","floor":18,"turns":4},{"damage":15,"enemies":"Shell Parasite","floor":24,"turns":3},{"damage":11,"enemies":"Snake Plant","floor":25,"turns":3},{"damage":9,"enemies":"Snecko","floor":27,"turns":4},{"damage":34,"enemies":"Shelled Parasite and Fungi","floor":31,"turns":7},{"damage":84,"enemies":"Automaton","floor":33,"turns":6}],"seed_played":"-8422123548881041134","potions_obtained":[{"floor":5,"key":"CunningPotion"},{"floor":5,"key":"PowerPotion"},{"floor":10,"key":"Weak Potion"},{"floor":11,"key":"Dexterity Potion"},{"floor":14,"key":"LiquidMemories"},{"floor":31,"key":"Dexterity Potion"}],"is_trial":false,"path_per_floor":["M","?","M","$","?","R","E","R","T","E","M","R","M","M","R","B",null,"M","?","?","?","$","R","M","M","T","M","T","$","R","M","R","B"],"character_chosen":"THE_SILENT","items_purchased":["Prepared","Accuracy"],"campfire_rested":3,"item_purchase_floors":[4,22],"current_hp_per_floor":[59,59,59,59,59,59,59,59,59,18,18,37,37,30,30,29,57,28,28,28,28,28,28,13,2,2,28,28,28,47,13,32,0,0],"gold":117,"neow_bonus":"HUNDRED_GOLD","is_daily":false,"chose_seed":false,"campfire_upgraded":4,"win_rate":0.0,"timestamp":1611123194,"path_taken":["M","?","M","$","?","R","E","R","T","E","M","R","M","M","R","BOSS","M","?","?","?","$","R","?","?","T","M","?","$","R","M","R","BOSS"],"items_purchased_type":["Card","Card"],"build_version":"2020-12-22","purchased_purges":3,"victory":false,"max_hp_per_floor":[66,66,66,66,66,66,66,66,66,66,66,66,66,66,66,66,66,66,66,66,66,66,66,66,66,66,66,66,66,66,66,66,66,66],"card_choices":[{"not_picked":["Dodge and Roll","Sucker Punch","Choke"],"picked":"SKIP","floor":1},{"not_picked":["Predator","PiercingWail"],"picked":"Masterful Stab","floor":3},{"not_picked":["Slice","Blade Dance"],"picked":"Quick Slash","floor":7},{"not_picked":["Distraction","Crippling Poison","Outmaneuver"],"picked":"SKIP","floor":10},{"not_picked":["Underhanded Strike","Dagger Throw"],"picked":"Infinite Blades","floor":11},{"not_picked":["PiercingWail","Dagger Spray"],"picked":"Cloak And Dagger","floor":13},{"not_picked":["Eviscerate","Slice"],"picked":"Terror","floor":14},{"not_picked":["Glass Knife","Corpse Explosion"],"picked":"After Image","floor":16},{"not_picked":["Outmaneuver","Blur","Finisher"],"picked":"SKIP","floor":18},{"not_picked":["Bane","Blur"],"picked":"Expertise","floor":24},{"not_picked":["Bane","Crippling Poison"],"picked":"Footwork","floor":25},{"not_picked":["Well Laid Plans","Endless Agony"],"picked":"Accuracy+1","floor":27},{"not_picked":["Escape Plan","Glass Knife"],"picked":"Heel Hook","floor":30},{"not_picked":["Masterful Stab","Quick Slash"],"picked":"Calculated Gamble","floor":31}],"player_experience":1164004,"relics_obtained":[{"floor":7,"key":"Lizard Tail"},{"floor":9,"key":"Dream Catcher"},{"floor":10,"key":"Whetstone"},{"floor":26,"key":"MawBank"},{"floor":28,"key":"Tiny Chest"}],"event_choices":[{"cards_removed":["Defend_G"],"damage_healed":0,"gold_gain":0,"player_choice":"Card Removal","damage_taken":0,"max_hp_gain":0,"max_hp_loss":0,"event_name":"The Cleric","floor":2,"gold_loss":75},{"damage_healed":0,"gold_gain":0,"player_choice":"Got Potions","damage_taken":0,"max_hp_gain":0,"max_hp_loss":0,"event_name":"Lab","floor":5,"gold_loss":0},{"cards_removed":["Strike_G"],"damage_healed":0,"gold_gain":0,"player_choice":"Elegance","damage_taken":0,"max_hp_gain":0,"max_hp_loss":0,"event_name":"Back to Basics","floor":19,"gold_loss":0},{"cards_removed":["Strike_G"],"damage_healed":0,"gold_gain":0,"player_choice":"Gave Gold","damage_taken":0,"max_hp_gain":0,"max_hp_loss":0,"event_name":"Beggar","floor":20,"gold_loss":75},{"damage_healed":0,"gold_gain":50,"player_choice":"Pray","damage_taken":0,"max_hp_gain":0,"max_hp_loss":0,"event_name":"Golden Shrine","floor":21,"gold_loss":0}],"is_beta":false,"boss_relics":[{"not_picked":["Astrolabe","Ring of the Serpent"],"picked":"WristBlade"}],"items_purged_floors":[4,22,29],"is_endless":false,"potions_floor_spawned":[10,11,14,31],"killed_by":"Automaton","ascension_level":19}}