{"host":"x205naxbihvu3p76","time":1611120995,"event":{"mods":["AchievementEnabler","BaseMod","Minty Spire (QoL Compilation)","StSLib","SuperFastMode"],"gold_per_floor":[117,0,0,15,15,46,56,83,108,108,58,76,76,87,87,162,162,137,137,47,62,62,62],"floor_reached":22,"language":"KOR","playtime":411,"items_purged":["Strike_B"],"score":438,"play_id":"fde3c100-b5b9-4ae0-b705-62d51a49069e","local_time":"20210120143635","is_ascension_mode":true,"campfire_choices":[{"data":"Defragment","floor":10,"key":"SMITH"},{"data":"Barrage","floor":13,"key":"SMITH"},{"floor":15,"key":"REST"}],"circlet_count":0,"master_deck":["AscendersBane","Strike_B","Strike_B","Strike_B","Defend_B","Defend_B","Defend_B","Defend_B","Zap","Dualcast","Defragment+1","Capacitor","Hello World","Barrage+1","Ball Lightning","Cold Snap","Cold Snap","Reinforced Body","Conserve Battery","Echo Form","Capacitor","Coolheaded"],"relics":["Cracked Core","NeowsBlessing","Mummified Hand","Darkstone Periapt","Dream Catcher","Omamori","Philosopher\u0027s Stone"],"acts_visited":["Exordium","TheCity"],"potions_floor_usage":[21],"damage_taken":[{"damage":0,"enemies":"Small Slimes","floor":1,"turns":1},{"damage":0,"enemies":"Jaw Worm","floor":4,"turns":1},{"damage":0,"enemies":"3 Sentries","floor":6,"turns":1},{"damage":1,"enemies":"Cultist","floor":7,"turns":3},{"damage":15,"enemies":"Lagavulin","floor":8,"turns":5},{"damage":4,"enemies":"Looter","floor":12,"turns":3},{"damage":27,"enemies":"Gremlin Gang","floor":14,"turns":4},{"damage":18,"enemies":"Hexaghost","floor":16,"turns":10},{"damage":34,"enemies":"2 Thieves","floor":18,"turns":4},{"damage":13,"enemies":"Chosen","floor":21,"turns":5},{"damage":15,"enemies":"Snake Plant","floor":22,"turns":2}],"seed_played":"-820459968807220265","potions_obtained":[{"floor":1,"key":"Ancient Potion"},{"floor":16,"key":"LiquidMemories"}],"is_trial":false,"path_per_floor":["M","$","?","M","T","E","M","E","T","R","$","M","R","M","R","B",null,"M","?","$","M","M"],"character_chosen":"DEFECT","items_purchased":["Capacitor","Cold Snap","Capacitor"],"campfire_rested":1,"item_purchase_floors":[2,11,20],"current_hp_per_floor":[64,64,64,64,64,64,63,48,48,48,48,44,44,17,38,20,58,24,20,20,7,0,0],"gold":62,"neow_bonus":"THREE_ENEMY_KILL","is_daily":false,"chose_seed":false,"campfire_upgraded":2,"win_rate":0.0,"timestamp":1611120995,"path_taken":["M","$","?","M","?","E","M","E","T","R","?","?","R","M","R","BOSS","M","?","$","?","M"],"items_purchased_type":["Card","Card","Card"],"build_version":"2020-12-22","purchased_purges":1,"victory":false,"max_hp_per_floor":[71,71,71,71,71,71,71,71,71,71,71,71,71,71,71,71,71,71,71,71,71,71,71],"card_choices":[{"not_picked":["Compile Driver","Heatsinks"],"picked":"Defragment","floor":1},{"not_picked":["Hologram","Redo"],"picked":"Hello World","floor":4},{"not_picked":["Turbo","Steam"],"picked":"Barrage","floor":6},{"not_picked":["Amplify","Cold Snap"],"picked":"Ball Lightning","floor":7},{"not_picked":["FTL","Rebound"],"picked":"Cold Snap","floor":8},{"not_picked":["Recycle","Go for the Eyes"],"picked":"Reinforced Body","floor":12},{"not_picked":["Hologram","Compile Driver"],"picked":"Conserve Battery","floor":14},{"not_picked":["Biased Cognition","Meteor Strike"],"picked":"Echo Form","floor":16},{"not_picked":["Conserve Battery","Go for the Eyes","Turbo"],"picked":"SKIP","floor":18},{"not_picked":["Recycle","Redo"],"picked":"Coolheaded","floor":21}],"player_experience":987333,"relics_obtained":[{"floor":5,"key":"Mummified Hand"},{"floor":6,"key":"Darkstone Periapt"},{"floor":8,"key":"Dream Catcher"},{"floor":9,"key":"Omamori"}],"event_choices":[{"damage_healed":0,"gold_gain":0,"player_choice":"Fled","damage_taken":0,"max_hp_gain":0,"max_hp_loss":0,"event_name":"Scrap Ooze","floor":3,"gold_loss":0},{"damage_healed":0,"gold_gain":0,"player_choice":"Bought 0 Potions","damage_taken":0,"max_hp_gain":0,"max_hp_loss":0,"event_name":"The Woman in Blue","floor":19,"gold_loss":0}],"is_beta":false,"boss_relics":[{"not_picked":["SacredBark","SlaversCollar"],"picked":"Philosopher\u0027s Stone"}],"items_purged_floors":[2],"is_endless":false,"potions_floor_spawned":[1,16],"killed_by":"Snake Plant","ascension_level":20}}