{"host":"0cm5wy4nhuju7tij","time":1611128751,"event":{"mods":["100% Spire Juice","2.2 Compatiblity","AchievementEnabler","Aspiration","BaseMod","Better Third Choice","BetterRewards","CCEM","CapriCore","Chen","Colored Powertips","Curses Come First","Custom Start","Displayed Cursed Tome","Downfall","Energized Spire","Evolution","Filter the Spire","Highlight Path","Jess\u0027s Bottle","Minty Spire (QoL Compilation)","Permanent Neow","Relic Stats","SOS???????","Shop Mod","Spicy Shops","StSLib","The Cursed","The Juggle","The Sage","TheFirefly"],"gold_per_floor":[115,131,131,146,96,121,121,196,222,235,267,267,267,299,299,400,400,420,436,436,446,446,446,446,446],"floor_reached":24,"language":"ENG","playtime":1324,"items_purged":[],"score":225,"play_id":"cc0daab3-a538-47d0-a0cb-e3d4df80ea3c","local_time":"20210120024551","is_ascension_mode":true,"campfire_choices":[{"data":"Genetic Algorithm","floor":7,"key":"SMITH"},{"floor":13,"key":"REST"},{"floor":15,"key":"REST"},{"floor":23,"key":"REST"}],"circlet_count":0,"master_deck":["Compile Driver","Strike_B","Strike_B","Defend_B","Defend_B","Defend_B","Defend_B","Zap+1","Dualcast","Lockon","Glacier","Reinforced Body","Genetic Algorithm+1","BootSequence","Consume","Sunder","aspiration:Polymerization","Electrodynamics","Stack","Leap","White Noise"],"relics":["Cracked Core","EVO:Axolotl","Oddly Smooth Stone","Regal Pillow","Juzu Bracelet","Kunai","Inserter","Nilry\u0027s Codex"],"acts_visited":["Exordium","TheCity"],"potions_floor_usage":[21],"damage_taken":[{"damage":0,"enemies":"Cultist","floor":1,"turns":3},{"damage":0,"enemies":"Small Slimes","floor":2,"turns":2},{"damage":1,"enemies":"Jaw Worm","floor":4,"turns":3},{"damage":21,"enemies":"Gremlin Nob","floor":6,"turns":5},{"damage":6,"enemies":"Large Slime","floor":10,"turns":7},{"damage":33,"enemies":"Lagavulin","floor":11,"turns":10},{"damage":20,"enemies":"Gremlin Nob","floor":14,"turns":5},{"damage":63,"enemies":"Hexaghost","floor":16,"turns":13},{"damage":27,"enemies":"Spheric Guardian","floor":18,"turns":6},{"damage":26,"enemies":"Shell Parasite","floor":19,"turns":8},{"damage":5,"enemies":"Snake Plant","floor":21,"turns":6},{"damage":45,"enemies":"Book of Stabbing","floor":24,"turns":7}],"seed_played":"9044943499277083006","potions_obtained":[{"floor":1,"key":"Dexterity Potion"},{"floor":2,"key":"SpeedPotion"},{"floor":4,"key":"bronze:BurnAndBuffPotion"},{"floor":6,"key":"Block Potion"}],"is_trial":false,"path_per_floor":["M","M","?","M","?","E","R","?","T","M","E","?","R","E","R","B",null,"M","M","?","M","?","R","E"],"character_chosen":"DEFECT","items_purchased":[],"campfire_rested":3,"item_purchase_floors":[],"current_hp_per_floor":[75,75,80,79,79,58,58,47,47,41,8,8,47,27,66,3,80,53,27,11,6,6,45,0,0],"gold":446,"neow_bonus":"THREE_CARDS","is_daily":false,"chose_seed":false,"campfire_upgraded":1,"win_rate":0.0,"timestamp":1611128751,"path_taken":["M","M","?","M","?","E","R","?","T","?","E","?","R","E","R","BOSS","M","M","?","M","?","R","E"],"items_purchased_type":[],"build_version":"2020-12-22","purchased_purges":0,"victory":false,"max_hp_per_floor":[75,75,80,80,80,80,80,80,80,80,80,80,80,80,80,80,80,80,80,80,80,80,80,80,80],"relic_stats":{"Regal Pillow":45,"Inserter":[13],"counters":[12,75],"Juzu Bracelet":0,"Kunai":[0],"obtain_stats":[{"Regal Pillow":9,"Inserter":17,"Nilry\u0027s Codex":20,"Oddly Smooth Stone":6,"Juzu Bracelet":11,"EVO:Axolotl":0,"Kunai":14,"Cracked Core":0},{"Regal Pillow":4,"Inserter":8,"Nilry\u0027s Codex":10,"Oddly Smooth Stone":4,"Juzu Bracelet":6,"EVO:Axolotl":0,"Kunai":7,"Cracked Core":0},{"Regal Pillow":13,"Inserter":48,"Nilry\u0027s Codex":62,"Oddly Smooth Stone":13,"Juzu Bracelet":30,"EVO:Axolotl":0,"Kunai":35,"Cracked Core":0}]},"card_choices":[{"not_picked":["Go for the Eyes","Redo"],"picked":"Lockon","floor":0},{"not_picked":["aspiration:Polymerization","Fusion"],"picked":"Glacier","floor":1},{"not_picked":["Scrape","Rip and Tear"],"picked":"Reinforced Body","floor":2},{"not_picked":["Aggregate","Turbo"],"picked":"Genetic Algorithm","floor":4},{"not_picked":["Cold Snap","Ball Lightning"],"picked":"BootSequence","floor":6},{"not_picked":["Rebound","Streamline"],"picked":"Consume","floor":10},{"not_picked":["Turbo","Steam"],"picked":"Sunder","floor":11},{"not_picked":["Compile Driver","Gash"],"picked":"aspiration:Polymerization","floor":14},{"not_picked":["Multi-Cast","Machine Learning"],"picked":"Electrodynamics","floor":16},{"not_picked":["Heatsinks","Ball Lightning"],"picked":"Stack","floor":18},{"not_picked":["Compile Driver","Ball Lightning"],"picked":"Leap","floor":19},{"not_picked":["Gash","Hello World"],"picked":"White Noise","floor":21}],"player_experience":221248,"relics_obtained":[{"floor":6,"key":"Oddly Smooth Stone"},{"floor":9,"key":"Regal Pillow"},{"floor":11,"key":"Juzu Bracelet"},{"floor":14,"key":"Kunai"}],"event_choices":[{"damage_healed":0,"gold_gain":0,"player_choice":"Donut","damage_taken":0,"max_hp_gain":5,"max_hp_loss":0,"event_name":"Big Fish","floor":3,"gold_loss":0},{"cards_removed":["Strike_B"],"damage_healed":0,"gold_gain":0,"player_choice":"Card Removal","damage_taken":0,"max_hp_gain":0,"max_hp_loss":0,"event_name":"The Cleric","floor":5,"gold_loss":50},{"damage_healed":0,"gold_gain":75,"player_choice":"Gold","damage_taken":11,"max_hp_gain":0,"max_hp_loss":0,"event_name":"betterThird:BetterGoop","floor":8,"gold_loss":0},{"damage_healed":0,"gold_gain":0,"player_choice":"Grow","damage_taken":0,"max_hp_gain":0,"max_hp_loss":0,"event_name":"Living Wall","floor":12,"gold_loss":0,"cards_upgraded":["Zap"]},{"damage_healed":0,"gold_gain":0,"player_choice":"Obtained Book","damage_taken":16,"max_hp_gain":0,"max_hp_loss":0,"event_name":"Cursed Tome","floor":20,"gold_loss":0},{"damage_healed":0,"gold_gain":0,"player_choice":"Ignored","damage_taken":0,"max_hp_gain":0,"max_hp_loss":0,"event_name":"N\u0027loth","floor":22,"gold_loss":0}],"is_beta":false,"boss_relics":[{"not_picked":["Philosopher\u0027s Stone","sagemod:Falmels_Amulet"],"picked":"Inserter"}],"items_purged_floors":[],"is_endless":false,"potions_floor_spawned":[1,2,4,6,18],"killed_by":"Book of Stabbing","ascension_level":1}}