{"host":"s41rn2jhghpwfrvz","time":1611118202,"event":{"mods":["BaseMod","Minty Spire (QoL Compilation)","Quick Restart","Relic Stats","SuperFastMode"],"gold_per_floor":[112,131,131,142,142,142,175,175,175,192,212,232,250,250,250,322,322,337,347,18,38,88,123,123,123,123],"floor_reached":25,"language":"ENG","playtime":709,"items_purged":["Strike_P"],"score":450,"play_id":"aa4bfcb8-bf32-4249-9570-0fa238466643","local_time":"20210120065002","is_ascension_mode":true,"campfire_choices":[{"data":"EmptyFist","floor":6,"key":"SMITH"},{"data":"FearNoEvil","floor":8,"key":"SMITH"},{"data":"TalkToTheHand","floor":15,"key":"SMITH"},{"floor":24,"key":"REST"}],"circlet_count":0,"master_deck":["AscendersBane","Strike_P","Defend_P+1","Defend_P+1","Eruption+1","Vigilance","EmptyFist+1","FearNoEvil+1","TalkToTheHand+1","Sanctity","Fasting2+1","FollowUp+1","Halt+1","Consecrate","MentalFortress","TalkToTheHand","Adaptation+1"],"relics":["PureWater","NeowsBlessing","StrikeDummy","Astrolabe","Medical Kit","War Paint"],"acts_visited":["Exordium","TheCity"],"potions_floor_usage":[16,23,23,25],"damage_taken":[{"damage":0,"enemies":"2 Louse","floor":1,"turns":1},{"damage":0,"enemies":"Cultist","floor":2,"turns":1},{"damage":0,"enemies":"Small Slimes","floor":4,"turns":2},{"damage":12,"enemies":"Lagavulin","floor":7,"turns":7},{"damage":1,"enemies":"Looter","floor":10,"turns":3},{"damage":0,"enemies":"Exordium Wildlife","floor":11,"turns":2},{"damage":0,"enemies":"2 Fungi Beasts","floor":12,"turns":3},{"damage":3,"enemies":"Looter","floor":13,"turns":2},{"damage":34,"enemies":"Hexaghost","floor":16,"turns":11},{"damage":9,"enemies":"2 Thieves","floor":18,"turns":4},{"damage":18,"enemies":"Shell Parasite","floor":19,"turns":4},{"damage":5,"enemies":"Snecko","floor":21,"turns":6},{"damage":35,"enemies":"Gremlin Leader","floor":23,"turns":6},{"damage":35,"enemies":"Slavers","floor":25,"turns":3}],"seed_played":"1706248423435942819","potions_obtained":[{"floor":2,"key":"Regen Potion"},{"floor":10,"key":"Regen Potion"},{"floor":16,"key":"Weak Potion"},{"floor":18,"key":"Fire Potion"},{"floor":23,"key":"Block Potion"}],"is_trial":false,"path_per_floor":["M","M","?","M","?","R","E","R","T","M","M","M","M","?","R","B",null,"M","M","$","M","?","E","R","E"],"character_chosen":"WATCHER","items_purchased":["Medical Kit","MentalFortress"],"campfire_rested":1,"item_purchase_floors":[20,20],"current_hp_per_floor":[61,61,54,54,54,54,42,42,42,41,41,41,38,43,43,18,59,50,32,32,27,27,7,28,0,0],"gold":123,"neow_bonus":"THREE_ENEMY_KILL","is_daily":false,"chose_seed":false,"campfire_upgraded":3,"win_rate":0.0,"timestamp":1611118202,"path_taken":["M","M","?","M","?","R","E","R","T","M","M","M","?","?","R","BOSS","M","M","$","M","?","E","R","E"],"items_purchased_type":["Relic","Card"],"build_version":"2020-12-22","purchased_purges":1,"victory":false,"max_hp_per_floor":[68,68,68,68,68,68,68,68,68,68,68,68,68,73,73,73,73,73,73,73,73,73,73,73,73,73],"relic_stats":{"counters":[14,55],"Astrolabe":["Fasting2","FollowUp","Halt"],"War Paint":["Defend_P","Defend_P"],"Medical Kit":[0],"obtain_stats":[{"NeowsBlessing":0,"Astrolabe":17,"PureWater":0,"War Paint":23,"StrikeDummy":7,"Medical Kit":20},{"NeowsBlessing":0,"Astrolabe":9,"PureWater":0,"War Paint":13,"StrikeDummy":4,"Medical Kit":11},{"NeowsBlessing":0,"Astrolabe":32,"PureWater":0,"War Paint":52,"StrikeDummy":11,"Medical Kit":40}]},"card_choices":[{"not_picked":["Halt","BattleHymn"],"picked":"EmptyFist","floor":1},{"not_picked":["DeceiveReality","CutThroughFate","CarveReality"],"picked":"SKIP","floor":2},{"not_picked":["CrushJoints","PathToVictory"],"picked":"FearNoEvil","floor":4},{"not_picked":["BattleHymn","Devotion","Evaluate"],"picked":"SKIP","floor":7},{"not_picked":["Fasting2","Nirvana","SashWhip"],"picked":"SKIP","floor":10},{"not_picked":["DeceiveReality","Study"],"picked":"TalkToTheHand","floor":11},{"not_picked":["Halt","JustLucky","Prostrate"],"picked":"SKIP","floor":12},{"not_picked":["Halt","JustLucky","Prostrate"],"picked":"SKIP","floor":12},{"not_picked":["Consecrate","EmptyBody"],"picked":"Sanctity","floor":13},{"not_picked":["Wallop","Swivel"],"picked":"Consecrate","floor":18},{"not_picked":["Protect","FlyingSleeves+1","Swivel"],"picked":"SKIP","floor":19},{"not_picked":["SashWhip+1","FearNoEvil"],"picked":"TalkToTheHand","floor":21},{"not_picked":["ConjureBlade","FearNoEvil"],"picked":"Adaptation+1","floor":23}],"player_experience":1812227,"relics_obtained":[{"floor":7,"key":"StrikeDummy"},{"floor":23,"key":"War Paint"}],"event_choices":[{"cards_removed":["Strike_P"],"damage_healed":0,"gold_gain":0,"player_choice":"Card Removal","damage_taken":7,"max_hp_gain":0,"max_hp_loss":0,"event_name":"Golden Wing","floor":3,"gold_loss":0},{"damage_healed":0,"gold_gain":0,"player_choice":"Forge","damage_taken":0,"max_hp_gain":0,"max_hp_loss":0,"event_name":"Accursed Blacksmith","floor":5,"gold_loss":0,"cards_upgraded":["Eruption"]},{"damage_healed":0,"gold_gain":0,"player_choice":"Donut","damage_taken":0,"max_hp_gain":5,"max_hp_loss":0,"event_name":"Big Fish","floor":14,"gold_loss":0},{"damage_healed":0,"gold_gain":50,"player_choice":"Stole From Cult","damage_taken":0,"max_hp_gain":0,"max_hp_loss":0,"event_name":"Nest","floor":22,"gold_loss":0}],"is_beta":false,"boss_relics":[{"not_picked":["SacredBark","Velvet Choker"],"picked":"Astrolabe"}],"items_purged_floors":[20],"is_endless":false,"potions_floor_spawned":[2,10,11,16,18,23],"killed_by":"Slavers","ascension_level":20}}