{"host":"0dsi8ju7ih3zb7n8","time":1611175106,"event":{"mods":["2.2 Compatiblity","Act Like it!","BaseMod","Downfall","Hermit","Minty Spire (QoL Compilation)","Robot Space Explorer","Spicy Shops","StSLib"],"gold_per_floor":[99,115,115,115,115,147,220,245,245,279,612,638,638,77,89,188,188,188,208,208,164,164,164,190,221,246,246,276,276,301,308,327,424,424,424,424,449,32,57,104,149,149,49,49,49,80,80,100,118,118],"floor_reached":51,"language":"ENG","playtime":2108,"items_purged":[],"score":1342,"play_id":"500c868f-dd1c-4c1b-b849-2a30c604555d","local_time":"20210120213826","daily_mods":["SealedDeck","Heirloom","Flight"],"is_ascension_mode":false,"campfire_choices":[{"data":"bronze:BronzeOrb","floor":1,"key":"SMITH"},{"data":"bronze:Constructor","floor":9,"key":"SMITH"},{"data":"bronze:RecursiveStrike","floor":13,"key":"SMITH"},{"data":"bronze:Terminator","floor":18,"key":"SMITH"},{"data":"bronze:ItsAFeature","floor":23,"key":"SMITH"},{"floor":27,"key":"RECALL"},{"data":"bronze:Separator","floor":29,"key":"SMITH"},{"data":"bronze:SpaghettiCode","floor":35,"key":"SMITH"},{"data":"bronze:Optimize","floor":43,"key":"SMITH"},{"data":"bronze:Fortify","floor":45,"key":"SMITH"},{"data":"bronze:FollowUp","floor":47,"key":"SMITH"}],"circlet_count":0,"master_deck":["bronze:Separator+1","bronze:FollowUp+1","bronze:Iterate","bronze:Turbo+1","bronze:Allocate+1","bronze:Constructor+1","bronze:ClassDefault+1","bronze:MaxOutput","bronze:DigitalCarnage","bronze:BronzeOrb+1","bronze:Optimize+1","bronze:ForLoop+1","bronze:Fortify+1","bronze:RecursiveStrike+1","bronze:Terminator+1","bronze:Flail+1","bronze:Verify","bronze:ItsAFeature+1","bronze:Return+1","bronze:Verify+1","bronze:FineTuning+1","bronze:SpaghettiCode+1","Injury","downfall:Aged","expansioncontent:PrepareCrush","expansioncontent:PolyBeam+1","Shame"],"relics":["bronze:BronzeCore","Du-Vu Doll","bronze:BottledCode","Toy Ornithopter","The Courier","Bird Faced Urn","Juzu Bracelet","Old Coin","Odd Mushroom","Membership Card","Ornamental Fan","HornCleat","FossilizedHelix","Molten Egg 2","Black Star","Lantern","sneckomod:BlankCard","Omamori","Ancient Tea Set","Frozen Egg 2","Pen Nib","Ice Cream","Centennial Puzzle","Dead Branch","Strawberry","Pear","hexamod:BolsterEngine","Sundial","Cursed Key","Chemical X","Shuriken","Vajra","War Paint","Guardian:PocketSentry","Turnip","Anchor","Bronze Scales","champ:DeflectingBracers","Blood Vial","downfall:HeartBlessingBlue","Thread and Needle","Slimebound:StickyStick","Unceasing Top"],"acts_visited":["Exordium","TheCity","TheBeyond"],"potions_floor_usage":[6,25,33],"damage_taken":[{"damage":0,"enemies":"Small Slimes","floor":2,"turns":1},{"damage":0,"enemies":"Lagavulin","floor":6,"turns":3},{"damage":14,"enemies":"Gremlin Nob","floor":8,"turns":3},{"damage":0,"enemies":"Lagavulin","floor":10,"turns":4},{"damage":0,"enemies":"Gremlin Nob","floor":11,"turns":4},{"damage":0,"enemies":"The Mushroom Lair","floor":12,"turns":3},{"damage":1,"enemies":"downfall:FleeingMerchant","floor":14,"turns":4},{"damage":0,"enemies":"Jaw Worm","floor":15,"turns":1},{"damage":10,"enemies":"SI_SHIV_ARCHETYPE","floor":16,"turns":5},{"damage":0,"enemies":"Spheric Guardian","floor":19,"turns":3},{"damage":0,"enemies":"downfall:FleeingMerchant","floor":21,"turns":4},{"damage":0,"enemies":"Book of Stabbing","floor":25,"turns":3},{"damage":0,"enemies":"Slavers","floor":26,"turns":3},{"damage":0,"enemies":"Gremlin Leader","floor":28,"turns":5},{"damage":7,"enemies":"Slavers","floor":30,"turns":4},{"damage":0,"enemies":"downfall:FleeingMerchant","floor":31,"turns":4},{"damage":0,"enemies":"Cultist and Chosen","floor":32,"turns":4},{"damage":27,"enemies":"DF_ARCHETYPE_CLAW","floor":33,"turns":5},{"damage":0,"enemies":"2 Orb Walkers","floor":40,"turns":2},{"damage":0,"enemies":"Nemesis","floor":46,"turns":3},{"damage":0,"enemies":"3 Darklings","floor":48,"turns":3},{"damage":0,"enemies":"Orb Walker","floor":49,"turns":2},{"damage":0,"enemies":"IC_BLOCK_ARCHETYPE","floor":50,"turns":6}],"seed_played":"-1050001195688988374","potions_obtained":[{"floor":6,"key":"Fruit Juice"},{"floor":12,"key":"PowerPotion"},{"floor":15,"key":"GamblersBrew"},{"floor":16,"key":"Slimebound:ThreeZeroPotion"},{"floor":28,"key":"Energy Potion"},{"floor":33,"key":"bronze:FreeFunctionsPotion"}],"is_trial":true,"path_per_floor":["R","M","?","?","?","E","T","E","R","E","E","?","R","$","M","B",null,"R","M","?","$","?","R","T","E","E","R","E","R","E","$","M","B",null,"R","?","?","$","T","?","T","?","R","T","R","E","R","M","M","B",null],"character_chosen":"THE_AUTOMATON","items_purchased":["Membership Card","Ornamental Fan","HornCleat","FossilizedHelix","Molten Egg 2","bronze:ItsAFeature","Strawberry","Pear","hexamod:BolsterEngine","Sundial","Chemical X","Shuriken","Vajra","War Paint","Guardian:PocketSentry","Turnip","Anchor"],"campfire_rested":0,"item_purchase_floors":[14,14,14,14,14,21,31,31,31,31,38,38,38,38,38,38,38],"current_hp_per_floor":[70,70,60,60,65,70,70,56,56,60,64,70,70,70,70,64,70,70,70,70,70,70,70,70,70,70,70,70,70,63,87,87,62,87,87,87,87,87,87,87,87,77,87,87,87,97,97,97,97,97],"gold":118,"neow_bonus":"","is_daily":false,"chose_seed":false,"campfire_upgraded":10,"win_rate":0.0,"timestamp":1611175106,"path_taken":["R","M","?","?","?","E","T","E","R","E","E","?","R","$","M","BOSS","R","M","?","$","?","R","T","E","E","R","E","R","E","?","M","BOSS","R","?","?","$","?","?","T","?","R","?","R","E","R","M","M","BOSS"],"items_purchased_type":["Relic","Relic","Relic","Relic","Relic","Card","Relic","Relic","Relic","Relic","Relic","Relic","Relic","Relic","Relic","Relic","Relic"],"build_version":"2020-12-22","purchased_purges":0,"victory":true,"max_hp_per_floor":[70,70,60,60,65,70,70,70,70,70,70,70,70,70,70,70,70,70,70,70,70,70,70,70,70,70,70,70,70,70,87,87,87,87,87,87,87,87,87,87,87,87,97,97,97,97,97,97,97,97],"card_choices":[{"not_picked":["bronze:Iterate","bronze:CloningBeam"],"picked":"bronze:Optimize","floor":2},{"not_picked":["bronze:Iterate","bronze:Overload"],"picked":"bronze:ForLoop","floor":6},{"not_picked":["bronze:DelayedGuard","bronze:BugBarrage","bronze:BitShift"],"picked":"SKIP","floor":8},{"not_picked":["bronze:Turbo","bronze:BugBarrage"],"picked":"bronze:Fortify","floor":10},{"not_picked":["bronze:DelayedGuard","bronze:BugBarrage","bronze:CutThrough"],"picked":"SKIP","floor":11},{"not_picked":["bronze:CutThrough","bronze:Shield"],"picked":"bronze:RecursiveStrike","floor":12},{"not_picked":["bronze:GetLatest","bronze:Shell"],"picked":"bronze:Terminator","floor":14},{"not_picked":["bronze:Shield","bronze:Overheat+1"],"picked":"bronze:Flail+1","floor":15},{"not_picked":["bronze:FindAndReplace","bronze:RecursiveStrike+1"],"picked":"bronze:Verify","floor":16},{"not_picked":["bronze:OilSpill+1","bronze:Branch+1","bronze:DelayedSlice+1"],"picked":"SKIP","floor":19},{"not_picked":["bronze:Shield","bronze:ForLoop","bronze:DelayedSlice+1"],"picked":"SKIP","floor":21},{"not_picked":["bronze:OilSpill+1","bronze:Constructor","bronze:Allocate"],"picked":"SKIP","floor":25},{"not_picked":["bronze:Constructor+1","bronze:ChildClass"],"picked":"bronze:Return","floor":26},{"not_picked":["bronze:Invalidate","bronze:Deprecate","bronze:Iterate+1"],"picked":"SKIP","floor":28},{"not_picked":["bronze:BitShift","bronze:Safeguard","bronze:BuggyMess+1"],"picked":"SKIP","floor":30},{"not_picked":["bronze:Iterate+1","bronze:OilSpill+1"],"picked":"bronze:Verify+1","floor":31},{"not_picked":["bronze:Invalidate","bronze:Separator+1"],"picked":"bronze:FineTuning+1","floor":32},{"not_picked":["bronze:Break+1","bronze:BurnOut+1"],"picked":"bronze:SpaghettiCode","floor":33},{"not_picked":["expansioncontent:Hexaburn+1","expansioncontent:GuardianWhirl+1"],"picked":"expansioncontent:PrepareCrush","floor":42},{"not_picked":["expansioncontent:GuardianWhirl+1","expansioncontent:PrepareCrush"],"picked":"expansioncontent:PolyBeam+1","floor":42},{"not_picked":["bronze:WhirlingStrike+1","bronze:Overheat+1","bronze:BronzeOrb+1"],"picked":"SKIP","floor":46},{"not_picked":["bronze:BugBarrage+1","bronze:Iterate+1","bronze:Safeguard+1"],"picked":"SKIP","floor":48},{"not_picked":["bronze:FollowUp+1","bronze:Turbo+1","bronze:Fortify+1"],"picked":"SKIP","floor":49}],"player_experience":830864,"relics_obtained":[{"floor":6,"key":"Toy Ornithopter"},{"floor":7,"key":"The Courier"},{"floor":8,"key":"Bird Faced Urn"},{"floor":10,"key":"Juzu Bracelet"},{"floor":11,"key":"Old Coin"},{"floor":12,"key":"Odd Mushroom"},{"floor":24,"key":"Lantern"},{"floor":25,"key":"sneckomod:BlankCard"},{"floor":25,"key":"Omamori"},{"floor":26,"key":"Ancient Tea Set"},{"floor":26,"key":"Frozen Egg 2"},{"floor":28,"key":"Pen Nib"},{"floor":28,"key":"Ice Cream"},{"floor":30,"key":"Centennial Puzzle"},{"floor":30,"key":"Dead Branch"},{"floor":39,"key":"Bronze Scales"},{"floor":40,"key":"champ:DeflectingBracers"},{"floor":41,"key":"Blood Vial"},{"floor":44,"key":"Thread and Needle"},{"floor":46,"key":"Slimebound:StickyStick"},{"floor":46,"key":"Unceasing Top"}],"event_choices":[{"damage_healed":0,"gold_gain":0,"player_choice":"Donut","damage_taken":0,"max_hp_gain":5,"max_hp_loss":0,"event_name":"Big Fish","floor":5,"gold_loss":0},{"damage_healed":0,"gold_gain":0,"player_choice":"Fought Mushrooms","damage_taken":0,"max_hp_gain":0,"max_hp_loss":0,"event_name":"Mushrooms","floor":12,"gold_loss":0},{"damage_healed":0,"gold_gain":0,"player_choice":"Fight","damage_taken":0,"max_hp_gain":0,"max_hp_loss":0,"event_name":"Mysterious Sphere","floor":40,"gold_loss":0}],"is_beta":false,"boss_relics":[{"not_picked":["Velvet Choker","Snecko Eye"],"picked":"Black Star"},{"not_picked":["Fusion Hammer","Empty Cage"],"picked":"Cursed Key"}],"items_purged_floors":[],"is_endless":false,"potions_floor_spawned":[6,12,15,16,28,32,33,40,49],"ascension_level":0}}