{"host":"u4zac1ah2fyo4jwu","time":1611142515,"event":{"mods":["AchievementEnabler","BaseMod","Keyboard Shortcuts","Minty Spire (QoL Compilation)","Quick Restart","Rare Cards Sparkle","SuperFastMode"],"gold_per_floor":[112,112,126,42,56,89,89,106,106,124,124,154,154,168,168,264,264,277,277,15,15,28,61,78,78,78],"floor_reached":25,"language":"KOR","playtime":953,"items_purged":[],"score":258,"play_id":"67d2ddf2-233f-4b88-9c42-7499ad4b70e5","local_time":"20210120203515","is_ascension_mode":false,"campfire_choices":[{"data":"Discovery","floor":7.0,"key":"SMITH"},{"data":"Spot Weakness","floor":13.0,"key":"SMITH"},{"data":"Metallicize","floor":15.0,"key":"SMITH"}],"circlet_count":0,"master_deck":["Strike_R","Strike_R","Strike_R","Strike_R","Strike_R","Defend_R","Defend_R","Defend_R","Defend_R","Bash","Spot Weakness+1","Cleave","Discovery+1","Clash","Seeing Red","Flex","Fire Breathing+1","Intimidate","Metallicize+1","Berserk","Carnage","Pain","Heavy Blade","Heavy Blade+1","True Grit+1"],"relics":["Burning Blood","CultistMask","Lantern","Red Skull","Pear","Runic Pyramid","Mummified Hand","WarpedTongs","Darkstone Periapt"],"acts_visited":["Exordium","TheCity"],"potions_floor_usage":[],"damage_taken":[{"damage":4.0,"enemies":"2 Louse","floor":1.0,"turns":4.0},{"damage":1.0,"enemies":"Cultist","floor":3.0,"turns":3.0},{"damage":0.0,"enemies":"Small Slimes","floor":5.0,"turns":2.0},{"damage":14.0,"enemies":"Gremlin Nob","floor":6.0,"turns":3.0},{"damage":0.0,"enemies":"2 Fungi Beasts","floor":8.0,"turns":2.0},{"damage":11.0,"enemies":"3 Louse","floor":10.0,"turns":4.0},{"damage":8.0,"enemies":"3 Sentries","floor":12.0,"turns":4.0},{"damage":16.0,"enemies":"Exordium Thugs","floor":14.0,"turns":3.0},{"damage":39.0,"enemies":"Hexaghost","floor":16.0,"turns":8.0},{"damage":6.0,"enemies":"Spheric Guardian","floor":18.0,"turns":5.0},{"damage":42.0,"enemies":"Shell Parasite","floor":22.0,"turns":4.0},{"damage":62.0,"enemies":"Book of Stabbing","floor":23.0,"turns":5.0},{"damage":39.0,"enemies":"Snake Plant","floor":24.0,"turns":3.0},{"damage":23,"enemies":"Gremlin Leader","floor":25,"turns":2}],"seed_played":"5490727023376836728","potions_obtained":[{"floor":1.0,"key":"Fire Potion"},{"floor":3.0,"key":"Strength Potion"},{"floor":10.0,"key":"SkillPotion"},{"floor":12.0,"key":"EntropicBrew"},{"floor":16.0,"key":"Regen Potion"},{"floor":18.0,"key":"DistilledChaos"},{"floor":24.0,"key":"Dexterity Potion"}],"is_trial":false,"path_per_floor":["M","?","M","$","M","E","R","M","T","M","?","E","R","M","R","B",null,"M","?","$","?","M","E","M","E"],"character_chosen":"IRONCLAD","items_purchased":["Discovery","Mummified Hand"],"campfire_rested":0,"item_purchase_floors":[4,20],"current_hp_per_floor":[88,88,88,88,88,80,80,86,86,81,81,89,89,79,79,46,98,98,98,98,98,62,20,16,0,0],"gold":78,"neow_bonus":"TEN_PERCENT_HP_BONUS","is_daily":false,"chose_seed":false,"campfire_upgraded":3,"win_rate":0.0,"timestamp":1611142515,"path_taken":["M","?","?","$","M","E","R","M","T","M","?","E","R","M","R","BOSS","M","?","$","?","?","E","M","E"],"items_purchased_type":["Card","Relic"],"build_version":"2020-12-22","purchased_purges":0,"victory":false,"max_hp_per_floor":[88,88,88,88,88,88,88,88,88,88,88,98,98,98,98,98,98,98,98,98,98,98,98,98,98,98],"card_choices":[{"not_picked":["Thunderclap","Pummel"],"picked":"Spot Weakness","floor":1.0},{"not_picked":["Rampage","True Grit"],"picked":"Cleave","floor":3.0},{"not_picked":["Pommel Strike","Battle Trance"],"picked":"Clash","floor":5.0},{"not_picked":["Juggernaut","Thunderclap"],"picked":"Seeing Red","floor":6.0},{"not_picked":["Perfected Strike","Heavy Blade"],"picked":"Flex","floor":8.0},{"not_picked":["Searing Blow","Intimidate"],"picked":"Fire Breathing","floor":10.0},{"not_picked":["Reaper","Pummel"],"picked":"Intimidate","floor":12.0},{"not_picked":["Body Slam","Warcry"],"picked":"Metallicize","floor":14.0},{"not_picked":["Juggernaut","Reaper"],"picked":"Berserk","floor":16.0},{"not_picked":["Reckless Charge","Clash+1"],"picked":"Carnage","floor":18.0},{"not_picked":["Clothesline","Pommel Strike"],"picked":"Heavy Blade","floor":22.0},{"not_picked":["Anger+1","Inflame"],"picked":"Heavy Blade+1","floor":23.0},{"not_picked":["Body Slam","Pommel Strike"],"picked":"True Grit+1","floor":24.0}],"player_experience":8768,"relics_obtained":[{"floor":6.0,"key":"Lantern"},{"floor":9.0,"key":"Red Skull"},{"floor":12.0,"key":"Pear"},{"floor":23.0,"key":"Darkstone Periapt"}],"event_choices":[{"damage_healed":0.0,"max_hp_gain":0.0,"max_hp_loss":0.0,"gold_gain":0.0,"event_name":"FaceTrader","player_choice":"Trade","floor":2.0,"gold_loss":0.0,"damage_taken":0.0,"relics_obtained":["CultistMask"]},{"damage_healed":0.0,"max_hp_gain":0.0,"max_hp_loss":0.0,"gold_gain":0.0,"event_name":"Living Wall","player_choice":"Grow","floor":11.0,"gold_loss":0.0,"damage_taken":0.0,"cards_upgraded":["Fire Breathing"]},{"damage_healed":0.0,"max_hp_gain":0.0,"max_hp_loss":0.0,"gold_gain":0.0,"event_name":"Beggar","player_choice":"Ignored","floor":19.0,"gold_loss":0.0,"damage_taken":0.0},{"damage_healed":0.0,"max_hp_gain":0.0,"max_hp_loss":0.0,"gold_gain":0.0,"event_name":"Accursed Blacksmith","player_choice":"Rummage","floor":21.0,"gold_loss":0.0,"damage_taken":0.0,"relics_obtained":["WarpedTongs"],"cards_obtained":["Pain"]}],"is_beta":false,"boss_relics":[{"not_picked":["Astrolabe","Fusion Hammer"],"picked":"Runic Pyramid"}],"items_purged_floors":[],"is_endless":false,"potions_floor_spawned":[1,3,10,12,16,18,24],"killed_by":"Gremlin Leader","ascension_level":0}}