{"host":"mai03x2ekbjy4059","time":1611139595,"event":{"mods":["2.2 Compatiblity","BaseMod","Colored Map","DeckTracker","Keyboard Shortcuts","Minty Spire (QoL Compilation)","Permanent Neow","Quick Restart","SuperFastMode","everything is the same but u backflip on backflip"],"gold_per_floor":[119,294,310,158,173,200,223,258,285,298,316,350,363,363,363,466,466,482,482,494,593,593,620,639,666,666,680,680,715,314,333,333,428,428,448,500,500,512,512,543,543,569,581,604,616,628,640,684,696,708,720,732,28,57,57],"floor_reached":56,"language":"KOR","playtime":2387,"items_purged":["Doubt","Riddle With Holes","Predator"],"score":1494,"play_id":"1a176876-9d0b-44d8-a2aa-548a1913c20d","local_time":"20210120194635","is_ascension_mode":true,"campfire_choices":[{"data":"Noxious Fumes","floor":15.0,"key":"SMITH"},{"data":"Adrenaline","floor":28.0,"key":"SMITH"},{"data":"Noxious Fumes","floor":32.0,"key":"SMITH"},{"data":"Footwork","floor":41.0,"key":"SMITH"},{"data":"Caltrops","floor":45,"key":"SMITH"},{"data":"Noxious Fumes","floor":47,"key":"SMITH"},{"floor":49,"key":"RECALL"},{"data":"Caltrops","floor":52,"key":"SMITH"}],"circlet_count":0,"master_deck":["Survivor","Neutralize","Caltrops+1","Caltrops+1","Noxious Fumes+1","Dodge and Roll","PiercingWail","Backflip","Corpse Explosion","Calculated Gamble","Distraction","Escape Plan","Deadly Poison","Deadly Poison","After Image","Noxious Fumes+1","Footwork+1","Blur","Adrenaline+1","Leg Sweep","After Image","Footwork+1","Caltrops+1","Noxious Fumes+1","Footwork","Dodge and Roll+1"],"relics":["Ring of the Snake","TungstenRod","Bag of Marbles","Toy Ornithopter","Pocketwatch","Dream Catcher","Bag of Preparation","Pandora\u0027s Box","Snake Skull","Sundial","Matryoshka","Akabeko","FossilizedHelix","Philosopher\u0027s Stone","StoneCalendar","Mummified Hand","MawBank","Question Card","Shuriken","Molten Egg 2","Oddly Smooth Stone","Pantograph","Du-Vu Doll"],"acts_visited":["Exordium","TheCity","TheBeyond","TheEnding"],"potions_floor_usage":[44,54,55,55,55,55],"damage_taken":[{"damage":0.0,"enemies":"Cultist","floor":1.0,"turns":4.0},{"damage":1.0,"enemies":"Jaw Worm","floor":3.0,"turns":6.0},{"damage":4.0,"enemies":"Small Slimes","floor":5.0,"turns":5.0},{"damage":12.0,"enemies":"Lagavulin","floor":6.0,"turns":11.0},{"damage":8.0,"enemies":"3 Sentries","floor":8.0,"turns":7.0},{"damage":3.0,"enemies":"Gremlin Gang","floor":10.0,"turns":6.0},{"damage":11.0,"enemies":"3 Louse","floor":11.0,"turns":4.0},{"damage":6.0,"enemies":"Lagavulin","floor":12.0,"turns":10.0},{"damage":1.0,"enemies":"Looter","floor":13.0,"turns":4.0},{"damage":25.0,"enemies":"Slime Boss","floor":16.0,"turns":12.0},{"damage":7.0,"enemies":"Shell Parasite","floor":18.0,"turns":5.0},{"damage":0.0,"enemies":"3 Byrds","floor":20.0,"turns":4.0},{"damage":15.0,"enemies":"Gremlin Leader","floor":23.0,"turns":6.0},{"damage":1.0,"enemies":"Cultist and Chosen","floor":24.0,"turns":4.0},{"damage":5.0,"enemies":"Book of Stabbing","floor":25.0,"turns":7.0},{"damage":0.0,"enemies":"Snake Plant","floor":27.0,"turns":5.0},{"damage":26.0,"enemies":"Slavers","floor":29.0,"turns":5.0},{"damage":0.0,"enemies":"Centurion and Healer","floor":31.0,"turns":6.0},{"damage":0.0,"enemies":"Champ","floor":33.0,"turns":11.0},{"damage":0.0,"enemies":"3 Darklings","floor":35.0,"turns":4.0},{"damage":13.0,"enemies":"2 Orb Walkers","floor":36.0,"turns":4.0},{"damage":0.0,"enemies":"Orb Walker","floor":38.0,"turns":5.0},{"damage":15.0,"enemies":"Reptomancer","floor":40.0,"turns":6.0},{"damage":0.0,"enemies":"Giant Head","floor":42.0,"turns":7.0},{"damage":0,"enemies":"Writhing Mass","floor":44,"turns":4},{"damage":0,"enemies":"Nemesis","floor":48,"turns":5},{"damage":33,"enemies":"Awakened One","floor":50,"turns":10},{"damage":20,"enemies":"Shield and Spear","floor":54,"turns":4},{"damage":3,"enemies":"The Heart","floor":55,"turns":7}],"seed_played":"6926981207946174268","potions_obtained":[{"floor":1.0,"key":"Energy Potion"},{"floor":8.0,"key":"LiquidMemories"},{"floor":10.0,"key":"Fruit Juice"},{"floor":16.0,"key":"Dexterity Potion"},{"floor":20.0,"key":"DuplicationPotion"},{"floor":24.0,"key":"GhostInAJar"},{"floor":31.0,"key":"LiquidMemories"},{"floor":33.0,"key":"Weak Potion"},{"floor":40.0,"key":"Poison Potion"},{"floor":42.0,"key":"CunningPotion"}],"is_trial":false,"path_per_floor":["M","?","M","$","M","E","T","E","T","M","M","E","M","?","R","B",null,"M","?","M","?","?","E","M","E","T","M","R","E","$","M","R","B",null,"M","?","?","M","?","E","R","E","T","M","R","?","R","E","R","B",null,"R","$","E","B",null],"character_chosen":"THE_SILENT","items_purchased":["Noxious Fumes","FossilizedHelix","Oddly Smooth Stone","Pantograph","Footwork","EntropicBrew"],"campfire_rested":0,"item_purchase_floors":[4,30,53,53,53,53],"current_hp_per_floor":[63,63,62,62,58,46,46,38,38,35,34,28,27,25,25,5,68,61,61,61,61,61,51,50,45,45,50,50,34,34,34,34,34,68,68,55,55,55,55,50,50,50,50,55,55,55,55,55,55,22,65,65,65,50,65],"gold":57,"neow_bonus":"ONE_RARE_RELIC","is_daily":false,"chose_seed":false,"campfire_upgraded":7,"win_rate":0.0,"timestamp":1611139595,"path_taken":["M","?","M","$","M","E","?","E","T","M","M","E","M","?","R","BOSS","M","?","M","?","?","E","M","E","T","?","R","E","$","M","R","BOSS","M","?","?","M","?","E","R","E","T","M","R","?","R","E","R","BOSS","R","$","E","BOSS"],"items_purchased_type":["Card","Relic","Relic","Relic","Card","Potion"],"build_version":"2020-12-22","purchased_purges":3,"victory":true,"max_hp_per_floor":[63,63,63,63,63,63,63,63,63,63,68,68,68,68,68,68,68,68,68,68,68,68,68,68,68,68,68,68,68,68,68,68,68,68,68,68,65,65,65,65,65,65,65,65,65,65,65,65,65,65,65,65,65,65,65],"card_choices":[{"not_picked":["Slice","Bouncing Flask"],"picked":"Caltrops","floor":1.0},{"not_picked":["Distraction","Finisher"],"picked":"Caltrops","floor":3.0},{"not_picked":["Expertise","Flying Knee"],"picked":"Dodge and Roll","floor":5.0},{"not_picked":["Bouncing Flask","Acrobatics","Bane"],"picked":"SKIP","floor":6.0},{"not_picked":["Distraction","Outmaneuver","Bane"],"picked":"SKIP","floor":8.0},{"not_picked":["Finisher","Distraction","Prepared"],"picked":"SKIP","floor":10.0},{"not_picked":["Blade Dance","Envenom"],"picked":"PiercingWail","floor":11.0},{"not_picked":["Quick Slash","Masterful Stab","Sucker Punch"],"picked":"SKIP","floor":12.0},{"not_picked":["Riddle With Holes","Slice"],"picked":"Backflip","floor":13.0},{"not_picked":["Wraith Form v2","Die Die Die"],"picked":"Corpse Explosion","floor":16.0},{"not_picked":["Blade Dance","Bouncing Flask"],"picked":"Noxious Fumes","floor":18.0},{"not_picked":["Sucker Punch","Deflect"],"picked":"Blur","floor":20.0},{"not_picked":["Setup","Tools of the Trade"],"picked":"Leg Sweep","floor":23.0},{"not_picked":["Acrobatics+1","Dash","Sucker Punch"],"picked":"SKIP","floor":24.0},{"not_picked":["Underhanded Strike+1","Backstab"],"picked":"After Image","floor":25.0},{"not_picked":["Masterful Stab","Leg Sweep","Acrobatics"],"picked":"SKIP","floor":27.0},{"not_picked":["Bouncing Flask","Tactician","Dagger Spray"],"picked":"SKIP","floor":29.0},{"not_picked":["Skewer","Cloak And Dagger+1","Quick Slash"],"picked":"SKIP","floor":31.0},{"not_picked":["Cloak And Dagger+1","Quick Slash"],"picked":"Footwork+1","floor":35.0},{"not_picked":["Poisoned Stab+1","Cloak And Dagger+1","Reflex"],"picked":"SKIP","floor":38.0},{"not_picked":["Cloak And Dagger+1","Flechettes+1","Dagger Spray+1"],"picked":"SKIP","floor":40.0},{"not_picked":["All Out Attack","Endless Agony+1"],"picked":"Caltrops+1","floor":42.0},{"not_picked":["Deadly Poison","Concentrate+1","Sucker Punch+1","Finisher"],"picked":"SKIP","floor":44},{"not_picked":["Poisoned Stab+1","Calculated Gamble","Cloak And Dagger","Dagger Spray+1"],"picked":"SKIP","floor":48},{"not_picked":["Glass Knife+1","Acrobatics+1","Endless Agony+1"],"picked":"Dodge and Roll+1","floor":54}],"player_experience":1110218,"relics_obtained":[{"floor":6.0,"key":"Bag of Marbles"},{"floor":7.0,"key":"Toy Ornithopter"},{"floor":8.0,"key":"Pocketwatch"},{"floor":12.0,"key":"Dream Catcher"},{"floor":23.0,"key":"Snake Skull"},{"floor":25.0,"key":"Sundial"},{"floor":26.0,"key":"Matryoshka"},{"floor":29.0,"key":"Akabeko"},{"floor":36.0,"key":"StoneCalendar"},{"floor":40.0,"key":"Mummified Hand"},{"floor":42.0,"key":"MawBank"},{"floor":43.0,"key":"Question Card"},{"floor":43.0,"key":"Shuriken"},{"floor":48,"key":"Molten Egg 2"},{"floor":54,"key":"Du-Vu Doll"}],"event_choices":[{"damage_healed":0.0,"max_hp_gain":0.0,"max_hp_loss":0.0,"gold_gain":175.0,"event_name":"Liars Game","player_choice":"AGREE","floor":2.0,"gold_loss":0.0,"damage_taken":0.0,"cards_obtained":["Doubt"]},{"damage_healed":0.0,"max_hp_gain":0.0,"max_hp_loss":0.0,"gold_gain":0.0,"event_name":"Scrap Ooze","player_choice":"Success","floor":14.0,"gold_loss":0.0,"damage_taken":3.0,"relics_obtained":["Bag of Preparation"]},{"damage_healed":0.0,"max_hp_gain":0.0,"max_hp_loss":0.0,"gold_gain":0.0,"event_name":"The Library","player_choice":"Read","floor":19.0,"gold_loss":0.0,"damage_taken":0.0,"cards_obtained":["Footwork"]},{"damage_healed":0.0,"max_hp_gain":0.0,"max_hp_loss":0.0,"gold_gain":99.0,"event_name":"Nest","player_choice":"Stole From Cult","floor":21.0,"gold_loss":0.0,"damage_taken":0.0},{"damage_healed":0.0,"max_hp_gain":0.0,"max_hp_loss":0.0,"gold_gain":0.0,"event_name":"Match and Keep!","player_choice":"1 cards matched","floor":22.0,"gold_loss":0.0,"damage_taken":0.0,"cards_obtained":["Adrenaline"]},{"damage_healed":0.0,"max_hp_gain":0.0,"max_hp_loss":0.0,"gold_gain":0.0,"event_name":"Mysterious Sphere","player_choice":"Fight","floor":36.0,"gold_loss":0.0,"damage_taken":0.0},{"damage_healed":0.0,"max_hp_gain":0.0,"max_hp_loss":3.0,"gold_gain":0.0,"event_name":"Winding Halls","player_choice":"Max HP","floor":37.0,"gold_loss":0.0,"damage_taken":0.0},{"cards_removed":["Infinite Blades"],"damage_healed":0.0,"max_hp_gain":0.0,"max_hp_loss":0.0,"gold_gain":0.0,"event_name":"Falling","player_choice":"Removed Power","floor":39.0,"gold_loss":0.0,"damage_taken":0.0},{"damage_healed":0,"gold_gain":0,"cards_transformed":["Well Laid Plans"],"player_choice":"Transformed","damage_taken":0,"max_hp_gain":0,"max_hp_loss":0,"event_name":"Transmorgrifier","floor":46,"gold_loss":0,"cards_obtained":["Noxious Fumes"]}],"is_beta":false,"boss_relics":[{"not_picked":["WristBlade","HoveringKite"],"picked":"Pandora\u0027s Box"},{"not_picked":["SacredBark","Velvet Choker"],"picked":"Philosopher\u0027s Stone"}],"items_purged_floors":[4,30,53],"is_endless":false,"potions_floor_spawned":[1,8,10,16,20,24,31,33,40,42],"ascension_level":1}}