{"host":"sav7uxregyirlf69","time":1611119884,"event":{"mods":["AchievementEnabler","BaseMod","Colored Map","DeckTracker","Keyboard Shortcuts","Minty Spire (QoL Compilation)","READ ME - Guardian Mod","StSLib","SuperFastMode"],"gold_per_floor":[109,122,20,40,40,40,53,73,73,73,85,146,157,82,82,159,159,173,8,58,71,71,103,103,130,155,172,172,187,197,222,222,297,347,364,211,211,236,246,281,281,313,337,356,391,416,434,443,443,443,443,443,443,110,135,135,135],"floor_reached":56,"language":"KOR","playtime":1881,"items_purged":["Strike_G","Defend_G","Defend_G"],"score":1974,"play_id":"20f90aa7-9a06-4f39-95c4-153b61a6c3c0","local_time":"20210120141804","is_ascension_mode":true,"campfire_choices":[{"data":"Finisher","floor":6.0,"key":"SMITH"},{"data":"Cloak And Dagger","floor":10.0,"key":"SMITH"},{"data":"Accuracy","floor":15.0,"key":"SMITH"},{"data":"Well Laid Plans","floor":24.0,"key":"SMITH"},{"data":"Burst","floor":32.0,"key":"SMITH"},{"data":"Adrenaline","floor":41.0,"key":"SMITH"},{"floor":49.0,"key":"RECALL"},{"data":"Accuracy","floor":53.0,"key":"SMITH"}],"circlet_count":0,"master_deck":["AscendersBane","Defend_G","Defend_G","Survivor","Neutralize","Blade Dance","Crippling Poison","Finesse+1","Cloak And Dagger+1","Accuracy+1","Burst+1","Well Laid Plans+1","Adrenaline+1","Backflip+1","Accuracy+1","Ghostly+1","Ghostly+1","Ghostly+1","After Image","Terror+1","Cloak And Dagger+1","Blade Dance+1","PiercingWail+1","Impatience+1","Dark Shackles+1","Cloak And Dagger+1","Caltrops"],"relics":["Ring of the Serpent","Singing Bowl","Meat on the Bone","Kunai","Blood Vial","Toxic Egg 2","Juzu Bracelet","Tiny House","The Specimen","Vajra","Smiling Mask","CeramicFish","Nunchaku","Snake Skull"],"acts_visited":["Exordium","TheCity","TheBeyond","TheEnding"],"potions_floor_usage":[56],"damage_taken":[{"damage":3.0,"enemies":"Cultist","floor":1.0,"turns":4.0},{"damage":0.0,"enemies":"Small Slimes","floor":2.0,"turns":3.0},{"damage":3.0,"enemies":"Jaw Worm","floor":4.0,"turns":4.0},{"damage":2.0,"enemies":"Large Slime","floor":7.0,"turns":3.0},{"damage":9.0,"enemies":"Red Slaver","floor":8.0,"turns":4.0},{"damage":0.0,"enemies":"3 Louse","floor":11.0,"turns":3.0},{"damage":15.0,"enemies":"3 Sentries","floor":12.0,"turns":11.0},{"damage":12.0,"enemies":"Large Slime","floor":13.0,"turns":6.0},{"damage":14.0,"enemies":"The Guardian","floor":16.0,"turns":9.0},{"damage":0.0,"enemies":"Chosen","floor":18.0,"turns":2.0},{"damage":7.0,"enemies":"3 Byrds","floor":21.0,"turns":4.0},{"damage":17.0,"enemies":"Gremlin Leader","floor":23.0,"turns":7.0},{"damage":2.0,"enemies":"Book of Stabbing","floor":25.0,"turns":3.0},{"damage":0.0,"enemies":"Centurion and Healer","floor":27.0,"turns":4.0},{"damage":2.0,"enemies":"Cultist and Chosen","floor":29.0,"turns":7.0},{"damage":3.0,"enemies":"Snake Plant","floor":30.0,"turns":6.0},{"damage":17.0,"enemies":"Slavers","floor":31.0,"turns":8.0},{"damage":7.0,"enemies":"Automaton","floor":33.0,"turns":9.0},{"damage":1.0,"enemies":"Orb Walker","floor":35.0,"turns":5.0},{"damage":0.0,"enemies":"Mind Bloom Boss Battle","floor":38.0,"turns":5.0},{"damage":0.0,"enemies":"3 Darklings","floor":39.0,"turns":5.0},{"damage":13.0,"enemies":"Reptomancer","floor":40.0,"turns":9.0},{"damage":0.0,"enemies":"Giant Head","floor":42.0,"turns":6.0},{"damage":0.0,"enemies":"4 Shapes","floor":44.0,"turns":6.0},{"damage":4.0,"enemies":"Nemesis","floor":45.0,"turns":5.0},{"damage":0.0,"enemies":"Sphere and 2 Shapes","floor":46.0,"turns":5.0},{"damage":1.0,"enemies":"Awakened One","floor":50.0,"turns":11.0},{"damage":32.0,"enemies":"Time Eater","floor":51.0,"turns":14.0},{"damage":48.0,"enemies":"Shield and Spear","floor":55.0,"turns":8.0},{"damage":30,"enemies":"The Heart","floor":56,"turns":3}],"seed_played":"-7001065118058107620","potions_obtained":[{"floor":2.0,"key":"Weak Potion"},{"floor":8.0,"key":"Poison Potion"},{"floor":12.0,"key":"AttackPotion"},{"floor":13.0,"key":"EssenceOfSteel"},{"floor":23.0,"key":"Swift Potion"},{"floor":29.0,"key":"SpeedPotion"},{"floor":31.0,"key":"Explosive Potion"},{"floor":34.0,"key":"Explosive Potion"},{"floor":35.0,"key":"Weak Potion"},{"floor":38.0,"key":"Fruit Juice"},{"floor":40.0,"key":"FearPotion"},{"floor":46.0,"key":"DistilledChaos"}],"is_trial":false,"path_per_floor":["M","M","$","M","?","R","M","M","T","R","M","?","M","?","R","B",null,"M","$","?","M","?","E","R","E","T","M","?","M","M","E","R","B",null,"M","$","?","?","M","E","R","E","T","M","E","M","?","?","R","B","B",null,"R","$","E","B"],"character_chosen":"THE_SILENT","items_purchased":["Finesse","Well Laid Plans","Cloak And Dagger+1","Nunchaku","Strength Potion","Caltrops"],"campfire_rested":0,"item_purchase_floors":[3,19,36,54,54,54],"current_hp_per_floor":[41,41,41,38,38,38,38,29,29,29,43,42,42,42,42,40,64,66,66,66,61,61,46,46,46,46,48,39,39,40,27,27,34,49,50,50,50,54,56,50,50,54,54,56,56,58,50,50,50,51,33,60,60,60,28,0,0],"gold":135,"neow_bonus":"REMOVE_TWO","is_daily":false,"chose_seed":true,"campfire_upgraded":7,"win_rate":0.0,"timestamp":1611119884,"path_taken":["M","?","?","M","?","R","M","M","T","R","?","?","M","?","R","BOSS","M","$","?","?","?","E","R","E","T","M","?","M","M","E","R","BOSS","M","$","?","?","M","E","R","E","T","M","E","M","?","?","R","BOSS","BOSS","R","$","E","BOSS"],"items_purchased_type":["Card","Card","Card","Relic","Potion","Card"],"build_version":"2020-12-22","purchased_purges":3,"victory":false,"max_hp_per_floor":[66,66,66,66,66,66,68,68,68,68,70,72,72,72,72,72,72,74,74,74,76,76,78,78,78,78,78,39,41,43,45,45,45,52,52,52,52,54,56,63,63,65,65,65,67,67,69,69,69,69,69,69,69,69,71,71,71],"card_choices":[{"not_picked":["Concentrate","Prepared"],"picked":"Blade Dance","floor":1.0},{"not_picked":["Tactician","Acrobatics"],"picked":"Crippling Poison","floor":2.0},{"not_picked":["Backflip","Caltrops"],"picked":"Finisher","floor":4.0},{"not_picked":["Slice","Setup","Catalyst"],"picked":"Singing Bowl","floor":7.0},{"not_picked":["Outmaneuver","Prepared"],"picked":"Cloak And Dagger","floor":8.0},{"not_picked":["Quick Slash","Heel Hook","Backflip"],"picked":"Singing Bowl","floor":11.0},{"not_picked":["Bane","Riddle With Holes","Flechettes"],"picked":"Singing Bowl","floor":12.0},{"not_picked":["Expertise","Blur"],"picked":"Accuracy","floor":13.0},{"not_picked":["Storm of Steel","Die Die Die"],"picked":"Burst","floor":16.0},{"not_picked":["Footwork","Dodge and Roll","Sucker Punch"],"picked":"Singing Bowl","floor":18.0},{"not_picked":["Outmaneuver","Dash+1","Cloak And Dagger"],"picked":"Singing Bowl","floor":21.0},{"not_picked":["Accuracy","Quick Slash","Acrobatics"],"picked":"Singing Bowl","floor":23.0},{"not_picked":["Noxious Fumes","Setup+1"],"picked":"Backflip+1","floor":25.0},{"not_picked":["Outmaneuver+1","Distraction+1"],"picked":"Accuracy","floor":27.0},{"not_picked":["Poisoned Stab","PiercingWail+1","Masterful Stab"],"picked":"Singing Bowl","floor":29.0},{"not_picked":["Phantasmal Killer+1","Flying Knee","Dagger Throw+1"],"picked":"Singing Bowl","floor":30.0},{"not_picked":["Skewer","Predator","Expertise+1"],"picked":"Singing Bowl","floor":31.0},{"not_picked":["Bullet Time+1","Envenom"],"picked":"After Image","floor":33.0},{"not_picked":["Flying Knee","Underhanded Strike","Flechettes"],"picked":"Singing Bowl","floor":34.0},{"not_picked":["Dodge and Roll+1","Prepared+1"],"picked":"Terror+1","floor":35.0},{"not_picked":["Finisher","Underhanded Strike+1","Envenom"],"picked":"Singing Bowl","floor":38.0},{"not_picked":["Bane+1","Acrobatics+1","Outmaneuver+1"],"picked":"Singing Bowl","floor":39.0},{"not_picked":["Reflex+1","Predator+1","Endless Agony"],"picked":"Singing Bowl","floor":40.0},{"not_picked":["Calculated Gamble+1","Eviscerate","Outmaneuver+1"],"picked":"Singing Bowl","floor":42.0},{"not_picked":["Heel Hook+1","Backstab"],"picked":"Blade Dance+1","floor":44.0},{"not_picked":["Deadly Poison+1","Caltrops","Flechettes"],"picked":"Singing Bowl","floor":45.0},{"not_picked":["Catalyst+1","Prepared+1"],"picked":"PiercingWail+1","floor":46.0},{"not_picked":["Secret Weapon+1","Deep Breath+1"],"picked":"Impatience+1","floor":47.0},{"not_picked":["The Bomb+1","Violence+1"],"picked":"Dark Shackles+1","floor":47.0},{"not_picked":["PanicButton+1","Deep Breath+1","Jack Of All Trades+1"],"picked":"Singing Bowl","floor":47.0},{"not_picked":["Reflex+1","Outmaneuver+1","Well Laid Plans+1"],"picked":"Singing Bowl","floor":55.0}],"player_experience":1321909,"relics_obtained":[{"floor":9.0,"key":"Meat on the Bone"},{"floor":12.0,"key":"Kunai"},{"floor":23.0,"key":"Blood Vial"},{"floor":25.0,"key":"Toxic Egg 2"},{"floor":31.0,"key":"Juzu Bracelet"},{"floor":38.0,"key":"The Specimen"},{"floor":40.0,"key":"Vajra"},{"floor":43.0,"key":"Smiling Mask"},{"floor":45.0,"key":"CeramicFish"},{"floor":55.0,"key":"Snake Skull"}],"event_choices":[{"damage_healed":0.0,"max_hp_gain":0.0,"max_hp_loss":0.0,"gold_gain":0.0,"event_name":"WeMeetAgain","player_choice":"Gave Potion","floor":5.0,"gold_loss":0.0,"damage_taken":0.0,"relics_obtained":["Singing Bowl"]},{"damage_healed":0.0,"max_hp_gain":0.0,"max_hp_loss":0.0,"gold_gain":0.0,"event_name":"Dead Adventurer","player_choice":"Searched \u00271\u0027 times","floor":12.0,"gold_loss":0.0,"damage_taken":0.0},{"cards_removed":["Strike_G"],"damage_healed":0.0,"max_hp_gain":0.0,"max_hp_loss":0.0,"gold_gain":0.0,"event_name":"The Cleric","player_choice":"Card Removal","floor":14.0,"gold_loss":75.0,"damage_taken":0.0},{"damage_healed":0.0,"max_hp_gain":0.0,"max_hp_loss":0.0,"gold_gain":50.0,"event_name":"Golden Shrine","player_choice":"Pray","floor":20.0,"gold_loss":0.0,"damage_taken":0.0},{"damage_healed":0.0,"max_hp_gain":0.0,"max_hp_loss":0.0,"gold_gain":0.0,"cards_transformed":["Strike_G","Strike_G"],"event_name":"Drug Dealer","player_choice":"Became Test Subject","floor":22.0,"gold_loss":0.0,"damage_taken":0.0,"cards_obtained":["Flying Knee","Adrenaline"]},{"damage_healed":0.0,"max_hp_gain":0.0,"max_hp_loss":39.0,"gold_gain":0.0,"event_name":"Ghosts","player_choice":"Became a Ghost","floor":28.0,"gold_loss":0.0,"damage_taken":0.0,"cards_obtained":["Ghostly","Ghostly","Ghostly"]},{"cards_removed":["Flying Knee"],"damage_healed":0.0,"max_hp_gain":0.0,"max_hp_loss":0.0,"gold_gain":0.0,"event_name":"Falling","player_choice":"Removed Attack","floor":37.0,"gold_loss":0.0,"damage_taken":0.0},{"damage_healed":0.0,"max_hp_gain":0.0,"max_hp_loss":0.0,"gold_gain":0.0,"event_name":"MindBloom","player_choice":"Fight","floor":38.0,"gold_loss":0.0,"damage_taken":0.0},{"damage_healed":0.0,"max_hp_gain":0.0,"max_hp_loss":0.0,"gold_gain":0.0,"event_name":"SensoryStone","player_choice":"Memory 3","floor":47.0,"gold_loss":0.0,"damage_taken":10.0},{"damage_healed":0.0,"max_hp_gain":0.0,"max_hp_loss":0.0,"gold_gain":0.0,"cards_transformed":["Finisher"],"event_name":"Transmorgrifier","player_choice":"Transformed","floor":48.0,"gold_loss":0.0,"damage_taken":0.0,"cards_obtained":["Cloak And Dagger"]}],"is_beta":false,"boss_relics":[{"not_picked":["Runic Dome","Snecko Eye"],"picked":"Ring of the Serpent"},{"not_picked":["Velvet Choker","Runic Pyramid"],"picked":"Tiny House"}],"items_purged_floors":[19,36,54],"is_endless":false,"potions_floor_spawned":[2,8,12,13,23,29,31,35,38,40,46],"killed_by":"The Heart","ascension_level":20}}