{"host":"j4g6ia6asvpyu2b0","time":1611104017,"event":{"mods":["BaseMod","Colored Map","Minty Spire (QoL Compilation)","Permanent Neow","Quick Restart","Relic Stats","StSLib","Unceasing Turn Reminder"],"gold_per_floor":[118,130,148,76,26,26,53,115,115,143,143,172,97,97,97,194,194,208,208,190,50,60,95,95,95,95],"floor_reached":25,"language":"ENG","playtime":852,"items_purged":["Defend_B","Pain"],"score":379,"play_id":"bb937e84-470a-4140-841f-cb1f75a9f46d","local_time":"20210119175337","is_ascension_mode":true,"campfire_choices":[{"data":"Zap","floor":6,"key":"SMITH"},{"floor":11,"key":"REST"},{"floor":15,"key":"DIG"},{"floor":24,"key":"DIG"}],"circlet_count":0,"master_deck":["AscendersBane","Defend_B","Defend_B","Zap+1","Dualcast","Undo","Echo Form","Auto Shields","Glacier","Coolheaded","White Noise","Ball Lightning+1","Reinforced Body","Cold Snap","Glacier","Machine Learning+1","Creative AI+1","Loop+1","Genetic Algorithm+1","Skim+1","BootSequence","Self Repair+1","Storm+1","Coolheaded","Melter"],"relics":["Cracked Core","Shovel","Whetstone","Pear","Blue Candle","Frozen Egg 2","Mummified Hand","Sundial","Astrolabe","WarpedTongs","Lantern","Bag of Marbles"],"acts_visited":["Exordium","TheCity"],"potions_floor_usage":[12],"damage_taken":[{"damage":0,"enemies":"Cultist","floor":1,"turns":3},{"damage":3,"enemies":"Small Slimes","floor":2,"turns":6},{"damage":1,"enemies":"Jaw Worm","floor":3,"turns":5},{"damage":19,"enemies":"Gremlin Nob","floor":7,"turns":5},{"damage":14,"enemies":"Gremlin Nob","floor":8,"turns":5},{"damage":14,"enemies":"3 Sentries","floor":10,"turns":6},{"damage":1,"enemies":"Gremlin Nob","floor":12,"turns":5},{"damage":7,"enemies":"Slime Boss","floor":16,"turns":14},{"damage":2,"enemies":"Chosen","floor":18,"turns":5},{"damage":8,"enemies":"2 Thieves","floor":20,"turns":5},{"damage":4,"enemies":"Snake Plant","floor":22,"turns":4},{"damage":45,"enemies":"Slavers","floor":23,"turns":6},{"damage":31,"enemies":"3 Cultists","floor":25,"turns":4}],"seed_played":"7590470049248564466","potions_obtained":[{"floor":2,"key":"Swift Potion"},{"floor":10,"key":"Energy Potion"},{"floor":12,"key":"Energy Potion"},{"floor":16,"key":"FocusPotion"}],"is_trial":false,"path_per_floor":["M","M","M","$","$","R","E","?","T","E","R","E","$","T","R","B",null,"M","?","M","$","M","E","R","M"],"character_chosen":"DEFECT","items_purchased":["White Noise","Ball Lightning","Storm+1"],"campfire_rested":1,"item_purchase_floors":[4,5,21],"current_hp_per_floor":[50,47,46,46,46,46,27,13,23,9,34,33,33,33,33,26,70,68,68,60,60,66,31,31,0,0],"gold":95,"neow_bonus":"TRANSFORM_TWO_CARDS","is_daily":false,"chose_seed":false,"campfire_upgraded":1,"win_rate":0.0,"timestamp":1611104017,"path_taken":["M","M","M","?","$","R","E","?","T","E","R","E","?","?","R","BOSS","M","?","M","$","M","E","R","M"],"items_purchased_type":["Card","Card","Card"],"build_version":"2020-12-22","purchased_purges":2,"victory":false,"max_hp_per_floor":[75,75,75,75,75,75,75,75,85,85,85,85,85,85,85,85,85,85,85,85,85,85,85,85,85,85],"relic_stats":{"Shovel":2,"counters":[13,73],"Mummified Hand":[37],"Sundial":[4],"Blue Candle":[1],"Astrolabe":["Loop","Genetic Algorithm","Skim"],"Whetstone":["Ball Lightning","Strike_B"],"obtain_stats":[{"Lantern":23,"Shovel":7,"Pear":9,"Mummified Hand":14,"Sundial":15,"Blue Candle":10,"Astrolabe":17,"Bag of Marbles":24,"Whetstone":8,"Frozen Egg 2":12,"Cracked Core":0,"WarpedTongs":19},{"Lantern":12,"Shovel":4,"Pear":5,"Mummified Hand":7,"Sundial":7,"Blue Candle":6,"Astrolabe":8,"Bag of Marbles":12,"Whetstone":5,"Frozen Egg 2":7,"Cracked Core":0,"WarpedTongs":9},{"Lantern":69,"Shovel":19,"Pear":24,"Mummified Hand":35,"Sundial":35,"Blue Candle":30,"Astrolabe":49,"Bag of Marbles":69,"Whetstone":24,"Frozen Egg 2":35,"Cracked Core":0,"WarpedTongs":54}],"WarpedTongs":[19]},"card_choices":[{"not_picked":["Leap","Hello World"],"picked":"Auto Shields","floor":1},{"not_picked":["Stack","Turbo"],"picked":"Glacier","floor":2},{"not_picked":["Stack","Conserve Battery"],"picked":"Coolheaded","floor":3},{"not_picked":["Hologram","Leap"],"picked":"Reinforced Body","floor":7},{"not_picked":["Hologram","Undo"],"picked":"Cold Snap","floor":8},{"not_picked":["Gash","Cold Snap"],"picked":"Glacier","floor":10},{"not_picked":["Hologram","Ball Lightning"],"picked":"Machine Learning+1","floor":12},{"not_picked":["Buffer+1","Multi-Cast"],"picked":"Creative AI+1","floor":16},{"not_picked":["Beam Cell+1","Barrage"],"picked":"BootSequence","floor":18},{"not_picked":["Redo","Rip and Tear+1"],"picked":"Self Repair+1","floor":20},{"not_picked":["Streamline+1","Beam Cell"],"picked":"Coolheaded","floor":22},{"not_picked":["Beam Cell","Fusion"],"picked":"Melter","floor":23}],"player_experience":868551,"relics_obtained":[{"floor":7,"key":"Shovel"},{"floor":8,"key":"Whetstone"},{"floor":9,"key":"Pear"},{"floor":10,"key":"Blue Candle"},{"floor":12,"key":"Frozen Egg 2"},{"floor":14,"key":"Mummified Hand"},{"floor":15,"key":"Sundial"},{"floor":23,"key":"Lantern"},{"floor":24,"key":"Bag of Marbles"}],"event_choices":[{"damage_healed":0,"gold_gain":30,"player_choice":"Searched \u00272\u0027 times","damage_taken":0,"max_hp_gain":0,"max_hp_loss":0,"event_name":"Dead Adventurer","floor":8,"gold_loss":0},{"damage_healed":0,"gold_gain":0,"player_choice":"Rummage","damage_taken":0,"relics_obtained":["WarpedTongs"],"max_hp_gain":0,"max_hp_loss":0,"event_name":"Accursed Blacksmith","floor":19,"gold_loss":0,"cards_obtained":["Pain"]}],"is_beta":false,"boss_relics":[{"not_picked":["Empty Cage","Runic Dome"],"picked":"Astrolabe"}],"items_purged_floors":[13,21],"is_endless":false,"potions_floor_spawned":[2,10,12,16,22,23],"killed_by":"3 Cultists","ascension_level":12}}