{"host":"42xxsmacr0f6ikcz","time":1611168099,"event":{"mods":["AchievementEnabler","BaseMod","Block Reminder","Minty Spire (QoL Compilation)","Relic Stats","StSLib"],"gold_per_floor":[367,367,367,149,166,195,195,220,220,231,242,167,201,30,30,132,132,142,142,171,191,191,216,216,234,260,289,16,36,36,36,36,135,135,152,112,112,124,346,346,360,360,360,378,409,459,272,290,290,290,290,290,10,41,41,41],"floor_reached":55,"language":"ENG","playtime":4521,"items_purged":["Strike_G","Strike_G","Defend_G","Strike_G"],"score":964,"play_id":"ede66f9f-1631-46eb-b9cd-062b7697aa25","local_time":"20210120134139","is_ascension_mode":true,"campfire_choices":[{"floor":7.0,"key":"REST"},{"data":"Wraith Form v2","floor":15.0,"key":"SMITH"},{"floor":24.0,"key":"REST"},{"data":"Footwork","floor":30.0,"key":"SMITH"},{"floor":32.0,"key":"REST"},{"data":"After Image","floor":40.0,"key":"SMITH"},{"data":"Neutralize","floor":42.0,"key":"SMITH"},{"floor":49,"key":"RECALL"},{"floor":52,"key":"REST"}],"circlet_count":0,"master_deck":["Strike_G","Strike_G","Defend_G","Defend_G+1","Defend_G","Defend_G+1","Survivor","Neutralize+1","Poisoned Stab","Dagger Spray","Bouncing Flask+1","Predator","Dagger Throw","Cloak And Dagger","Wraith Form v2+1","Blade Dance","Footwork+1","Bullet Time","Terror+1","Crippling Poison+1","Backflip","Backflip","PiercingWail+1","Acrobatics","Cloak And Dagger","Calculated Gamble","After Image+1","Blur","Cloak And Dagger+1","Caltrops","Backstab","Accuracy","Footwork"],"relics":["Ring of the Snake","Bag of Marbles","Lantern","Gremlin Horn","Potion Belt","Bag of Preparation","Mercury Hourglass","HoveringKite","Red Mask","MutagenicStrength","Juzu Bracelet","Pen Nib","Toy Ornithopter","War Paint","Snecko Eye","Centennial Puzzle","TungstenRod","Paper Crane"],"acts_visited":["Exordium","TheCity","TheBeyond","TheEnding"],"potions_floor_usage":[45,50,50,55],"damage_taken":[{"damage":6.0,"enemies":"Cultist","floor":1.0,"turns":4.0},{"damage":1.0,"enemies":"Jaw Worm","floor":5.0,"turns":2.0},{"damage":29.0,"enemies":"Gremlin Nob","floor":6.0,"turns":4.0},{"damage":15.0,"enemies":"3 Sentries","floor":8.0,"turns":9.0},{"damage":0.0,"enemies":"Small Slimes","floor":10.0,"turns":2.0},{"damage":0.0,"enemies":"3 Louse","floor":11.0,"turns":2.0},{"damage":4.0,"enemies":"Gremlin Nob","floor":13.0,"turns":3.0},{"damage":11.0,"enemies":"Slime Boss","floor":16.0,"turns":8.0},{"damage":17.0,"enemies":"Spheric Guardian","floor":18.0,"turns":4.0},{"damage":3.0,"enemies":"Masked Bandits","floor":20.0,"turns":3.0},{"damage":13.0,"enemies":"2 Thieves","floor":21.0,"turns":3.0},{"damage":4.0,"enemies":"Slavers","floor":23.0,"turns":3.0},{"damage":3.0,"enemies":"3 Cultists","floor":25.0,"turns":3.0},{"damage":0.0,"enemies":"Book of Stabbing","floor":27.0,"turns":4.0},{"damage":2.0,"enemies":"Snecko","floor":29.0,"turns":4.0},{"damage":30.0,"enemies":"Automaton","floor":33.0,"turns":11.0},{"damage":0.0,"enemies":"3 Darklings","floor":35.0,"turns":1.0},{"damage":0.0,"enemies":"3 Shapes","floor":38.0,"turns":4.0},{"damage":0.0,"enemies":"Spire Growth","floor":41.0,"turns":3.0},{"damage":0.0,"enemies":"Jaw Worm Horde","floor":44.0,"turns":3.0},{"damage":0,"enemies":"Nemesis","floor":45,"turns":7},{"damage":1,"enemies":"Mind Bloom Boss Battle","floor":46,"turns":6},{"damage":0,"enemies":"Writhing Mass","floor":48,"turns":5},{"damage":74,"enemies":"Time Eater","floor":50,"turns":15},{"damage":68,"enemies":"Shield and Spear","floor":54,"turns":9},{"damage":8,"enemies":"The Heart","floor":55,"turns":5}],"seed_played":"-1547769910704561708","potions_obtained":[{"floor":5.0,"key":"FearPotion"},{"floor":8.0,"key":"Swift Potion"},{"floor":20.0,"key":"Regen Potion"},{"floor":27.0,"key":"EssenceOfSteel"},{"floor":29.0,"key":"DuplicationPotion"},{"floor":41.0,"key":"SteroidPotion"},{"floor":46,"key":"Block Potion"},{"floor":54,"key":"CunningPotion"}],"is_trial":false,"path_per_floor":["M","T","?","$","M","E","R","E","T","M","M","$","E","$","R","B",null,"M","?","?","M","?","E","R","M","T","E","$","M","R","?","R","B",null,"M","?","?","M","?","R","M","R","T","M","E","?","$","M","R","B",null,"R","$","E","B"],"character_chosen":"THE_SILENT","items_purchased":["Lantern","Wraith Form v2","Footwork","War Paint","Backstab","Paper Crane","Footwork"],"campfire_rested":4,"item_purchase_floors":[4,12,14,28,47,53,53],"current_hp_per_floor":[64,64,64,64,63,34,55,40,40,40,40,40,36,36,36,25,59,42,42,39,26,26,22,43,40,40,40,40,38,38,25,47,22,62,62,62,62,62,62,62,62,62,62,62,67,66,66,66,66,17,58,71,71,3,0,0],"gold":41,"neow_bonus":"TWO_FIFTY_GOLD","is_daily":false,"chose_seed":false,"campfire_upgraded":4,"win_rate":0.0,"timestamp":1611168099,"path_taken":["M","?","?","$","M","E","R","E","T","M","M","?","E","$","R","BOSS","M","?","?","M","?","E","R","M","T","E","?","M","R","?","R","BOSS","M","?","?","M","?","R","M","R","T","M","E","?","$","M","R","BOSS","R","$","E","BOSS"],"items_purchased_type":["Relic","Card","Card","Relic","Card","Relic","Card"],"build_version":"2020-12-22","purchased_purges":4,"victory":false,"max_hp_per_floor":[70,70,70,70,70,70,70,70,70,70,70,70,70,70,70,70,70,70,70,70,70,70,70,70,70,70,70,70,70,70,75,75,75,75,75,75,71,71,71,71,71,71,71,71,71,71,71,71,71,71,71,71,71,71,71,71],"relic_stats":{"Gremlin Horn":[21,22],"counters":[26,127],"HoveringKite":[39],"Pen Nib":[17],"Bag of Preparation":[34],"Juzu Bracelet":2,"War Paint":["Defend_G","Defend_G"],"Mercury Hourglass":[369],"Centennial Puzzle":[12],"Snecko Eye":[118,151,125,129],"obtain_stats":[{"Potion Belt":8,"Lantern":4,"Gremlin Horn":6,"HoveringKite":17,"Pen Nib":26,"Bag of Preparation":9,"Juzu Bracelet":23,"War Paint":28,"Paper Crane":53,"Mercury Hourglass":13,"Centennial Puzzle":45,"MutagenicStrength":22,"Snecko Eye":34,"Bag of Marbles":2,"Red Mask":20,"Toy Ornithopter":27,"TungstenRod":46,"Ring of the Snake":0},{"Potion Belt":4,"Lantern":1,"Gremlin Horn":3,"HoveringKite":8,"Pen Nib":13,"Bag of Preparation":4,"Juzu Bracelet":12,"War Paint":14,"Paper Crane":24,"Mercury Hourglass":7,"Centennial Puzzle":21,"MutagenicStrength":11,"Snecko Eye":16,"Bag of Marbles":1,"Red Mask":10,"Toy Ornithopter":14,"TungstenRod":22,"Ring of the Snake":0},{"Potion Belt":19,"Lantern":4,"Gremlin Horn":10,"HoveringKite":34,"Pen Nib":50,"Bag of Preparation":19,"Juzu Bracelet":47,"War Paint":54,"Paper Crane":113,"Mercury Hourglass":26,"Centennial Puzzle":87,"MutagenicStrength":44,"Snecko Eye":69,"Bag of Marbles":4,"Red Mask":41,"Toy Ornithopter":54,"TungstenRod":93,"Ring of the Snake":0}],"Toy Ornithopter":25,"TungstenRod":41,"Ring of the Snake":[52]},"card_choices":[{"not_picked":["Blur","Flechettes"],"picked":"Poisoned Stab","floor":1.0},{"not_picked":["Dagger Throw","Deflect"],"picked":"Dagger Spray","floor":5.0},{"not_picked":["Outmaneuver","Dagger Spray"],"picked":"Bouncing Flask","floor":6.0},{"not_picked":["Tactician","Flying Knee"],"picked":"Predator","floor":8.0},{"not_picked":["Riddle With Holes","Distraction"],"picked":"Dagger Throw","floor":10.0},{"not_picked":["Deflect","Slice"],"picked":"Cloak And Dagger","floor":11.0},{"not_picked":["Quick Slash","Distraction"],"picked":"Blade Dance","floor":13.0},{"not_picked":["Grand Finale","Unload"],"picked":"Bullet Time","floor":16.0},{"not_picked":["Footwork","Leg Sweep+1"],"picked":"Terror+1","floor":18.0},{"not_picked":["Tactician","Setup"],"picked":"Backflip","floor":20.0},{"not_picked":["Dagger Spray","Sucker Punch"],"picked":"Backflip","floor":21.0},{"not_picked":["All Out Attack","Prepared"],"picked":"PiercingWail+1","floor":23.0},{"not_picked":["Terror+1","Catalyst"],"picked":"Acrobatics","floor":25.0},{"not_picked":["Dagger Spray","Blade Dance"],"picked":"Cloak And Dagger","floor":27.0},{"not_picked":["Dagger Throw","Glass Knife"],"picked":"Calculated Gamble","floor":29.0},{"not_picked":["Storm of Steel","Malaise"],"picked":"After Image","floor":33.0},{"not_picked":["Acrobatics","Outmaneuver+1","Quick Slash+1"],"picked":"SKIP","floor":35.0},{"not_picked":["Prepared","All Out Attack","Bane"],"picked":"SKIP","floor":38.0},{"not_picked":["Prepared","All Out Attack","Bane"],"picked":"SKIP","floor":38.0},{"not_picked":["Choke+1","Backflip+1"],"picked":"Blur","floor":41.0},{"not_picked":["Expertise","Poisoned Stab+1"],"picked":"Cloak And Dagger+1","floor":44.0},{"not_picked":["Dagger Spray","Slice+1","Underhanded Strike"],"picked":"SKIP","floor":45},{"not_picked":["Quick Slash+1","Flechettes"],"picked":"Caltrops","floor":46},{"not_picked":["Bane+1","Dagger Spray+1"],"picked":"Accuracy","floor":48},{"not_picked":["Cloak And Dagger","Quick Slash","Flechettes"],"picked":"SKIP","floor":54}],"player_experience":156251,"relics_obtained":[{"floor":2.0,"key":"Bag of Marbles"},{"floor":6.0,"key":"Gremlin Horn"},{"floor":8.0,"key":"Potion Belt"},{"floor":9.0,"key":"Bag of Preparation"},{"floor":13.0,"key":"Mercury Hourglass"},{"floor":20.0,"key":"Red Mask"},{"floor":23.0,"key":"Juzu Bracelet"},{"floor":26.0,"key":"Pen Nib"},{"floor":27.0,"key":"Toy Ornithopter"},{"floor":45,"key":"Centennial Puzzle"},{"floor":46,"key":"TungstenRod"}],"event_choices":[{"cards_removed":["Pain"],"damage_healed":0.0,"max_hp_gain":0.0,"max_hp_loss":0.0,"gold_gain":0.0,"event_name":"Living Wall","player_choice":"Forget","floor":3.0,"gold_loss":0.0,"damage_taken":0.0},{"damage_healed":0.0,"max_hp_gain":0.0,"max_hp_loss":0.0,"gold_gain":0.0,"event_name":"The Library","player_choice":"Read","floor":19.0,"gold_loss":0.0,"damage_taken":0.0,"cards_obtained":["Crippling Poison"]},{"damage_healed":0.0,"max_hp_gain":0.0,"max_hp_loss":0.0,"gold_gain":0.0,"event_name":"Masked Bandits","player_choice":"Fought Bandits","floor":20.0,"gold_loss":0.0,"damage_taken":0.0},{"damage_healed":0.0,"max_hp_gain":0.0,"max_hp_loss":0.0,"gold_gain":0.0,"event_name":"Drug Dealer","player_choice":"Inject Mutagens","floor":22.0,"gold_loss":0.0,"damage_taken":0.0,"relics_obtained":["MutagenicStrength"]},{"damage_healed":0.0,"max_hp_gain":5.0,"max_hp_loss":0.0,"gold_gain":0.0,"event_name":"Forgotten Altar","player_choice":"Shed Blood","floor":31.0,"gold_loss":0.0,"damage_taken":18.0},{"damage_healed":0.0,"max_hp_gain":0.0,"max_hp_loss":0.0,"gold_gain":0.0,"event_name":"Designer","player_choice":"Upgraded Two","floor":36.0,"gold_loss":40.0,"damage_taken":0.0,"cards_upgraded":["Bouncing Flask","Crippling Poison"]},{"damage_healed":0.0,"max_hp_gain":0.0,"max_hp_loss":4.0,"gold_gain":0.0,"event_name":"Winding Halls","player_choice":"Max HP","floor":37.0,"gold_loss":0.0,"damage_taken":0.0},{"damage_healed":0.0,"max_hp_gain":0.0,"max_hp_loss":0.0,"gold_gain":222.0,"event_name":"Tomb of Lord Red Mask","player_choice":"Wore Mask","floor":39.0,"gold_loss":0.0,"damage_taken":0.0},{"damage_healed":0,"gold_gain":0,"player_choice":"Fight","damage_taken":0,"max_hp_gain":0,"max_hp_loss":0,"event_name":"MindBloom","floor":46,"gold_loss":0}],"is_beta":false,"boss_relics":[{"not_picked":["Black Star","Runic Dome"],"picked":"HoveringKite"},{"not_picked":["Astrolabe","Pandora\u0027s Box"],"picked":"Snecko Eye"}],"items_purged_floors":[4,14,28,47],"is_endless":false,"potions_floor_spawned":[5,8,20,27,29,41,44,46,48,54],"killed_by":"The Heart","ascension_level":5}}