{"host":"fm9e0lfunjlbhzxv","time":1611117589,"event":{"mods":["2.2 Compatiblity","Alarm Clock","Astrologer","BaseMod","Bestiary","Better Match","Better Skull","Better Third Choice","Colored Map","Colored Powertips","Downfall","Energized Spire","Good Game Mod","Googly Eyes","Key Reminder","Koishi","Minty Spire (QoL Compilation)","Permanent Neow","Random Character Button","Rare Cards Sparkle","Relic Stats","Remilia??????","Spicy Shops","StSLib","The Administrix","The Blue Laboratory","The Bug Knight","The Disciple","The Vixen","Trackpad","slay the spire mod where everything is the same but ironclad has a cowboy hat"],"gold_per_floor":[99,119,136,46,46,46,46,46,60,60,45,45,80,104,125,125,125,125],"floor_reached":16,"language":"ENG","playtime":1162,"items_purged":["sneckomod:Strike"],"score":115,"play_id":"67bd8641-b859-4ce9-b236-356bd87f7801","local_time":"20210119203949","is_ascension_mode":true,"campfire_choices":[{"data":"sneckomod:TailWhip","floor":1,"key":"SMITH"},{"data":"sneckomod:SnekBite","floor":6,"key":"SMITH"},{"data":"sneckomod:TrashToTreasure","floor":10,"key":"SMITH"}],"circlet_count":0,"master_deck":["sneckomod:Strike","sneckomod:Strike+1","sneckomod:Defend","sneckomod:Defend","sneckomod:Defend","sneckomod:TailWhip+1","sneckomod:SnekBite+1","sneckomod:Unknown+1","sneckomod:Unknown","champ:StrikeOfGenius+1","sneckomod:UnknownExhaust","sneckomod:UnknownClassASTROLOGER","sneckomod:UnknownClassBLUE","sneckomod:TrashToTreasure+1","sneckomod:UnknownClassASTROLOGER","downfall:Malfunctioning","sneckomod:Mudshield","sneckomod:UnknownClassTHE_VIXEN_ORANGE","sneckomod:UnknownClassDARK_GREEN_COLOR"],"relics":["REME:ComplimentaryCards","Velvet Choker","Matryoshka","TheVixenMod:UmbreonRelic","CeramicFish"],"acts_visited":["Exordium"],"potions_floor_usage":[15,16,16],"damage_taken":[{"damage":4,"enemies":"Jaw Worm","floor":2,"turns":2},{"damage":0,"enemies":"2 Louse","floor":3,"turns":2},{"damage":1,"enemies":"downfall:FleeingMerchant","floor":4,"turns":4},{"damage":0,"enemies":"downfall:FleeingMerchant","floor":8,"turns":3},{"damage":15,"enemies":"Small Slimes","floor":9,"turns":3},{"damage":5,"enemies":"downfall:FleeingMerchant","floor":11,"turns":4},{"damage":34,"enemies":"Gremlin Nob","floor":13,"turns":4},{"damage":1,"enemies":"2 Fungi Beasts","floor":14,"turns":3},{"damage":0,"enemies":"Exordium Thugs","floor":15,"turns":5},{"damage":19,"enemies":"DF_ARCHETYPE_STREAMLINE","floor":16,"turns":4}],"seed_played":"-1413713481661429131","potions_obtained":[{"floor":3,"key":"blueLaboratory:Moonshine"},{"floor":13,"key":"Dexterity Potion"},{"floor":14,"key":"Strength Potion"},{"floor":15,"key":"blueLaboratory:NullPotion"}],"is_trial":false,"path_per_floor":["R","M","M","$","?","R","T","?","M","R","$","?","E","M","M","B"],"character_chosen":"THE_SNECKO","items_purchased":[],"campfire_rested":0,"item_purchase_floors":[],"current_hp_per_floor":[90,86,86,85,90,90,90,90,75,75,70,70,36,35,18,0,0,0],"gold":125,"neow_bonus":"BOSS_RELIC","is_daily":false,"chose_seed":false,"campfire_upgraded":3,"win_rate":0.0,"timestamp":1611117589,"path_taken":["R","M","M","$","?","R","T","?","M","R","$","?","E","M","M","BOSS"],"items_purchased_type":[],"build_version":"2020-12-22","purchased_purges":1,"victory":false,"max_hp_per_floor":[90,90,90,90,95,95,95,95,95,95,95,95,95,95,95,95,95,95],"relic_stats":{"counters":[10,34],"CeramicFish":27,"obtain_stats":[{"REME:ComplimentaryCards":0,"Matryoshka":7,"CeramicFish":13,"Velvet Choker":0,"sneckomod:SneckoSoul":0,"TheVixenMod:UmbreonRelic":8},{"REME:ComplimentaryCards":0,"Matryoshka":3,"CeramicFish":7,"Velvet Choker":0,"sneckomod:SneckoSoul":0,"TheVixenMod:UmbreonRelic":3},{"REME:ComplimentaryCards":0,"Matryoshka":8,"CeramicFish":22,"Velvet Choker":0,"sneckomod:SneckoSoul":0,"TheVixenMod:UmbreonRelic":8}]},"card_choices":[{"not_picked":["sneckomod:UnknownClassHEXA_GHOST_PURPLE","sneckomod:UnknownClassDARK_GREEN_COLOR"],"picked":"sneckomod:UnknownExhaust","floor":2},{"not_picked":["sneckomod:IronFang","sneckomod:UnknownCommonAttack"],"picked":"sneckomod:UnknownClassASTROLOGER","floor":3},{"not_picked":["sneckomod:UnknownClassPURPLE","sneckomod:QuickMove"],"picked":"sneckomod:UnknownClassBLUE","floor":4},{"not_picked":["sneckomod:UnknownUncommonPower","sneckomod:UnknownClassLichGold"],"picked":"sneckomod:TrashToTreasure","floor":9},{"not_picked":["sneckomod:UnknownX","sneckomod:SoulRoll"],"picked":"sneckomod:UnknownClassASTROLOGER","floor":11},{"not_picked":["sneckomod:UnknownClassRED","sneckomod:UnknownDraw"],"picked":"sneckomod:Mudshield","floor":13},{"not_picked":["sneckomod:UnknownDexterity","sneckomod:Unknown0Cost"],"picked":"sneckomod:UnknownClassTHE_VIXEN_ORANGE","floor":14},{"not_picked":["sneckomod:SoulCleanse","sneckomod:UnknownClassTHE_VIXEN_ORANGE"],"picked":"sneckomod:UnknownClassDARK_GREEN_COLOR","floor":15}],"player_experience":794747,"relics_obtained":[{"floor":7,"key":"Matryoshka"},{"floor":13,"key":"CeramicFish"}],"event_choices":[{"damage_healed":0,"gold_gain":0,"player_choice":"Donut","damage_taken":0,"max_hp_gain":5,"max_hp_loss":0,"event_name":"Big Fish","floor":5,"gold_loss":0},{"damage_healed":0,"gold_gain":0,"player_choice":"Fight the Beast\u0027s assailants","damage_taken":0,"relics_obtained":["TheVixenMod:UmbreonRelic"],"max_hp_gain":0,"max_hp_loss":0,"event_name":"Creature of the Night","floor":8,"gold_loss":0}],"is_beta":false,"boss_relics":[],"items_purged_floors":[4],"is_endless":false,"potions_floor_spawned":[3,13,14,15],"killed_by":"DF_ARCHETYPE_STREAMLINE","ascension_level":3}}