{"host":"4myl0piycjadqnwl","time":1611185157,"event":{"mods":["BaseMod","Colored Map","Downfall","Minty Spire (QoL Compilation)","StSLib"],"gold_per_floor":[99,110,110,127,142,169,242,271,271,271,282,99,11,41,51,149,149,49,60,76,76,76,91,115,0,14,198,228,242,259,291,311,411,411,211,228,278,278,298,298,298,628,628,628,638,638,407,426,437,437,437,467,161,161,161,161,161,161],"floor_reached":56,"language":"ENG","playtime":6602,"items_purged":["bronze:Strike","bronze:Defend","bronze:Defend","bronze:Strike"],"score":1529,"play_id":"ef762321-a680-4efa-bdc7-1b612c08d944","local_time":"20210121002557","is_ascension_mode":false,"campfire_choices":[{"data":"bronze:HardenedForm","floor":1.0,"key":"SMITH"},{"floor":10.0,"key":"RECALL"},{"data":"1","floor":18.0,"key":"LIFT"},{"data":"2","floor":35.0,"key":"LIFT"},{"data":"3","floor":44.0,"key":"LIFT"},{"data":"bronze:Defend","floor":46.0,"key":"PURGE"},{"data":"bronze:Goto","floor":54.0,"key":"PURGE"}],"circlet_count":0,"master_deck":["bronze:Replicate","bronze:Frontload","bronze:HardenedForm+1","bronze:ChildClass","bronze:HardenedForm+1","bronze:Replicate","bronze:DelayedGuard","Strike_G","bronze:DelayedSlice","bronze:Frontload","bronze:DelayedSlice","bronze:BronzeArmor","bronze:Format","bronze:AlphaBuild","CurseOfTheBell","bronze:HyperBeam","bronze:Shell+1","bronze:Format","bronze:Frontload","bronze:ForceShield","bronze:FollowUp","bronze:ThunderWave","bronze:Safeguard+1","bronze:CloningBeam+1","bronze:ChildClass","bronze:Repair","bronze:BronzeOrb","bronze:GetLatest+1"],"relics":["bronze:BronzeCore","hexamod:BolsterEngine","Centennial Puzzle","Bag of Preparation","Calling Bell","Lantern","Kunai","Girya","downfall:HeartBlessingRed","Ancient Tea Set","Bottled Flame","Dead Branch","Philosopher\u0027s Stone","downfall:HeartBlessingGreen","downfall:HeartBlessingBlue","Peace Pipe","Guardian:GemstoneGun","Akabeko","Old Coin","Mango","Bag of Marbles","Medical Kit"],"acts_visited":["Exordium","TheCity","TheBeyond","TheEnding"],"potions_floor_usage":[56,56],"damage_taken":[{"damage":7.0,"enemies":"Small Slimes","floor":2.0,"turns":4.0},{"damage":0.0,"enemies":"Cultist","floor":4.0,"turns":4.0},{"damage":10.0,"enemies":"Jaw Worm","floor":5.0,"turns":4.0},{"damage":0.0,"enemies":"Lagavulin","floor":6.0,"turns":7.0},{"damage":0.0,"enemies":"Gremlin Nob","floor":8.0,"turns":4.0},{"damage":7.0,"enemies":"Lots of Slimes","floor":11.0,"turns":4.0},{"damage":0.0,"enemies":"downfall:FleeingMerchant","floor":12.0,"turns":4.0},{"damage":0.0,"enemies":"downfall:FleeingMerchant","floor":13.0,"turns":4.0},{"damage":0.0,"enemies":"3 Louse","floor":15.0,"turns":1.0},{"damage":0.0,"enemies":"IC_STATUS_ARCHETYPE","floor":16.0,"turns":8.0},{"damage":0.0,"enemies":"Shell Parasite","floor":19.0,"turns":2.0},{"damage":0.0,"enemies":"Snake Plant","floor":20.0,"turns":3.0},{"damage":0.0,"enemies":"Cultist and Chosen","floor":23.0,"turns":6.0},{"damage":0.0,"enemies":"downfall:FleeingMerchant","floor":25.0,"turns":4.0},{"damage":0.0,"enemies":"Snecko","floor":26.0,"turns":4.0},{"damage":0.0,"enemies":"downfall:FleeingMerchant","floor":27.0,"turns":4.0},{"damage":0.0,"enemies":"Gremlin Leader","floor":28.0,"turns":5.0},{"damage":0.0,"enemies":"3 Cultists","floor":29.0,"turns":3.0},{"damage":0.0,"enemies":"Snake Plant","floor":30.0,"turns":4.0},{"damage":0.0,"enemies":"Slavers","floor":31.0,"turns":5.0},{"damage":0.0,"enemies":"Chosen and Byrds","floor":32.0,"turns":4.0},{"damage":0.0,"enemies":"WA_ARCHETYPE_CALM","floor":33.0,"turns":8.0},{"damage":0.0,"enemies":"3 Shapes","floor":36.0,"turns":4.0},{"damage":10.0,"enemies":"2 Orb Walkers","floor":37.0,"turns":6.0},{"damage":0.0,"enemies":"3 Darklings","floor":39.0,"turns":6.0},{"damage":0.0,"enemies":"Giant Head","floor":42.0,"turns":7.0},{"damage":0.0,"enemies":"4 Shapes","floor":45.0,"turns":1.0},{"damage":0.0,"enemies":"Transient","floor":48.0,"turns":5.0},{"damage":0.0,"enemies":"Spire Growth","floor":49.0,"turns":2.0},{"damage":13.0,"enemies":"SI_POISON_ARCHETYPE","floor":50.0,"turns":5.0},{"damage":36.0,"enemies":"downfall:CharBossMerchant","floor":52.0,"turns":9.0},{"damage":6.0,"enemies":"downfall:NeowBoss","floor":55.0,"turns":15.0},{"damage":49,"enemies":"downfall:NeowBossFinal","floor":56,"turns":5}],"seed_played":"7990756570865988928","potions_obtained":[{"floor":4.0,"key":"FearPotion"},{"floor":6.0,"key":"SteroidPotion"},{"floor":11.0,"key":"Energy Potion"},{"floor":16.0,"key":"bronze:BuildAFunctionPotion"},{"floor":32.0,"key":"Swift Potion"},{"floor":36.0,"key":"Weak Potion"}],"is_trial":false,"path_per_floor":["R","M","?","M","M","E","T","E","?","R","M","$","$","?","M","B",null,"R","M","M","?","?","M","T","$","M","$","E","M","M","E","M","B",null,"R","M","?","?","M","T","T","E","$","R","M","R","$","M","M","B",null,"E","$","R","B","B"],"character_chosen":"THE_AUTOMATON","items_purchased":["bronze:Frontload","bronze:DelayedSlice","bronze:Format","bronze:ForceShield","bronze:BronzeOrb","Bag of Marbles","Medical Kit"],"campfire_rested":0,"item_purchase_floors":[12,12,13,27,47,53,53],"current_hp_per_floor":[63,56,56,56,46,46,46,46,46,46,39,39,39,39,39,39,63,63,63,63,47,47,47,47,47,47,47,47,47,47,47,47,47,63,73,73,63,63,63,63,63,70,70,70,73,73,73,73,73,67,73,51,51,51,45,0,0,0],"gold":161,"neow_bonus":"TRANSFORM_TWO_CARDS","is_daily":false,"chose_seed":false,"campfire_upgraded":1,"win_rate":0.0,"timestamp":1611185157,"path_taken":["R","M","?","?","M","E","T","E","?","R","M","?","$","?","M","BOSS","R","M","M","?","?","?","T","$","M","?","E","M","M","E","M","BOSS","R","M","?","?","?","?","T","E","$","R","M","R","$","M","M","BOSS","E","$","R","BOSS","BOSS"],"items_purchased_type":["Card","Card","Card","Card","Card","Relic","Relic"],"build_version":"2020-12-22","purchased_purges":4,"victory":false,"max_hp_per_floor":[63,63,63,63,63,63,63,63,63,63,63,63,63,63,63,63,63,63,63,63,63,63,63,63,63,63,63,63,63,63,63,63,63,63,73,73,73,73,73,73,73,73,73,73,73,73,73,73,73,73,73,87,87,87,87,87,87,87],"card_choices":[{"not_picked":["bronze:BitShift","bronze:DelayedGuard"],"picked":"bronze:ChildClass","floor":2.0},{"not_picked":["bronze:BitShift","bronze:Allocate","bronze:FineTuning"],"picked":"SKIP","floor":4.0},{"not_picked":["bronze:Overheat","bronze:OilSpill"],"picked":"bronze:DelayedGuard","floor":5.0},{"not_picked":["bronze:ShipIt","bronze:Overload","bronze:Repulsor"],"picked":"SKIP","floor":6.0},{"not_picked":["bronze:Shield","bronze:BugBarrage","bronze:OilSpill"],"picked":"SKIP","floor":8.0},{"not_picked":["bronze:Iterate","bronze:Turbo"],"picked":"bronze:DelayedSlice","floor":11.0},{"not_picked":["bronze:DarkDash","bronze:OilSpill","bronze:Overheat"],"picked":"SKIP","floor":12.0},{"not_picked":["bronze:ChildClass","bronze:Overheat"],"picked":"bronze:BronzeArmor","floor":13.0},{"not_picked":["bronze:ForLoop","bronze:MaxOutput","bronze:Iterate"],"picked":"SKIP","floor":15.0},{"not_picked":["bronze:Mutator","bronze:Verify"],"picked":"bronze:AlphaBuild","floor":16.0},{"not_picked":["bronze:FineTuning","bronze:BugBarrage","bronze:Iterate"],"picked":"SKIP","floor":19.0},{"not_picked":["bronze:Turbo+1","bronze:Overheat","bronze:BitShift"],"picked":"SKIP","floor":20.0},{"not_picked":["bronze:OilSpill","bronze:ChildClass"],"picked":"bronze:Shell+1","floor":23.0},{"not_picked":["bronze:FineTuning","bronze:WildBeam"],"picked":"bronze:Format","floor":25.0},{"not_picked":["bronze:FineTuning+1","bronze:Repulsor","bronze:Boost"],"picked":"SKIP","floor":26.0},{"not_picked":["bronze:Allocate","bronze:WhirlingStrike"],"picked":"bronze:Frontload","floor":27.0},{"not_picked":["bronze:CutThrough+1","bronze:WhirlingStrike","bronze:Fortify"],"picked":"SKIP","floor":28.0},{"not_picked":["bronze:Safeguard","bronze:OilSpill+1","bronze:BugBarrage"],"picked":"SKIP","floor":29.0},{"not_picked":["bronze:NullPointer","bronze:FineTuning","bronze:Iterate"],"picked":"SKIP","floor":30.0},{"not_picked":["bronze:DelayedSlice","bronze:BitShift"],"picked":"bronze:FollowUp","floor":31.0},{"not_picked":["bronze:Format","bronze:Deprecate","bronze:ForLoop"],"picked":"SKIP","floor":32.0},{"not_picked":["bronze:SpaghettiCode","bronze:CleanCode"],"picked":"bronze:ThunderWave","floor":33.0},{"not_picked":["bronze:WhirlingStrike+1","bronze:OilSpill"],"picked":"bronze:Safeguard+1","floor":36.0},{"not_picked":["bronze:OilSpill+1","bronze:NullPointer"],"picked":"bronze:CloningBeam+1","floor":37.0},{"not_picked":["bronze:Boost+1","bronze:ForLoop"],"picked":"bronze:Repair","floor":39.0},{"not_picked":["bronze:CutThrough","bronze:GetLatest","bronze:Flail+1"],"picked":"SKIP","floor":42.0},{"not_picked":["bronze:Flail+1","bronze:Overheat","bronze:WildBeam+1"],"picked":"SKIP","floor":45.0},{"not_picked":["bronze:BuggyMess+1","bronze:Turbo","bronze:Iterate+1"],"picked":"SKIP","floor":48.0},{"not_picked":["bronze:NullPointer+1","bronze:DelayedSlice"],"picked":"bronze:GetLatest+1","floor":49.0},{"not_picked":["bronze:CutThrough","bronze:Mutator","bronze:FineTuning"],"picked":"SKIP","floor":52.0}],"player_experience":1431216,"relics_obtained":[{"floor":6.0,"key":"hexamod:BolsterEngine"},{"floor":8.0,"key":"Centennial Puzzle"},{"floor":17.0,"key":"Lantern"},{"floor":17.0,"key":"Kunai"},{"floor":17.0,"key":"Girya"},{"floor":24.0,"key":"Ancient Tea Set"},{"floor":28.0,"key":"Bottled Flame"},{"floor":31.0,"key":"Dead Branch"},{"floor":37.0,"key":"Peace Pipe"},{"floor":40.0,"key":"Guardian:GemstoneGun"},{"floor":41.0,"key":"Akabeko"},{"floor":42.0,"key":"Old Coin"},{"floor":52.0,"key":"Mango"}],"event_choices":[{"cards_removed":["Decay"],"damage_healed":0.0,"max_hp_gain":0.0,"max_hp_loss":0.0,"gold_gain":0.0,"event_name":"NoteForYourself","player_choice":"Took Card","floor":9.0,"gold_loss":0.0,"damage_taken":0.0,"cards_obtained":["Strike_G"]},{"damage_healed":0.0,"max_hp_gain":0.0,"max_hp_loss":0.0,"gold_gain":0.0,"event_name":"Mysterious Sphere","player_choice":"Fight","floor":37.0,"gold_loss":0.0,"damage_taken":0.0}],"is_beta":false,"boss_relics":[{"not_picked":["Runic Dome","Astrolabe"],"picked":"Calling Bell"},{"not_picked":["bronze:MakeshiftBattery","Black Star"],"picked":"Philosopher\u0027s Stone"}],"items_purged_floors":[12,25,27,47],"is_endless":false,"potions_floor_spawned":[4,6,11,16,19,26,29,30,32,36,42,45,52],"killed_by":"downfall:NeowBossFinal","ascension_level":0}}