{"host":"ss2ocoam53r2lno0","time":1611183637,"event":{"mods":["Act Like it!","BaseMod","ChefMod","Clockwork Mod","Colored Powertips","Curses Come First","Displayed Cursed Tome","Downfall","Evolution","Googly Eyes","Hallownest","Highlight Path","Minty Spire (QoL Compilation)","Poor People Problems","Rare Cards Sparkle","Robot Space Explorer","Shade Mod","Shop Mod","Spicy Shops","StSLib","The Marked"],"gold_per_floor":[115,190,190,207,226,226,226,246,246,277,88,88,105,122,122,122,122],"floor_reached":16,"language":"ENG","playtime":790,"items_purged":["Clockwork:Shield"],"score":198,"play_id":"9adf10b4-f865-47d7-9fd7-637b820e68e2","local_time":"20210121000037","is_ascension_mode":true,"campfire_choices":[{"data":"Clockwork:ChargingShield","floor":6,"key":"SMITH"},{"data":"Clockwork:Tinker","floor":12,"key":"SMITH"},{"data":"Clockwork:SnapKeep","floor":15,"key":"SMITH"}],"circlet_count":0,"master_deck":["AscendersBane","Clockwork:CogToss","Clockwork:CogToss","Clockwork:CogToss","Clockwork:CogToss","Clockwork:Shield","Clockwork:Shield","Clockwork:Shield","Clockwork:Tinker+1","Clockwork:WarmUp","Clockwork:Efficiency","Clockwork:ChargingShield+1","Clockwork:SnapKeep+1","Clockwork:UnlimitedCogworks","Clockwork:Clone","Clockwork:OccamsRazor","Clockwork:SnapKeep"],"relics":["Clockwork:MomentumEngine","EVO:Axolotl","NeowsBlessing","Bottled Lightning","Letter Opener"],"acts_visited":["Exordium"],"potions_floor_usage":[16],"damage_taken":[{"damage":0,"enemies":"Small Slimes","floor":1,"turns":2},{"damage":0,"enemies":"Jaw Worm","floor":4,"turns":3},{"damage":0,"enemies":"2 Louse","floor":5,"turns":3},{"damage":0,"enemies":"2 Fungi Beasts","floor":8,"turns":5},{"damage":14,"enemies":"Gremlin Nob","floor":10,"turns":7},{"damage":1,"enemies":"Blue Slaver","floor":13,"turns":6},{"damage":17,"enemies":"3 Louse","floor":14,"turns":5},{"damage":28,"enemies":"The Guardian","floor":16,"turns":4}],"seed_played":"8845264755285451287","potions_obtained":[{"floor":4,"key":"sneckomod:MuddlingPotion"},{"floor":8,"key":"GamblersBrew"},{"floor":10,"key":"DuplicationPotion"}],"is_trial":false,"path_per_floor":["M","?","?","M","M","R","?","M","T","E","$","R","M","M","R","B"],"character_chosen":"CLOCKWORK","items_purchased":["Clockwork:OccamsRazor"],"campfire_rested":0,"item_purchase_floors":[11],"current_hp_per_floor":[71,60,60,60,60,60,60,60,60,46,46,46,45,28,28,0,0],"gold":122,"neow_bonus":"THREE_ENEMY_KILL","is_daily":false,"chose_seed":false,"campfire_upgraded":3,"win_rate":0.0,"timestamp":1611183637,"path_taken":["M","?","?","M","M","R","?","M","T","E","$","R","M","M","R","BOSS"],"items_purchased_type":["Card"],"build_version":"2020-12-22","purchased_purges":1,"victory":false,"max_hp_per_floor":[79,79,79,79,79,79,79,79,79,79,79,79,79,79,79,79,79],"card_choices":[{"not_picked":["Clockwork:CogToss","Clockwork:CogShield"],"picked":"Clockwork:Efficiency","floor":1},{"not_picked":["Clockwork:SystemHardening","Clockwork:Redundancy"],"picked":"Clockwork:ChargingShield","floor":4},{"not_picked":["Clockwork:TiltAWhirl","Clockwork:QuantumStrike"],"picked":"Clockwork:SnapKeep","floor":5},{"not_picked":["Clockwork:ForgeStrike","Clockwork:CogBarrier"],"picked":"Clockwork:UnlimitedCogworks","floor":8},{"not_picked":["Clockwork:CraftQuicksilverHourglass","Clockwork:Improve"],"picked":"Clockwork:Clone","floor":10},{"not_picked":["Clockwork:CogToss","Clockwork:CogBarrier","Clockwork:StasisBreak"],"picked":"SKIP","floor":13},{"not_picked":["Clockwork:ForgeStrike","Clockwork:Enhance"],"picked":"Clockwork:SnapKeep","floor":14}],"player_experience":809221,"relics_obtained":[{"floor":9,"key":"Bottled Lightning"},{"floor":10,"key":"Letter Opener"}],"event_choices":[{"damage_healed":0,"gold_gain":75,"player_choice":"Gather Gold","damage_taken":11,"max_hp_gain":0,"max_hp_loss":0,"event_name":"World of Goop","floor":2,"gold_loss":0},{"damage_healed":0,"gold_gain":0,"player_choice":"Grow","damage_taken":0,"max_hp_gain":0,"max_hp_loss":0,"event_name":"Living Wall","floor":3,"gold_loss":0,"cards_upgraded":["Clockwork:Handicap"]},{"damage_healed":0,"gold_gain":0,"player_choice":"Ignored","damage_taken":0,"max_hp_gain":0,"max_hp_loss":0,"event_name":"Liars Game","floor":7,"gold_loss":0}],"is_beta":false,"boss_relics":[],"items_purged_floors":[11],"is_endless":false,"potions_floor_spawned":[4,8,10],"killed_by":"The Guardian","ascension_level":14}}