{"host":"ni5mix2lh3q94rpg","time":1611142770,"event":{"mods":["AchievementEnabler","Act Like it!","BaseMod","Better Altar","Better Note","Better Silent Start","Better Skull","Better Third Choice","Better Vampires","Card Forge","Colored Map","Colored Powertips","Custom Start","Displayed Cursed Tome","Gensokyo","GifTheSpireLib","Hermit","Highlight Path","Marisa????????","Minty Spire (QoL Compilation)","Remilia??????","Shop Mod","Spicy Shops","Spire Arcade","StS++","StSLib","The Cursed","The Servant 0.9.4","Transform Curses","everything is the same but u backflip on backflip","slay the spire mod where everything is the same but ironclad has a cowboy hat","??????REMEMod"],"gold_per_floor":[118,133,133,148,180,180,198,210,233,233,233,249,36,36,36,36,36],"floor_reached":16,"language":"ENG","playtime":694,"items_purged":[],"score":175,"play_id":"dc251df2-2e05-4307-a996-db9989e9cdd4","local_time":"20210120143930","is_ascension_mode":true,"campfire_choices":[{"data":"Worship","floor":6.0,"key":"SMITH"},{"data":"True Grit","floor":10,"key":"SMITH"},{"floor":15,"key":"REST"}],"circlet_count":0,"master_deck":["AscendersBane","Strike_R","Strike_R","Strike_R","Strike_R","Defend_R","Defend_R","Defend_R","Defend_R","Bash","REME_Scribble","Worship+1","Clothesline","Power Through","Sword Boomerang","True Grit+1","Rampage","Flame Barrier"],"relics":["Burning Blood","Hammer of Thor","Seething Fire","Anvil of the Gods","REME_ComplimentaryCards","Tiny Chest","Lantern","Regal Pillow","Frozen Eye","Molten Egg 2"],"acts_visited":["Exordium"],"potions_floor_usage":[8],"damage_taken":[{"damage":1.0,"enemies":"Cultist","floor":1.0,"turns":3.0},{"damage":8.0,"enemies":"Jaw Worm","floor":2.0,"turns":6.0},{"damage":17.0,"enemies":"Small Slimes","floor":4.0,"turns":4.0},{"damage":32.0,"enemies":"Exordium Thugs","floor":7.0,"turns":5.0},{"damage":26,"enemies":"Gremlin Gang","floor":8,"turns":5},{"damage":12,"enemies":"2 Fungi Beasts","floor":12,"turns":6},{"damage":56,"enemies":"Hexaghost","floor":16,"turns":14}],"seed_played":"8981950827428516947","potions_obtained":[{"floor":1.0,"key":"LiquidBronze"},{"floor":4.0,"key":"BlessingOfTheForge"},{"floor":5.0,"key":"Strength Potion"}],"is_trial":false,"path_per_floor":["M","M","T","M","?","R","M","M","T","R","?","M","$","T","R","B"],"character_chosen":"IRONCLAD","items_purchased":["Flame Barrier","Frozen Eye"],"campfire_rested":1,"item_purchase_floors":[13,13],"current_hp_per_floor":[80,80,80,71,71,71,47,29,29,29,29,25,25,25,67,13,13],"gold":36,"neow_bonus":"TEN_PERCENT_HP_BONUS","is_daily":false,"chose_seed":false,"campfire_upgraded":2,"win_rate":0.0,"timestamp":1611142770,"path_taken":["M","M","?","?","?","R","M","M","T","R","?","M","$","?","R","BOSS"],"items_purchased_type":["Card","Relic"],"build_version":"2020-12-22","purchased_purges":0,"victory":false,"max_hp_per_floor":[82,84,84,86,86,86,88,90,90,90,90,92,92,92,92,94,94],"card_choices":[{"not_picked":["Headbutt","Iron Wave"],"picked":"REME_Scribble","floor":1.0},{"not_picked":["Body Slam","StSpp:Jab"],"picked":"Clothesline","floor":2.0},{"not_picked":["Carnage","Sentinel"],"picked":"Power Through","floor":4.0},{"not_picked":["Hemokinesis","Thunderclap"],"picked":"Sword Boomerang","floor":7.0},{"not_picked":["REME_FearOfPain","Dark Embrace"],"picked":"True Grit","floor":8},{"not_picked":["Warcry","Sever Soul"],"picked":"Rampage","floor":12}],"player_experience":843528,"relics_obtained":[{"floor":3.0,"key":"Tiny Chest"},{"floor":5.0,"key":"Lantern"},{"floor":9,"key":"Regal Pillow"},{"floor":14,"key":"Molten Egg 2"}],"event_choices":[{"cards_removed":["Strike_R"],"damage_healed":0,"gold_gain":0,"player_choice":"Purged","damage_taken":0,"max_hp_gain":0,"max_hp_loss":0,"event_name":"Purifier","floor":11,"gold_loss":0}],"is_beta":false,"boss_relics":[],"items_purged_floors":[],"is_endless":false,"potions_floor_spawned":[1,4],"killed_by":"Hexaghost","ascension_level":18}}