{"host":"agbyy69nq62afhwx","time":1611158976,"event":{"mods":["BaseMod","Colored Map","DeckTracker","Highlight Path","Keyboard Shortcuts","Minty Spire (QoL Compilation)","Quick Restart","StSLib","SuperFastMode","everything is the same but u backflip on backflip"],"gold_per_floor":[117,137,137,161,181,181,220,245,268,293,309,328,27,50,50,179,179,202,215,130,144,189,189,220,220,220,220,270,195,240,240,240,368,368,388,420,454,354,377,377,398,432,459,459,531,575,88,97,97,97],"floor_reached":51,"language":"KOR","playtime":2249,"items_purged":["Strike_P","Bite","Defend_P"],"score":1120,"play_id":"4d70fa02-7d15-45a6-a8c1-7949c2478568","local_time":"20210121010936","is_ascension_mode":true,"campfire_choices":[{"data":"Eruption","floor":6.0,"key":"SMITH"},{"data":"SpiritShield","floor":15.0,"key":"SMITH"},{"data":"Vault","floor":23.0,"key":"SMITH"},{"data":"Scrawl","floor":25.0,"key":"SMITH"},{"data":"Jack Of All Trades","floor":27.0,"key":"SMITH"},{"data":"Halt","floor":32,"key":"SMITH"},{"data":"Vault","floor":40,"key":"SMITH"},{"data":"Adaptation","floor":44,"key":"SMITH"},{"data":"Pray","floor":49,"key":"SMITH"}],"circlet_count":0,"master_deck":["Defend_P","Defend_P+1","Eruption+1","Vigilance","Jack Of All Trades+1","Tantrum","FollowUp","WreathOfFlame+1","Wallop","Scrawl+1","Halt+1","Protect+1","Adaptation+1","SpiritShield+1","Vault+1","WindmillStrike","Bite+1","Bite","Bite","LessonLearned","FearNoEvil","MasterReality+1","Vault+1","Swivel+1","InnerPeace+1","ClearTheMind+1","Flash of Steel+1","Pray+1"],"relics":["PureWater","Golden Idol","Omamori","Lantern","Anchor","Sozu","CeramicFish","Potion Belt","PreservedInsect","Pantograph","Red Mask","Calling Bell","Ancient Tea Set","Sundial","Ginger","TeardropLocket","MealTicket","Thread and Needle","Centennial Puzzle","FossilizedHelix"],"acts_visited":["Exordium","TheCity","TheBeyond"],"potions_floor_usage":[],"damage_taken":[{"damage":0.0,"enemies":"Cultist","floor":1.0,"turns":2.0},{"damage":2.0,"enemies":"Small Slimes","floor":2.0,"turns":3.0},{"damage":0.0,"enemies":"2 Louse","floor":4.0,"turns":2.0},{"damage":8.0,"enemies":"Large Slime","floor":5.0,"turns":3.0},{"damage":14.0,"enemies":"3 Sentries","floor":7.0,"turns":4.0},{"damage":0.0,"enemies":"2 Fungi Beasts","floor":8.0,"turns":2.0},{"damage":5.0,"enemies":"Looter","floor":10.0,"turns":2.0},{"damage":0.0,"enemies":"Large Slime","floor":11.0,"turns":1.0},{"damage":12.0,"enemies":"Lots of Slimes","floor":12.0,"turns":6.0},{"damage":0.0,"enemies":"Gremlin Gang","floor":14.0,"turns":4.0},{"damage":5.0,"enemies":"The Guardian","floor":16.0,"turns":9.0},{"damage":0.0,"enemies":"Shell Parasite","floor":18.0,"turns":4.0},{"damage":0.0,"enemies":"3 Byrds","floor":19.0,"turns":5.0},{"damage":10.0,"enemies":"Centurion and Healer","floor":21.0,"turns":4.0},{"damage":11.0,"enemies":"Book of Stabbing","floor":24.0,"turns":5.0},{"damage":0,"enemies":"Gremlin Leader","floor":28,"turns":5},{"damage":18,"enemies":"Masked Bandits","floor":30,"turns":5},{"damage":14,"enemies":"Champ","floor":33,"turns":6},{"damage":33,"enemies":"3 Darklings","floor":35,"turns":5},{"damage":11,"enemies":"Orb Walker","floor":36,"turns":4},{"damage":5,"enemies":"4 Shapes","floor":37,"turns":8},{"damage":9,"enemies":"Transient","floor":39,"turns":7},{"damage":0,"enemies":"Jaw Worm Horde","floor":41,"turns":5},{"damage":0,"enemies":"Reptomancer","floor":42,"turns":5},{"damage":3,"enemies":"2 Orb Walkers","floor":45,"turns":6},{"damage":30,"enemies":"Giant Head","floor":46,"turns":9},{"damage":56,"enemies":"Awakened One","floor":50,"turns":11}],"seed_played":"5025051248814180667","potions_obtained":[{"floor":1.0,"key":"SpeedPotion"},{"floor":2.0,"key":"Weak Potion"},{"floor":4.0,"key":"Strength Potion"},{"floor":11.0,"key":"Regen Potion"},{"floor":12.0,"key":"EntropicBrew"},{"floor":14.0,"key":"DistilledChaos"}],"is_trial":false,"path_per_floor":["M","M","?","M","M","R","E","M","T","M","M","M","$","M","R","B",null,"M","M","?","M","?","R","E","R","T","R","E","?","?","$","R","B",null,"M","M","M","$","M","R","M","E","T","R","?","E","$","?","R","B",null],"character_chosen":"WATCHER","items_purchased":["Adaptation","Anchor","Flash of Steel","FossilizedHelix"],"campfire_rested":0,"item_purchase_floors":[13,13,47,47],"current_hp_per_floor":[65,63,45,45,37,37,23,23,23,18,18,21,21,21,21,16,58,58,58,58,48,48,48,39,39,39,39,47,47,36,36,36,40,48,21,14,22,22,20,20,28,36,36,36,44,25,40,40,40,9],"gold":97,"neow_bonus":"RANDOM_COLORLESS","is_daily":false,"chose_seed":false,"campfire_upgraded":9,"win_rate":0.0,"timestamp":1611158976,"path_taken":["M","?","?","M","M","R","E","M","T","M","M","M","$","M","R","BOSS","M","M","?","M","?","R","E","R","T","R","E","?","?","$","R","BOSS","M","M","M","$","M","R","M","E","T","R","?","E","$","?","R","BOSS"],"items_purchased_type":["Card","Relic","Card","Relic"],"build_version":"2020-12-22","purchased_purges":3,"victory":true,"max_hp_per_floor":[72,72,72,72,72,72,72,72,72,72,72,72,72,72,72,72,72,72,72,72,72,50,50,50,50,50,50,50,50,50,50,50,50,50,50,50,50,50,50,50,50,50,50,50,50,50,50,50,50,50],"card_choices":[{"not_picked":["Deep Breath","Dramatic Entrance"],"picked":"Jack Of All Trades","floor":0.0},{"not_picked":["FlyingSleeves","DeceiveReality"],"picked":"Tantrum","floor":1.0},{"not_picked":["EmptyFist","WreathOfFlame"],"picked":"FollowUp","floor":2.0},{"not_picked":["JustLucky","ThirdEye"],"picked":"WreathOfFlame","floor":4.0},{"not_picked":["CarveReality","Meditate"],"picked":"Wallop","floor":5.0},{"not_picked":["ThirdEye","CarveReality"],"picked":"Scrawl","floor":7.0},{"not_picked":["Conclude","CrushJoints"],"picked":"Halt","floor":8.0},{"not_picked":["ThirdEye","Consecrate","SashWhip"],"picked":"SKIP","floor":10.0},{"not_picked":["Vengeance","PathToVictory"],"picked":"Protect","floor":11.0},{"not_picked":["JustLucky","Protect","Tantrum"],"picked":"SKIP","floor":12.0},{"not_picked":["Meditate","WreathOfFlame"],"picked":"SpiritShield","floor":14.0},{"not_picked":["Establishment","Judgement"],"picked":"Vault","floor":16.0},{"not_picked":["PathToVictory","SignatureMove","ReachHeaven"],"picked":"SKIP","floor":18.0},{"not_picked":["CutThroughFate","Protect+1"],"picked":"WindmillStrike","floor":19.0},{"not_picked":["FollowUp","Sanctity","SandsOfTime"],"picked":"SKIP","floor":21.0},{"not_picked":["Vengeance","Nirvana","SashWhip"],"picked":"SKIP","floor":24.0},{"not_picked":["Protect","ReachHeaven+1"],"picked":"LessonLearned","floor":28},{"not_picked":["Wireheading","EmptyFist"],"picked":"FearNoEvil","floor":30},{"not_picked":["Judgement","Wish"],"picked":"MasterReality","floor":33},{"not_picked":["Fasting2+1","Crescendo","Protect"],"picked":"SKIP","floor":35},{"not_picked":["EmptyBody","Protect"],"picked":"Vault","floor":36},{"not_picked":["FollowUp","CrushJoints"],"picked":"Swivel+1","floor":37},{"not_picked":["CrushJoints","Collect"],"picked":"InnerPeace+1","floor":39},{"not_picked":["CrushJoints+1","PathToVictory","Worship"],"picked":"SKIP","floor":41},{"not_picked":["ThirdEye","SashWhip","Indignation+1"],"picked":"SKIP","floor":42},{"not_picked":["FlyingSleeves","WindmillStrike+1"],"picked":"ClearTheMind+1","floor":45},{"not_picked":["Wireheading","SashWhip","Establishment"],"picked":"SKIP","floor":46}],"player_experience":418480,"relics_obtained":[{"floor":7.0,"key":"Omamori"},{"floor":9.0,"key":"Lantern"},{"floor":24.0,"key":"Potion Belt"},{"floor":26.0,"key":"PreservedInsect"},{"floor":28,"key":"Pantograph"},{"floor":30,"key":"Red Mask"},{"floor":34,"key":"Ancient Tea Set"},{"floor":34,"key":"Sundial"},{"floor":34,"key":"Ginger"},{"floor":42,"key":"TeardropLocket"},{"floor":43,"key":"MealTicket"},{"floor":45,"key":"Thread and Needle"},{"floor":46,"key":"Centennial Puzzle"}],"event_choices":[{"damage_healed":0.0,"max_hp_gain":0.0,"max_hp_loss":0.0,"gold_gain":0.0,"event_name":"Golden Idol","player_choice":"Take Damage","floor":3.0,"gold_loss":0.0,"damage_taken":18.0,"relics_obtained":["Golden Idol"]},{"damage_healed":0.0,"max_hp_gain":0.0,"max_hp_loss":0.0,"gold_gain":0.0,"event_name":"Addict","player_choice":"Obtained Relic","floor":20.0,"gold_loss":85.0,"damage_taken":0.0,"relics_obtained":["CeramicFish"]},{"damage_healed":0.0,"max_hp_gain":0.0,"max_hp_loss":22.0,"gold_gain":0.0,"event_name":"Vampires","player_choice":"Became a vampire","floor":22.0,"gold_loss":0.0,"damage_taken":0.0,"cards_obtained":["Bite","Bite","Bite","Bite","Bite"]},{"cards_removed":["Bite"],"damage_healed":0,"gold_gain":0,"player_choice":"Gave Gold","damage_taken":0,"max_hp_gain":0,"max_hp_loss":0,"event_name":"Beggar","floor":29,"gold_loss":75},{"damage_healed":0,"gold_gain":0,"player_choice":"Fought Bandits","damage_taken":0,"max_hp_gain":0,"max_hp_loss":0,"event_name":"Masked Bandits","floor":30,"gold_loss":0},{"damage_healed":0,"gold_gain":0,"player_choice":"Fight","damage_taken":0,"max_hp_gain":0,"max_hp_loss":0,"event_name":"Mysterious Sphere","floor":45,"gold_loss":0},{"damage_healed":0,"gold_gain":0,"cards_transformed":["Defend_P"],"player_choice":"Transformed","damage_taken":0,"max_hp_gain":0,"max_hp_loss":0,"event_name":"Transmorgrifier","floor":48,"gold_loss":0,"cards_obtained":["Pray"]}],"is_beta":false,"boss_relics":[{"not_picked":["Coffee Dripper","Pandora\u0027s Box"],"picked":"Sozu"},{"not_picked":["Empty Cage","Cursed Key"],"picked":"Calling Bell"}],"items_purged_floors":[13,38,47],"is_endless":false,"potions_floor_spawned":[1,2,4,11,12,14,16,18,28,35,37,39,45],"ascension_level":7}}