{"host":"fa35vd3kig5td25x","time":1611161193,"event":{"mods":["BaseMod","Colored Powertips","Minty Spire (QoL Compilation)","Relic Stats","Slay the Relics Exporter"],"gold_per_floor":[119,119,137,40,54,54,82,82,82,96,96,96,117,117,117],"floor_reached":14,"language":"ENG","playtime":473,"items_purged":[],"score":180,"play_id":"c4268488-a0f7-4fcc-876e-c5cc003fccfe","local_time":"20210120174633","is_ascension_mode":true,"campfire_choices":[{"data":"Choke","floor":6,"key":"SMITH"},{"floor":8,"key":"REST"}],"circlet_count":0,"master_deck":["AscendersBane","Strike_G","Strike_G","Strike_G","Strike_G","Strike_G","Defend_G","Defend_G","Defend_G","Defend_G","Defend_G","Survivor","Neutralize","Backflip","Leg Sweep","Choke+1","Poisoned Stab","Cloak And Dagger","Burst","PiercingWail","Crippling Poison"],"relics":["Sozu","Kunai","Matryoshka","Golden Idol"],"acts_visited":["Exordium"],"potions_floor_usage":[],"damage_taken":[{"damage":1,"enemies":"2 Louse","floor":1,"turns":3},{"damage":8,"enemies":"Jaw Worm","floor":3,"turns":8},{"damage":0,"enemies":"Cultist","floor":5,"turns":4},{"damage":33,"enemies":"Gremlin Nob","floor":7,"turns":6},{"damage":3,"enemies":"Lots of Slimes","floor":10,"turns":6},{"damage":0,"enemies":"Blue Slaver","floor":13,"turns":4},{"damage":42,"enemies":"3 Sentries","floor":14,"turns":9}],"seed_played":"-3519720750435367153","potions_obtained":[],"is_trial":false,"path_per_floor":["M","?","M","$","M","R","E","R","T","M","?","?","M","E"],"character_chosen":"THE_SILENT","items_purchased":["Choke","Poisoned Stab"],"campfire_rested":1,"item_purchase_floors":[4,4],"current_hp_per_floor":[58,63,55,55,55,55,22,43,43,40,40,40,40,0,0],"gold":117,"neow_bonus":"BOSS_RELIC","is_daily":false,"chose_seed":false,"campfire_upgraded":1,"win_rate":0.0,"timestamp":1611161193,"path_taken":["M","?","M","$","M","R","E","R","T","M","?","?","M","E"],"items_purchased_type":["Card","Card"],"build_version":"2020-12-22","purchased_purges":0,"victory":false,"max_hp_per_floor":[66,71,71,71,71,71,71,71,71,71,64,64,64,64,64],"relic_stats":{"Sozu":4,"counters":[7,40],"Golden Idol":4,"Kunai":[5],"obtain_stats":[{"Sozu":0,"Matryoshka":9,"Golden Idol":11,"Kunai":7,"Ring of the Snake":0},{"Sozu":0,"Matryoshka":4,"Golden Idol":5,"Kunai":4,"Ring of the Snake":0},{"Sozu":0,"Matryoshka":21,"Golden Idol":27,"Kunai":21,"Ring of the Snake":0}]},"card_choices":[{"not_picked":["Setup","Concentrate"],"picked":"Backflip","floor":1},{"not_picked":["Deadly Poison","Terror"],"picked":"Leg Sweep","floor":3},{"not_picked":["Backflip","Acrobatics"],"picked":"Cloak And Dagger","floor":5},{"not_picked":["Quick Slash","PiercingWail"],"picked":"Burst","floor":7},{"not_picked":["Sucker Punch","All Out Attack"],"picked":"PiercingWail","floor":10},{"not_picked":["Catalyst","Bane"],"picked":"Crippling Poison","floor":13}],"player_experience":2963460,"relics_obtained":[{"floor":7,"key":"Kunai"},{"floor":9,"key":"Matryoshka"}],"event_choices":[{"damage_healed":0,"gold_gain":0,"player_choice":"Donut","damage_taken":0,"max_hp_gain":5,"max_hp_loss":0,"event_name":"Big Fish","floor":2,"gold_loss":0},{"damage_healed":0,"gold_gain":0,"player_choice":"Lose Max HP","damage_taken":0,"relics_obtained":["Golden Idol"],"max_hp_gain":0,"max_hp_loss":7,"event_name":"Golden Idol","floor":11,"gold_loss":0},{"damage_healed":0,"gold_gain":0,"player_choice":"Got Potions","damage_taken":0,"max_hp_gain":0,"max_hp_loss":0,"event_name":"Lab","floor":12,"gold_loss":0}],"is_beta":false,"boss_relics":[],"items_purged_floors":[],"is_endless":false,"potions_floor_spawned":[1,5,7,13],"killed_by":"3 Sentries","ascension_level":20}}