{"host":"sc0o2qwpf9j16a4i","time":1611186259,"event":{"mods":["AchievementEnabler","BaseMod","BetterRewards","Block Reminder","Colored Map","Colored Powertips","Custom Start","Highlight Path","Minty Spire (QoL Compilation)","Relic Stats"],"gold_per_floor":[119,119,132,132,143,143,155,167,239,89,109,139,139,139,139,233,233,247,268,27,27,27,27,65,65,65,98,111,111,111,111],"floor_reached":30,"language":"ENG","playtime":962,"items_purged":["Strike_B"],"score":761,"play_id":"5e7fe1c6-83ae-4e54-82ab-43d0732b46e3","local_time":"20210121014419","is_ascension_mode":true,"campfire_choices":[{"floor":6.0,"key":"REST"},{"floor":13.0,"key":"REST"},{"data":"Static Discharge","floor":15.0,"key":"SMITH"},{"data":"Defragment","floor":23.0,"key":"SMITH"},{"data":"Buffer","floor":25.0,"key":"SMITH"}],"circlet_count":0,"master_deck":["AscendersBane","Defend_B","Defend_B","Defend_B","Defend_B","Zap","Dualcast","Cold Snap","Barrage","Melter","Genetic Algorithm","Hologram","Static Discharge+1","Echo Form","Core Surge","Buffer+1","Turbo","Compile Driver","Defragment+1","Gash","Recycle","Ball Lightning","Glacier","Loop","Bite","Bite","Bite","Bite","Bite"],"relics":["Cracked Core","Vajra","White Beast Statue","TungstenRod","Golden Idol","Cursed Key","Lee\u0027s Waffle","Ancient Tea Set","Eternal Feather"],"acts_visited":["Exordium","TheCity"],"potions_floor_usage":[30],"damage_taken":[{"damage":9.0,"enemies":"Jaw Worm","floor":1.0,"turns":4.0},{"damage":1.0,"enemies":"Small Slimes","floor":3.0,"turns":3.0},{"damage":0.0,"enemies":"Cultist","floor":5.0,"turns":3.0},{"damage":9.0,"enemies":"Looter","floor":7.0,"turns":3.0},{"damage":6.0,"enemies":"2 Fungi Beasts","floor":8.0,"turns":4.0},{"damage":1.0,"enemies":"Blue Slaver","floor":11.0,"turns":4.0},{"damage":20.0,"enemies":"3 Sentries","floor":12.0,"turns":4.0},{"damage":14.0,"enemies":"Hexaghost","floor":16.0,"turns":8.0},{"damage":21.0,"enemies":"Shell Parasite","floor":18.0,"turns":5.0},{"damage":0.0,"enemies":"3 Byrds","floor":19.0,"turns":3.0},{"damage":19.0,"enemies":"Gremlin Leader","floor":24.0,"turns":7.0},{"damage":19.0,"enemies":"Book of Stabbing","floor":27.0,"turns":5.0},{"damage":25.0,"enemies":"Centurion and Healer","floor":28.0,"turns":7.0},{"damage":14,"enemies":"Snake Plant","floor":30,"turns":3}],"seed_played":"-7746253041403950261","potions_obtained":[{"floor":3.0,"key":"BlessingOfTheForge"},{"floor":7.0,"key":"FocusPotion"},{"floor":12.0,"key":"AttackPotion"},{"floor":16.0,"key":"LiquidBronze"},{"floor":19.0,"key":"Swift Potion"},{"floor":24.0,"key":"PowerPotion"},{"floor":27.0,"key":"Dexterity Potion"},{"floor":28.0,"key":"DistilledChaos"}],"is_trial":false,"path_per_floor":["M","?","M","?","M","R","M","M","T","$","M","E","R","?","R","B",null,"M","M","$","?","?","R","E","R","T","E","M","?","M"],"character_chosen":"DEFECT","items_purchased":["Vajra","Static Discharge","Lee\u0027s Waffle","Defragment"],"campfire_rested":2,"item_purchase_floors":[0,10,20,20],"current_hp_per_floor":[50,29,28,18,18,39,30,24,24,24,23,3,24,24,24,10,51,30,30,71,71,71,71,52,52,52,33,8,8,0,0],"gold":111,"neow_bonus":"","is_daily":false,"chose_seed":false,"campfire_upgraded":3,"win_rate":0.0,"timestamp":1611186259,"path_taken":["M","?","M","?","M","R","M","M","T","$","?","E","R","?","R","BOSS","M","M","$","?","?","R","E","R","T","E","M","?","M"],"items_purchased_type":["Relic","Card","Relic","Card"],"build_version":"2020-12-22","purchased_purges":1,"victory":false,"max_hp_per_floor":[71,71,71,71,71,71,71,71,71,71,71,71,71,64,64,64,64,64,64,71,71,71,71,71,71,71,71,71,49,49,49],"relic_stats":{"Lee\u0027s Waffle":41,"counters":[23,106],"Golden Idol":44,"Eternal Feather":76,"Cursed Key":0,"obtain_stats":[{"Lee\u0027s Waffle":20,"Golden Idol":14,"Dead Branch":11,"Vajra":0,"Eternal Feather":27,"Letter Opener":9,"Odd Mushroom":8,"Cursed Key":17,"Ancient Tea Set":24,"White Beast Statue":9,"Shuriken":14,"Cracked Core":0,"TungstenRod":12},{"Lee\u0027s Waffle":19,"Golden Idol":16,"Dead Branch":6,"Vajra":9,"Eternal Feather":21,"Letter Opener":4,"Odd Mushroom":4,"Cursed Key":17,"Ancient Tea Set":20,"White Beast Statue":14,"Shuriken":8,"Cracked Core":0,"TungstenRod":16},{"Lee\u0027s Waffle":84,"Golden Idol":68,"Dead Branch":24,"Vajra":43,"Eternal Feather":96,"Letter Opener":15,"Odd Mushroom":15,"Cursed Key":76,"Ancient Tea Set":91,"White Beast Statue":60,"Shuriken":34,"Cracked Core":0,"TungstenRod":68}],"TungstenRod":24},"card_choices":[{"not_picked":["Streamline","Rebound"],"picked":"Cold Snap","floor":1.0},{"not_picked":["Hologram","Sweeping Beam"],"picked":"Barrage","floor":3.0},{"not_picked":["Skim","Consume"],"picked":"Melter","floor":5.0},{"not_picked":["Force Field","Reprogram"],"picked":"Genetic Algorithm","floor":7.0},{"not_picked":["Rebound","Barrage"],"picked":"Hologram","floor":8.0},{"not_picked":["Leap","Streamline"],"picked":"Echo Form","floor":11.0},{"not_picked":["Cold Snap","Rebound"],"picked":"Core Surge","floor":12.0},{"not_picked":["Fission","All For One"],"picked":"Buffer","floor":16.0},{"not_picked":["Redo","Beam Cell"],"picked":"Turbo","floor":18.0},{"not_picked":["Ball Lightning","Steam"],"picked":"Compile Driver","floor":19.0},{"not_picked":["Leap","Redo"],"picked":"Ball Lightning","floor":24.0},{"not_picked":["Doom and Gloom","Stack"],"picked":"Glacier","floor":27.0},{"not_picked":["Streamline+1","Go for the Eyes+1"],"picked":"Loop","floor":28.0}],"player_experience":821551,"relics_obtained":[{"floor":9.0,"key":"White Beast Statue"},{"floor":12.0,"key":"TungstenRod"},{"floor":24.0,"key":"Ancient Tea Set"},{"floor":27.0,"key":"Eternal Feather"}],"event_choices":[{"damage_healed":0.0,"max_hp_gain":0.0,"max_hp_loss":0.0,"gold_gain":0.0,"event_name":"Shining Light","player_choice":"Entered Light","floor":2.0,"gold_loss":0.0,"damage_taken":21.0,"cards_upgraded":["Strike_B","Strike_B"]},{"damage_healed":0.0,"max_hp_gain":0.0,"max_hp_loss":0.0,"gold_gain":0.0,"event_name":"Wheel of Change","player_choice":"Damaged","floor":4.0,"gold_loss":0.0,"damage_taken":10.0},{"damage_healed":0.0,"max_hp_gain":0.0,"max_hp_loss":7.0,"gold_gain":0.0,"event_name":"Golden Idol","player_choice":"Lose Max HP","floor":14.0,"gold_loss":0.0,"damage_taken":0.0,"relics_obtained":["Golden Idol"]},{"damage_healed":0.0,"max_hp_gain":0.0,"max_hp_loss":0.0,"gold_gain":0.0,"event_name":"The Mausoleum","player_choice":"Ignored","floor":21.0,"gold_loss":0.0,"damage_taken":0.0},{"damage_healed":0.0,"max_hp_gain":0.0,"max_hp_loss":0.0,"gold_gain":0.0,"cards_transformed":["Strike_B","Strike_B"],"event_name":"Drug Dealer","player_choice":"Became Test Subject","floor":22.0,"gold_loss":0.0,"damage_taken":0.0,"cards_obtained":["Gash","Recycle"]},{"damage_healed":0.0,"max_hp_gain":0.0,"max_hp_loss":22.0,"gold_gain":0.0,"event_name":"Vampires","player_choice":"Became a vampire","floor":29.0,"gold_loss":0.0,"damage_taken":0.0,"cards_obtained":["Bite","Bite","Bite","Bite","Bite"]}],"is_beta":false,"boss_relics":[{"not_picked":["Ectoplasm","Busted Crown"],"picked":"Cursed Key"}],"items_purged_floors":[10],"is_endless":false,"potions_floor_spawned":[3,7,11,12,16,18,19,24,27,28],"killed_by":"Snake Plant","ascension_level":20}}