{"host":"3y2rtlgteqp2nuo3","time":1611133400,"event":{"mods":["2.2 Compatiblity","AchievementEnabler","BaseMod","Colored Map","DeckTracker","Highlight Path","Keyboard Shortcuts","Minty Spire (QoL Compilation)","Permanent Neow","Quick Restart","StSLib","SuperFastMode","everything is the same but u backflip on backflip"],"gold_per_floor":[20,33,47,58,78,78,110,120,120,130,148,148,148,168,168,168,168],"floor_reached":16,"language":"KOR","playtime":370,"items_purged":[],"score":178,"play_id":"b109e5f6-6650-46a2-a338-8d73501285f6","local_time":"20210120180320","is_ascension_mode":true,"campfire_choices":[{"data":"Die Die Die","floor":6,"key":"SMITH"},{"data":"Deadly Poison","floor":12,"key":"SMITH"},{"data":"Neutralize","floor":15,"key":"SMITH"}],"circlet_count":0,"master_deck":["AscendersBane","Strike_G","Strike_G","Strike_G","Defend_G","Defend_G","Defend_G","Defend_G","Survivor","Neutralize+1","Die Die Die+1","Underhanded Strike","Blur","Backstab","Dagger Spray","Deadly Poison+1","Dodge and Roll","Crippling Poison","Escape Plan"],"relics":["Ring of the Snake","Du-Vu Doll","Eternal Feather"],"acts_visited":["Exordium"],"potions_floor_usage":[],"damage_taken":[{"damage":0,"enemies":"Jaw Worm","floor":1,"turns":3},{"damage":0,"enemies":"Small Slimes","floor":2,"turns":3},{"damage":0,"enemies":"2 Louse","floor":3,"turns":1},{"damage":5,"enemies":"2 Fungi Beasts","floor":4,"turns":3},{"damage":0,"enemies":"Red Slaver","floor":5,"turns":4},{"damage":12,"enemies":"3 Sentries","floor":7,"turns":6},{"damage":0,"enemies":"3 Louse","floor":8,"turns":3},{"damage":17,"enemies":"Exordium Thugs","floor":10,"turns":4},{"damage":0,"enemies":"2 Fungi Beasts","floor":11,"turns":1},{"damage":0,"enemies":"Large Slime","floor":14,"turns":5},{"damage":72,"enemies":"Slime Boss","floor":16,"turns":10}],"seed_played":"-1653591506362451371","potions_obtained":[{"floor":1,"key":"ColorlessPotion"},{"floor":3,"key":"FairyPotion"}],"is_trial":false,"path_per_floor":["M","M","M","M","M","R","E","M","T","M","M","R","?","M","R","B"],"character_chosen":"THE_SILENT","items_purchased":[],"campfire_rested":0,"item_purchase_floors":[],"current_hp_per_floor":[63,63,63,58,58,58,46,46,46,29,29,41,34,34,43,0,0],"gold":168,"neow_bonus":"TRANSFORM_TWO_CARDS","is_daily":false,"chose_seed":false,"campfire_upgraded":3,"win_rate":0.0,"timestamp":1611133400,"path_taken":["M","M","M","M","M","R","E","M","T","M","M","R","?","M","R","BOSS"],"items_purchased_type":[],"build_version":"2020-12-22","purchased_purges":0,"victory":false,"max_hp_per_floor":[70,70,70,70,70,70,70,70,70,70,70,70,70,70,70,70,70],"card_choices":[{"not_picked":["Concentrate","Bane"],"picked":"Blur","floor":1},{"not_picked":["Dodge and Roll","Prepared"],"picked":"Backstab","floor":2},{"not_picked":["Caltrops","Flying Knee","Concentrate"],"picked":"SKIP","floor":3},{"not_picked":["Expertise","Bane","Flechettes"],"picked":"SKIP","floor":4},{"not_picked":["Slice","Reflex"],"picked":"Dagger Spray","floor":5},{"not_picked":["Caltrops","Acrobatics"],"picked":"Deadly Poison","floor":7},{"not_picked":["Backstab","All Out Attack"],"picked":"Dodge and Roll","floor":8},{"not_picked":["Prepared","Burst"],"picked":"Crippling Poison","floor":10},{"not_picked":["Flying Knee","Slice"],"picked":"Escape Plan","floor":11},{"not_picked":["Dagger Spray","Acrobatics","Blade Dance"],"picked":"SKIP","floor":14}],"player_experience":698190,"relics_obtained":[{"floor":7,"key":"Du-Vu Doll"},{"floor":9,"key":"Eternal Feather"}],"event_choices":[{"cards_removed":["Strike_G"],"damage_healed":0,"gold_gain":0,"player_choice":"Card Removal","damage_taken":7,"max_hp_gain":0,"max_hp_loss":0,"event_name":"Golden Wing","floor":13,"gold_loss":0}],"is_beta":false,"boss_relics":[],"items_purged_floors":[],"is_endless":false,"potions_floor_spawned":[1,3,5,7,11],"killed_by":"Slime Boss","ascension_level":13}}