{"host":"5rw0nun05olx0r44","time":1611164164,"event":{"mods":["AchievementEnabler","BaseMod","Colored Map","Colored Powertips","Downfall","Highlight Path","Minty Spire (QoL Compilation)","Permanent Neow","Quick Restart","Shop Mod","StSLib"],"gold_per_floor":[109,122,139,159,159,193,3,3,3,32,107,107,128,142,142,243,243,258,278,24,36,53,63,17,36,104,104,104,104,104,104,104,209,209,225,151,170,22,37,37,87,117,140,173,192,192,212,225,225,225],"floor_reached":51,"language":"ENG","playtime":4836,"items_purged":["Strike_B"],"score":729,"play_id":"ccdf861a-c554-4184-86c1-4bdcde34086c","local_time":"20210120113604","is_ascension_mode":true,"campfire_choices":[{"data":"Redo","floor":8.0,"key":"SMITH"},{"floor":12.0,"key":"REST"},{"floor":15.0,"key":"REST"},{"floor":27.0,"key":"REST"},{"floor":30.0,"key":"REST"},{"data":"Loop","floor":32.0,"key":"SMITH"},{"data":"Echo Form","floor":40.0,"key":"SMITH"},{"data":"Capacitor","floor":49,"key":"SMITH"}],"circlet_count":0,"master_deck":["Strike_B","Defend_B","Defend_B","Defend_B","Defend_B","Zap","Dualcast+1","Self Repair","Sweeping Beam","Consume","Redo+1","Coolheaded","Capacitor+1","Genetic Algorithm+1","Cold Snap+1","Darkness","Leap","Coolheaded+1","BootSequence","Barrage+1","Self Repair","Loop+1","Coolheaded","Amplify","Recycle","Echo Form+1","Glacier+1","Glacier","Finesse","Go for the Eyes+1"],"relics":["Cracked Core","MawBank","Runic Capacitor","Lantern","Molten Egg 2","Odd Mushroom","Nuclear Battery","Membership Card","Dream Catcher","Bottled Tornado","Busted Crown","Juzu Bracelet","Bag of Preparation","Du-Vu Doll","Strawberry","Art of War","Mercury Hourglass"],"acts_visited":["Exordium","TheCity","TheBeyond"],"potions_floor_usage":[],"damage_taken":[{"damage":1.0,"enemies":"Jaw Worm","floor":1.0,"turns":2.0},{"damage":9.0,"enemies":"2 Louse","floor":2.0,"turns":4.0},{"damage":10.0,"enemies":"Small Slimes","floor":3.0,"turns":4.0},{"damage":16.0,"enemies":"3 Louse","floor":4.0,"turns":4.0},{"damage":2.0,"enemies":"Gremlin Nob","floor":6.0,"turns":3.0},{"damage":34.0,"enemies":"3 Sentries","floor":10.0,"turns":7.0},{"damage":15.0,"enemies":"The Mushroom Lair","floor":13.0,"turns":3.0},{"damage":6.0,"enemies":"Looter","floor":14.0,"turns":3.0},{"damage":25.0,"enemies":"Hexaghost","floor":16.0,"turns":10.0},{"damage":31.0,"enemies":"3 Byrds","floor":18.0,"turns":6.0},{"damage":17.0,"enemies":"Shell Parasite","floor":19.0,"turns":7.0},{"damage":14.0,"enemies":"Centurion and Healer","floor":21.0,"turns":9.0},{"damage":29.0,"enemies":"3 Cultists","floor":22.0,"turns":8.0},{"damage":5.0,"enemies":"Snecko","floor":23.0,"turns":8.0},{"damage":11.0,"enemies":"Shelled Parasite and Fungi","floor":25.0,"turns":6.0},{"damage":8.0,"enemies":"Collector","floor":33.0,"turns":13.0},{"damage":49.0,"enemies":"3 Darklings","floor":35.0,"turns":5.0},{"damage":18.0,"enemies":"3 Shapes","floor":37.0,"turns":6.0},{"damage":8.0,"enemies":"Maw","floor":39.0,"turns":10.0},{"damage":0.0,"enemies":"Mind Bloom Boss Battle","floor":41.0,"turns":6.0},{"damage":25.0,"enemies":"Reptomancer","floor":42.0,"turns":12.0},{"damage":1.0,"enemies":"Nemesis","floor":44.0,"turns":11.0},{"damage":14.0,"enemies":"Transient","floor":45.0,"turns":5.0},{"damage":5,"enemies":"Writhing Mass","floor":47,"turns":10},{"damage":2,"enemies":"4 Shapes","floor":48,"turns":7},{"damage":8,"enemies":"Time Eater","floor":50,"turns":12}],"seed_played":"6056012788517764898","potions_obtained":[{"floor":1.0,"key":"Block Potion"},{"floor":3.0,"key":"Fire Potion"},{"floor":4.0,"key":"Ancient Potion"},{"floor":13.0,"key":"BlessingOfTheForge"},{"floor":16.0,"key":"Dexterity Potion"},{"floor":19.0,"key":"SneckoOil"},{"floor":22.0,"key":"AttackPotion"},{"floor":33.0,"key":"hexamod:SoulburnPotion"},{"floor":39.0,"key":"sneckomod:MuddlingPotion"},{"floor":41.0,"key":"DistilledChaos"},{"floor":44.0,"key":"Weak Potion"}],"is_trial":false,"path_per_floor":["M","M","M","M","?","E","$","R","T","E","?","R","?","M","R","B",null,"M","M","$","M","M","M","$","M","T","R","?","?","R","?","R","B",null,"M","$","M","$","M","R","?","E","T","E","M","?","M","M","R","B",null],"character_chosen":"DEFECT","items_purchased":["Runic Capacitor","Redo","Membership Card","Dream Catcher","Darkness","Barrage+1","Self Repair","Juzu Bracelet","Bag of Preparation","Regen Potion"],"campfire_rested":4,"item_purchase_floors":[7,7,20,20,20,24,24,36,38,38],"current_hp_per_floor":[74,65,62,53,53,58,58,58,58,31,20,42,34,35,57,32,75,51,41,41,34,12,14,14,17,17,39,39,39,61,61,61,53,75,40,40,43,43,64,64,75,78,78,82,75,75,82,82,82,82],"gold":225,"neow_bonus":"UPGRADE_CARD","is_daily":false,"chose_seed":false,"campfire_upgraded":4,"win_rate":0.0,"timestamp":1611164164,"path_taken":["M","M","M","M","?","E","$","R","T","E","?","R","?","M","R","BOSS","M","M","$","M","M","M","$","M","T","R","?","?","R","?","R","BOSS","M","$","M","$","M","R","?","E","T","E","M","?","M","M","R","BOSS"],"items_purchased_type":["Relic","Card","Relic","Relic","Card","Card","Card","Relic","Relic","Potion"],"build_version":"2020-12-22","purchased_purges":1,"victory":true,"max_hp_per_floor":[75,75,75,75,75,75,75,75,75,75,75,75,75,75,75,75,75,75,75,75,75,75,75,75,75,75,75,75,75,75,75,75,75,75,75,75,75,75,75,75,75,82,82,82,82,82,82,82,82,82],"card_choices":[{"not_picked":["Steam Power","Gash","Melter"],"picked":"SKIP","floor":1.0},{"not_picked":["Fusion","Cold Snap"],"picked":"Self Repair","floor":2.0},{"not_picked":["Force Field","Streamline","Recycle"],"picked":"SKIP","floor":3.0},{"not_picked":["Scrape","Melter"],"picked":"Sweeping Beam","floor":4.0},{"not_picked":["Streamline","Machine Learning"],"picked":"Consume","floor":6.0},{"not_picked":["Melter+1","Conserve Battery"],"picked":"Coolheaded","floor":10.0},{"not_picked":["Darkness","Stack"],"picked":"Capacitor","floor":14.0},{"not_picked":["Sweeping Beam+1","Compile Driver+1"],"picked":"Genetic Algorithm+1","floor":18.0},{"not_picked":["Force Field","Beam Cell+1"],"picked":"Cold Snap+1","floor":19.0},{"not_picked":["Stack","Cold Snap+1"],"picked":"Leap","floor":21.0},{"not_picked":["Static Discharge+1","Meteor Strike+1"],"picked":"Coolheaded+1","floor":22.0},{"not_picked":["Fusion","Gash+1"],"picked":"BootSequence","floor":23.0},{"not_picked":["Static Discharge+1","Go for the Eyes+1","Gash+1"],"picked":"SKIP","floor":25.0},{"not_picked":["Ball Lightning+1","Fusion"],"picked":"Loop","floor":27.0},{"not_picked":["Lockon+1","Redo"],"picked":"Coolheaded","floor":30.0},{"not_picked":["Hyperbeam+1","Buffer"],"picked":"Echo Form","floor":33.0},{"not_picked":[],"picked":"Glacier+1","floor":35.0},{"not_picked":["Hologram+1"],"picked":"SKIP","floor":37.0},{"not_picked":["Tempest+1"],"picked":"SKIP","floor":39.0},{"not_picked":["Leap"],"picked":"SKIP","floor":42.0},{"not_picked":["Self Repair"],"picked":"SKIP","floor":44.0},{"not_picked":[],"picked":"Glacier","floor":45.0},{"not_picked":[],"picked":"Finesse","floor":46.0},{"not_picked":[],"picked":"Go for the Eyes+1","floor":47},{"not_picked":["Go for the Eyes+1"],"picked":"SKIP","floor":48}],"player_experience":117683,"relics_obtained":[{"floor":6.0,"key":"MawBank"},{"floor":9.0,"key":"Lantern"},{"floor":10.0,"key":"Molten Egg 2"},{"floor":13.0,"key":"Odd Mushroom"},{"floor":26.0,"key":"Bottled Tornado"},{"floor":41.0,"key":"Du-Vu Doll"},{"floor":42.0,"key":"Strawberry"},{"floor":43.0,"key":"Art of War"},{"floor":44.0,"key":"Mercury Hourglass"}],"event_choices":[{"damage_healed":0.0,"max_hp_gain":0.0,"max_hp_loss":0.0,"gold_gain":0.0,"event_name":"Golden Wing","player_choice":"Ignored","floor":5.0,"gold_loss":0.0,"damage_taken":0.0},{"damage_healed":0.0,"max_hp_gain":0.0,"max_hp_loss":0.0,"gold_gain":75.0,"event_name":"World of Goop","player_choice":"Gather Gold","floor":11.0,"gold_loss":0.0,"damage_taken":11.0},{"damage_healed":0.0,"max_hp_gain":0.0,"max_hp_loss":0.0,"gold_gain":0.0,"event_name":"Mushrooms","player_choice":"Fought Mushrooms","floor":13.0,"gold_loss":0.0,"damage_taken":0.0},{"damage_healed":0.0,"max_hp_gain":0.0,"max_hp_loss":0.0,"gold_gain":0.0,"cards_transformed":["Strike_B","Strike_B"],"event_name":"Drug Dealer","player_choice":"Became Test Subject","floor":31.0,"gold_loss":0.0,"damage_taken":0.0,"cards_obtained":["Amplify","Recycle"]},{"damage_healed":0.0,"max_hp_gain":0.0,"max_hp_loss":0.0,"gold_gain":0.0,"event_name":"MindBloom","player_choice":"Fight","floor":41.0,"gold_loss":0.0,"damage_taken":0.0},{"damage_healed":0.0,"max_hp_gain":0.0,"max_hp_loss":0.0,"gold_gain":0.0,"event_name":"SensoryStone","player_choice":"Memory 1","floor":46.0,"gold_loss":0.0,"damage_taken":0.0}],"is_beta":false,"boss_relics":[{"not_picked":["FrozenCore","Philosopher\u0027s Stone"],"picked":"Nuclear Battery"},{"not_picked":["Tiny House","Snecko Eye"],"picked":"Busted Crown"}],"items_purged_floors":[38],"is_endless":false,"potions_floor_spawned":[1,3,4,13,16,19,22,33,39,41,44,48],"ascension_level":1}}