{"host":"fkig9nrckec4xsh0","time":1611173222,"event":{"mods":["BaseMod","Colored Map","Minty Spire (QoL Compilation)","Quick Restart","Replay The Spire","StSLib"],"gold_per_floor":[111,74,93,93,105,105,134,134,134,148,183,201,226,319,319,421,421,440,440,451,376,411,439,439,469,469,67,67,67,96,113,28,44,44,44,44],"floor_reached":35,"language":"ENG","playtime":1490,"items_purged":["Strike_G"],"score":544,"play_id":"8b30b4f1-495c-4071-a2a4-e6f942b0ddbc","local_time":"20210120150702","is_ascension_mode":true,"campfire_choices":[{"data":"Catalyst","floor":6,"key":"SMITH"},{"data":"Deadly Poison","floor":8,"key":"SMITH"},{"data":"Malaise","floor":24,"key":"SMITH"},{"data":"Catalyst","floor":34,"key":"SMITH"}],"circlet_count":0,"master_deck":["Strike_G","Strike_G","Strike_G","Strike_G","Defend_G","Defend_G","Defend_G","Defend_G","Defend_G","Survivor","Neutralize","Flying Knee","Deadly Poison+1","Deadly Poison+1","Catalyst+1","Deadly Poison","Quick Slash","Predator","Malaise+1","Acrobatics","Backflip","Backflip","Corpse Explosion","Writhe","PiercingWail","Corpse Explosion","Deflect","Caltrops+1","Poisoned Stab","Dagger Throw+1","Deadly Poison","Dramatic Entrance","Catalyst+1"],"relics":["Ring of the Snake","NeowsBlessing","InkBottle","Replay:WaspNest","Ninja Scroll","Snack Pack","Boot","Replay:Ancient Bell","Replay:Wax Seal","Frozen Egg 2","Durian","Red Mask","Quantum Egg","Oddly Smooth Stone","Tough Bandages","Toy Ornithopter","Divine Protection","Girya"],"acts_visited":["TheCity"],"potions_floor_usage":[11,16,16,16,23,25,25,35],"damage_taken":[{"damage":0,"enemies":"Cultist","floor":1,"turns":1},{"damage":0,"enemies":"2 Louse","floor":3,"turns":1},{"damage":0,"enemies":"Jaw Worm","floor":5,"turns":1},{"damage":10,"enemies":"Lagavulin","floor":7,"turns":3},{"damage":0,"enemies":"Looter","floor":10,"turns":2},{"damage":0,"enemies":"Gremlin Nob","floor":11,"turns":2},{"damage":0,"enemies":"2 Fungi Beasts","floor":12,"turns":2},{"damage":11,"enemies":"Lagavulin","floor":13,"turns":4},{"damage":56,"enemies":"Slime Boss","floor":16,"turns":9},{"damage":3,"enemies":"Chosen","floor":18,"turns":4},{"damage":22,"enemies":"2 Thieves","floor":20,"turns":4},{"damage":0,"enemies":"Masked Bandits","floor":22,"turns":2},{"damage":1,"enemies":"Replay:Snechameleon","floor":23,"turns":6},{"damage":25,"enemies":"Book of Stabbing","floor":25,"turns":5},{"damage":8,"enemies":"Gremlin Leader","floor":30,"turns":7},{"damage":4,"enemies":"Sentry and Sphere","floor":31,"turns":4},{"damage":0,"enemies":"Chosen and Byrds","floor":33,"turns":6},{"damage":3,"enemies":"Collector","floor":35,"turns":3}],"seed_played":"-3003666410693049054","potions_obtained":[{"floor":1,"key":"Energy Potion"},{"floor":7,"key":"GamblersBrew"},{"floor":12,"key":"SkillPotion"},{"floor":13,"key":"AttackPotion"},{"floor":20,"key":"Swift Potion"},{"floor":22,"key":"Swift Potion"},{"floor":23,"key":"PowerPotion"},{"floor":30,"key":"Explosive Potion"}],"is_trial":false,"path_per_floor":["M","$","M","?","M","R","E","R","T","M","E","M","E","?","R_BF","B",null,"M","?","M","?","?","E","R","E","T","$","PTL","PTL","E","M","?","M","R","B"],"character_chosen":"THE_SILENT","items_purchased":["Deadly Poison","Dagger Throw+1","Deadly Poison","Toy Ornithopter","Dramatic Entrance"],"campfire_rested":0,"item_purchase_floors":[2,27,27,27,27],"current_hp_per_floor":[63,63,63,68,68,68,58,58,58,58,58,58,47,29,51,1,62,61,61,41,41,45,48,48,25,25,25,25,25,19,17,17,19,19,23,23],"gold":44,"neow_bonus":"THREE_ENEMY_KILL","is_daily":false,"chose_seed":false,"campfire_upgraded":4,"win_rate":0.0,"timestamp":1611173222,"path_taken":["M","?","M","?","M","R","E","R","T","M","E","?","E","?","R_BF","BOSS","M","?","?","?","?","E","R","E","T","$","PTL","PTL","E","M","?","M","R","BOSS"],"items_purchased_type":["Card","Card","Card","Relic","Card"],"build_version":"2020-12-22","purchased_purges":1,"victory":false,"max_hp_per_floor":[70,70,70,75,75,75,75,75,75,75,75,75,75,75,75,75,80,80,80,80,80,80,80,80,80,80,80,80,80,80,80,80,80,80,80,80],"card_choices":[{"not_picked":["Escape Plan","Backflip"],"picked":"Flying Knee","floor":1},{"not_picked":["Bane","Acrobatics"],"picked":"Catalyst","floor":3},{"not_picked":["Infinite Blades","Hidden Blade"],"picked":"Deadly Poison","floor":5},{"not_picked":["Concentrate","Bullet Time"],"picked":"Quick Slash","floor":7},{"not_picked":["Dagger Spray","Flying Knee"],"picked":"Predator","floor":10},{"not_picked":["Blade Dance","Deflect"],"picked":"Malaise","floor":11},{"not_picked":["Quick Slash","Flying Knee","Dagger Throw"],"picked":"SKIP","floor":12},{"not_picked":["Cloak And Dagger","Deflect"],"picked":"Acrobatics","floor":13},{"not_picked":["Deflect","Storm of Steel"],"picked":"Backflip","floor":14},{"not_picked":["Dodge and Roll","Flying Knee"],"picked":"Backflip","floor":14},{"not_picked":["After Image","A Thousand Cuts"],"picked":"Corpse Explosion","floor":16},{"not_picked":["Looming Evil","Amnesia"],"picked":"Writhe","floor":17},{"not_picked":["Decay","Delirium"],"picked":"Writhe","floor":17},{"not_picked":["Amnesia","ReplayTheSpireMod:IOU"],"picked":"Languid","floor":17},{"not_picked":["Dodge and Roll","Blade Dance"],"picked":"PiercingWail","floor":18},{"not_picked":["Blade Dance","Hidden Blade"],"picked":"Corpse Explosion","floor":20},{"not_picked":["Masterful Stab","Quick Slash+1"],"picked":"Deflect","floor":22},{"not_picked":["Underhanded Strike","Setup+1"],"picked":"Caltrops+1","floor":23},{"not_picked":["Endless Agony","Phantasmal Killer"],"picked":"Poisoned Stab","floor":25},{"not_picked":["Leg Sweep","Deflect"],"picked":"Catalyst","floor":30},{"not_picked":["Predator","Accuracy+1","Dodge and Roll"],"picked":"SKIP","floor":31},{"not_picked":["Flying Knee","Expertise","Flechettes"],"picked":"SKIP","floor":33}],"player_experience":367508,"relics_obtained":[{"floor":7,"key":"InkBottle"},{"floor":9,"key":"Replay:WaspNest"},{"floor":11,"key":"Ninja Scroll"},{"floor":13,"key":"Snack Pack"},{"floor":14,"key":"Boot"},{"floor":22,"key":"Red Mask"},{"floor":23,"key":"Quantum Egg"},{"floor":25,"key":"Oddly Smooth Stone"},{"floor":26,"key":"Tough Bandages"},{"floor":30,"key":"Divine Protection"}],"event_choices":[{"damage_healed":0,"gold_gain":0,"player_choice":"Donut","damage_taken":0,"max_hp_gain":5,"max_hp_loss":0,"event_name":"Big Fish","floor":4,"gold_loss":0},{"cards_removed":["Writhe"],"damage_healed":0,"gold_gain":0,"player_choice":"Purged","damage_taken":0,"max_hp_gain":0,"max_hp_loss":0,"event_name":"Purifier","floor":19,"gold_loss":0},{"cards_removed":["Languid"],"damage_healed":0,"gold_gain":0,"player_choice":"Gave Gold","damage_taken":0,"max_hp_gain":0,"max_hp_loss":0,"event_name":"Beggar","floor":21,"gold_loss":75},{"damage_healed":0,"gold_gain":0,"player_choice":"Fought Bandits","damage_taken":0,"max_hp_gain":0,"max_hp_loss":0,"event_name":"Masked Bandits","floor":22,"gold_loss":0},{"damage_healed":0,"gold_gain":0,"player_choice":"Obtained Relic","damage_taken":0,"relics_obtained":["Girya"],"max_hp_gain":0,"max_hp_loss":0,"event_name":"Addict","floor":32,"gold_loss":85}],"is_beta":false,"boss_relics":[{"not_picked":["Painkiller Herb","ChewingGum"],"picked":"Replay:Ancient Bell"},{"not_picked":["Replay:Bandana","Smiling Mask"],"picked":"Replay:Wax Seal"},{"not_picked":["Garlic","Shuriken"],"picked":"Frozen Egg 2"},{"not_picked":["Ginger","Replay:Multitool"],"picked":"Durian"}],"items_purged_floors":[27],"is_endless":false,"potions_floor_spawned":[1,7,12,13,20,22,23,30],"killed_by":"Collector","ascension_level":9}}