{"host":"3a1ypf1irl30q4k8","time":1611157822,"event":{"mods":["AchievementEnabler","BaseMod","Bestiary","Colored Map","Minty Spire (QoL Compilation)","Relic Stats"],"gold_per_floor":[119,129,143,143,161,161,186,206,232,246,246,246,22,34,34,34,34],"floor_reached":16,"language":"ENG","playtime":879,"items_purged":["Strike_R"],"score":175,"play_id":"994fe7f8-73ee-4376-9a29-44a96ece0af9","local_time":"20210120155022","is_ascension_mode":true,"campfire_choices":[{"data":"Feed","floor":6,"key":"SMITH"},{"floor":12,"key":"REST"},{"data":"Flame Barrier","floor":15,"key":"SMITH"}],"circlet_count":0,"master_deck":["Strike_R","Strike_R","Strike_R","Strike_R","Defend_R","Defend_R","Defend_R","Defend_R","Bash","Feed+1","Flame Barrier+1","Warcry","Warcry","Headbutt","Carnage","Battle Trance","Feed+1","Rage"],"relics":["Burning Blood","Pear","Boot","Vajra","DollysMirror"],"acts_visited":["Exordium"],"potions_floor_usage":[14,16,16],"damage_taken":[{"damage":11,"enemies":"Jaw Worm","floor":1,"turns":6},{"damage":11,"enemies":"Cultist","floor":2,"turns":6},{"damage":1,"enemies":"Small Slimes","floor":3,"turns":3},{"damage":12,"enemies":"Exordium Wildlife","floor":5,"turns":5},{"damage":43,"enemies":"3 Sentries","floor":7,"turns":11},{"damage":26,"enemies":"Large Slime","floor":8,"turns":7},{"damage":24,"enemies":"Blue Slaver","floor":10,"turns":5},{"damage":15,"enemies":"Exordium Thugs","floor":14,"turns":5},{"damage":51,"enemies":"Hexaghost","floor":16,"turns":11}],"seed_played":"-1603989690695949856","potions_obtained":[{"floor":1,"key":"GamblersBrew"},{"floor":3,"key":"Strength Potion"},{"floor":4,"key":"FearPotion"},{"floor":14,"key":"ColorlessPotion"}],"is_trial":false,"path_per_floor":["M","M","M","?","M","R","E","M","T","M","?","R","$","M","R","B"],"character_chosen":"IRONCLAD","items_purchased":["DollysMirror"],"campfire_rested":1,"item_purchase_floors":[13],"current_hp_per_floor":[70,68,76,76,73,73,50,34,34,20,20,51,51,50,50,0,0],"gold":34,"neow_bonus":"THREE_RARE_CARDS","is_daily":false,"chose_seed":false,"campfire_upgraded":2,"win_rate":0.0,"timestamp":1611157822,"path_taken":["M","M","M","?","?","R","E","M","T","M","?","R","$","?","R","BOSS"],"items_purchased_type":["Relic"],"build_version":"2020-12-22","purchased_purges":1,"victory":false,"max_hp_per_floor":[75,78,81,81,84,84,98,102,102,106,106,106,106,114,114,114,114],"relic_stats":{"counters":[9,59],"Boot":[0],"obtain_stats":[{"Pear":7,"DollysMirror":13,"Vajra":11,"Boot":9,"Burning Blood":0},{"Pear":5,"DollysMirror":7,"Vajra":7,"Boot":6,"Burning Blood":0},{"Pear":31,"DollysMirror":43,"Vajra":43,"Boot":38,"Burning Blood":0}],"Burning Blood":48},"card_choices":[{"not_picked":["Double Tap","Limit Break"],"picked":"Feed","floor":0},{"not_picked":["Second Wind","Disarm"],"picked":"Flame Barrier","floor":1},{"not_picked":["Havoc","Iron Wave"],"picked":"Warcry","floor":2},{"not_picked":["Combust","Sword Boomerang"],"picked":"Warcry","floor":3},{"not_picked":["Body Slam","Fire Breathing"],"picked":"Headbutt","floor":5},{"not_picked":["Armaments","Reckless Charge"],"picked":"Carnage","floor":7},{"not_picked":["Sentinel","Armaments","Dropkick"],"picked":"SKIP","floor":8},{"not_picked":["Flex","Seeing Red"],"picked":"Battle Trance","floor":10},{"not_picked":["Rupture","Clothesline"],"picked":"Rage","floor":14}],"player_experience":1137544,"relics_obtained":[{"floor":7,"key":"Pear"},{"floor":9,"key":"Boot"}],"event_choices":[{"damage_healed":0,"gold_gain":0,"player_choice":"Got Potions","damage_taken":0,"max_hp_gain":0,"max_hp_loss":0,"event_name":"Lab","floor":4,"gold_loss":0},{"damage_healed":0,"gold_gain":0,"player_choice":"Gave Potion","damage_taken":0,"relics_obtained":["Vajra"],"max_hp_gain":0,"max_hp_loss":0,"event_name":"WeMeetAgain","floor":11,"gold_loss":0}],"is_beta":false,"boss_relics":[],"items_purged_floors":[13],"is_endless":false,"potions_floor_spawned":[1,3,5,14],"killed_by":"Hexaghost","ascension_level":4}}