{"host":"1mv6gj0zv8k9e9tz","time":1611157951,"event":{"mods":["AchievementEnabler","BaseMod","Better Third Choice","Colored Map","KOR Keyword Fix","Minty Spire (QoL Compilation)","Permanent Neow","Rare Cards Sparkle","StSLib"],"gold_per_floor":[113,63,76,88,98,98,123,123,148,148,163,163,163],"floor_reached":12,"language":"KOR","playtime":521,"items_purged":[],"score":144,"play_id":"741d46e1-7054-415f-8799-52e84629b01b","local_time":"20210121005231","is_ascension_mode":true,"campfire_choices":[{"data":"Deadly Poison","floor":6,"key":"SMITH"},{"data":"Catalyst","floor":8,"key":"SMITH"},{"floor":10,"key":"REST"}],"circlet_count":0,"master_deck":["AscendersBane","Strike_G","Strike_G","Strike_G","Strike_G","Strike_G","Defend_G","Defend_G","Defend_G","Defend_G","Defend_G","Survivor","Neutralize","Backflip","Blade Dance","Deadly Poison+1","Catalyst+1","Prepared","Well Laid Plans","Acrobatics"],"relics":["Ring of the Snake","Tingsha","Snake Skull","Strawberry"],"acts_visited":["Exordium"],"potions_floor_usage":[7,12],"damage_taken":[{"damage":0,"enemies":"2 Louse","floor":1,"turns":3},{"damage":0,"enemies":"Small Slimes","floor":3,"turns":4},{"damage":4,"enemies":"Cultist","floor":4,"turns":3},{"damage":3,"enemies":"Blue Slaver","floor":5,"turns":5},{"damage":27,"enemies":"3 Sentries","floor":7,"turns":9},{"damage":17,"enemies":"Lots of Slimes","floor":11,"turns":5},{"damage":8,"enemies":"Gremlin Nob","floor":12,"turns":3}],"seed_played":"-8399732398399074754","potions_obtained":[{"floor":1,"key":"CultistPotion"},{"floor":11,"key":"EssenceOfSteel"}],"is_trial":false,"path_per_floor":["M","$","M","M","M","R","E","R","T","R","M","E"],"character_chosen":"THE_SILENT","items_purchased":["Blade Dance"],"campfire_rested":1,"item_purchase_floors":[2],"current_hp_per_floor":[44,44,44,40,37,37,10,10,17,38,21,13,13],"gold":163,"neow_bonus":"ONE_RARE_RELIC","is_daily":false,"chose_seed":false,"campfire_upgraded":2,"win_rate":0.0,"timestamp":1611157951,"path_taken":["M","$","M","M","M","R","E","R","T","R","M","E"],"items_purchased_type":["Card"],"build_version":"2020-12-22","purchased_purges":0,"victory":false,"max_hp_per_floor":[66,66,66,66,66,66,66,66,73,73,73,73,73],"card_choices":[{"not_picked":["PiercingWail","Dash"],"picked":"Backflip","floor":1},{"not_picked":["Flechettes","Backflip"],"picked":"Deadly Poison","floor":3},{"not_picked":["Masterful Stab","Quick Slash"],"picked":"Catalyst","floor":4},{"not_picked":["Cloak And Dagger","Backflip"],"picked":"Prepared","floor":5},{"not_picked":["Skewer","Slice"],"picked":"Well Laid Plans","floor":7},{"not_picked":["Underhanded Strike","Prepared"],"picked":"Acrobatics","floor":11}],"player_experience":533245,"relics_obtained":[{"floor":7,"key":"Snake Skull"},{"floor":9,"key":"Strawberry"}],"event_choices":[],"is_beta":false,"boss_relics":[],"items_purged_floors":[],"is_endless":false,"potions_floor_spawned":[1,11],"killed_by":"Gremlin Nob","ascension_level":16}}