{"host":"r6jigiblrojhp6xe","time":1611180575,"event":{"mods":["AchievementEnabler","BaseMod","DeckTracker","Hermit","Minty Spire (QoL Compilation)","Quick Restart","Rare Cards Sparkle","Relic Stats","StSLib","SuperFastMode","everything is the same but u backflip on backflip"],"gold_per_floor":[118,118,66,79,97,97,131,131,131,56,71,28,61,61,61,138,138,153,53,64,82,95,95,113,113,163,163,163,55,55,3,3,80,80,100,0,20,20,40,69,69,95,120,139,151,164,39,51,51,51,51,51],"floor_reached":51,"language":"KOR","playtime":2482,"items_purged":["Strike_G","Defend_G","Strike_G"],"score":1434,"play_id":"ddc5a4bf-7c36-4835-85bf-1e8b9fcf0d1c","local_time":"20210121070935","is_ascension_mode":true,"campfire_choices":[{"data":"Choke","floor":6.0,"key":"SMITH"},{"data":"Infinite Blades","floor":8.0,"key":"SMITH"},{"data":"Footwork","floor":15.0,"key":"SMITH"},{"data":"Envenom","floor":23,"key":"SMITH"},{"floor":25,"key":"REST"},{"floor":32,"key":"REST"},{"data":"Cloak And Dagger","floor":41,"key":"SMITH"},{"data":"Leg Sweep","floor":49,"key":"SMITH"}],"circlet_count":0,"master_deck":["AscendersBane","Strike_G","Defend_G","Defend_G","Defend_G","Defend_G","Survivor","Neutralize","Blade Dance","Blade Dance","Choke+1","Infinite Blades+1","Adrenaline","Footwork+1","Leg Sweep+1","Envenom+1","Cloak And Dagger+1","Blur+1","Escape Plan","Terror","Die Die Die","Dash","Blade Dance","Adrenaline","Crippling Poison+1","Envenom+1","Backflip","Venomology"],"relics":["Ring of the Snake","Bottled Lightning","Mercury Hourglass","TungstenRod","Gremlin Horn","Philosopher\u0027s Stone","Dream Catcher","Nloth\u0027s Gift","Busted Crown","Red Mask","Ancient Tea Set","Meat on the Bone","Toy Ornithopter"],"acts_visited":["Exordium","TheCity","TheBeyond"],"potions_floor_usage":[24,33,33,39,46,46,50,50,50,51],"damage_taken":[{"damage":0.0,"enemies":"Small Slimes","floor":1.0,"turns":1.0},{"damage":0.0,"enemies":"Cultist","floor":4.0,"turns":1.0},{"damage":0.0,"enemies":"Jaw Worm","floor":5.0,"turns":1.0},{"damage":42.0,"enemies":"3 Sentries","floor":7.0,"turns":10.0},{"damage":0.0,"enemies":"3 Louse","floor":11.0,"turns":3.0},{"damage":0.0,"enemies":"Gremlin Nob","floor":13.0,"turns":2.0},{"damage":8.0,"enemies":"The Guardian","floor":16.0,"turns":11.0},{"damage":9.0,"enemies":"Shell Parasite","floor":18.0,"turns":5.0},{"damage":6.0,"enemies":"3 Byrds","floor":20.0,"turns":4.0},{"damage":19.0,"enemies":"Shelled Parasite and Fungi","floor":21.0,"turns":6.0},{"damage":11,"enemies":"Snecko","floor":22,"turns":4},{"damage":34,"enemies":"Chosen and Byrds","floor":24,"turns":5},{"damage":33,"enemies":"Champ","floor":33,"turns":13},{"damage":0,"enemies":"3 Shapes","floor":35,"turns":3},{"damage":0,"enemies":"Orb Walker","floor":37,"turns":1},{"damage":0,"enemies":"Transient","floor":39,"turns":6},{"damage":10,"enemies":"Giant Head","floor":40,"turns":7},{"damage":15,"enemies":"Nemesis","floor":42,"turns":7},{"damage":0,"enemies":"Sphere and 2 Shapes","floor":44,"turns":4},{"damage":6,"enemies":"Maw","floor":45,"turns":6},{"damage":3,"enemies":"4 Shapes","floor":46,"turns":3},{"damage":0,"enemies":"Writhing Mass","floor":48,"turns":6},{"damage":44,"enemies":"Time Eater","floor":50,"turns":10},{"damage":40,"enemies":"Awakened One","floor":51,"turns":3}],"seed_played":"-5173615219756506889","potions_obtained":[{"floor":2.0,"key":"Block Potion"},{"floor":2.0,"key":"FairyPotion"},{"floor":4.0,"key":"SteroidPotion"},{"floor":22,"key":"Block Potion"},{"floor":42,"key":"EssenceOfSteel"},{"floor":44,"key":"DistilledChaos"},{"floor":46,"key":"BlessingOfTheForge"}],"is_trial":false,"path_per_floor":["M","?","$","M","M","R","E","R","T","$","M","$","E","T","R","B",null,"M","$","M","M","M","R","M","R","T","?","?","$","?","$","R","B",null,"M","?","M","?","M","E","R","E","T","M","M","M","$","M","R","B","B"],"character_chosen":"THE_SILENT","items_purchased":["Blade Dance","Footwork","EntropicBrew","Blade Dance"],"campfire_rested":2,"item_purchase_floors":[3,12,29,31],"current_hp_per_floor":[59,59,59,59,59,59,17,17,17,17,17,17,17,17,17,9,52,43,43,37,18,7,7,6,25,25,25,25,25,25,25,44,11,52,52,52,52,52,52,42,42,27,27,39,45,52,52,52,52,35,0,0],"gold":51,"neow_bonus":"THREE_ENEMY_KILL","is_daily":false,"chose_seed":false,"campfire_upgraded":6,"win_rate":0.0,"timestamp":1611180575,"path_taken":["M","?","$","?","M","R","E","R","T","?","M","$","E","?","R","BOSS","M","?","M","M","M","R","?","R","T","?","?","$","?","$","R","BOSS","M","?","M","?","M","E","R","E","T","M","?","M","$","M","R","BOSS","BOSS"],"items_purchased_type":["Card","Card","Potion","Card"],"build_version":"2020-12-22","purchased_purges":3,"victory":false,"max_hp_per_floor":[66,66,66,66,66,66,66,66,66,66,66,66,66,66,66,66,66,66,66,66,66,66,66,66,66,66,66,66,66,66,66,66,66,66,66,66,66,66,66,66,66,66,66,66,66,66,66,66,66,66,66,66],"relic_stats":{"Dream Catcher":1,"Busted Crown":18,"Gremlin Horn":[12,12],"counters":[24,120],"Nloth\u0027s Gift":3,"obtain_stats":[{"NeowsBlessing":0,"Gremlin Horn":14,"Ancient Tea Set":40,"Mercury Hourglass":9,"Dream Catcher":26,"Busted Crown":34,"Philosopher\u0027s Stone":17,"Nloth\u0027s Gift":30,"Red Mask":36,"Bottled Lightning":7,"TungstenRod":13,"Toy Ornithopter":43,"Ring of the Snake":0,"Meat on the Bone":42},{"NeowsBlessing":0,"Gremlin Horn":6,"Ancient Tea Set":17,"Mercury Hourglass":4,"Dream Catcher":12,"Busted Crown":13,"Philosopher\u0027s Stone":7,"Nloth\u0027s Gift":12,"Red Mask":14,"Bottled Lightning":4,"TungstenRod":6,"Toy Ornithopter":18,"Ring of the Snake":0,"Meat on the Bone":18},{"NeowsBlessing":0,"Gremlin Horn":18,"Ancient Tea Set":82,"Mercury Hourglass":13,"Dream Catcher":52,"Busted Crown":65,"Philosopher\u0027s Stone":28,"Nloth\u0027s Gift":52,"Red Mask":68,"Bottled Lightning":13,"TungstenRod":18,"Toy Ornithopter":88,"Ring of the Snake":0,"Meat on the Bone":88}],"TungstenRod":43,"Toy Ornithopter":30,"Ring of the Snake":[48],"Mercury Hourglass":[321],"Meat on the Bone":36},"card_choices":[{"not_picked":["Dagger Spray","Heel Hook"],"picked":"Blade Dance","floor":1.0},{"not_picked":["Heel Hook","Quick Slash"],"picked":"Choke","floor":4.0},{"not_picked":["PiercingWail","Quick Slash"],"picked":"Infinite Blades","floor":5.0},{"not_picked":["Bouncing Flask","Poisoned Stab"],"picked":"Adrenaline","floor":7.0},{"not_picked":["Dodge and Roll","Flying Knee","Outmaneuver"],"picked":"SKIP","floor":11.0},{"not_picked":["Skewer","Blur"],"picked":"Leg Sweep","floor":13.0},{"not_picked":["Night Terror","Unload"],"picked":"Envenom","floor":16.0},{"not_picked":["Backstab","Acrobatics"],"picked":"Cloak And Dagger","floor":18.0},{"not_picked":["Dagger Throw","Finisher"],"picked":"Blur+1","floor":20.0},{"not_picked":["Dagger Spray","Flying Knee"],"picked":"Escape Plan","floor":21.0},{"not_picked":["Dagger Throw","Prepared"],"picked":"Terror","floor":22},{"not_picked":["Backstab","Dagger Spray","Outmaneuver"],"picked":"SKIP","floor":24},{"not_picked":["Storm of Steel","A Thousand Cuts"],"picked":"Adrenaline","floor":33},{"not_picked":["Infinite Blades"],"picked":"SKIP","floor":35},{"not_picked":[],"picked":"Crippling Poison+1","floor":37},{"not_picked":[],"picked":"Backflip","floor":39},{"not_picked":["Glass Knife"],"picked":"SKIP","floor":40},{"not_picked":["Die Die Die"],"picked":"SKIP","floor":42},{"not_picked":["Blade Dance"],"picked":"SKIP","floor":44},{"not_picked":[],"picked":"Venomology","floor":45},{"not_picked":["Riddle With Holes"],"picked":"SKIP","floor":46},{"not_picked":["Dagger Spray+1"],"picked":"SKIP","floor":48}],"player_experience":569864,"relics_obtained":[{"floor":7.0,"key":"Bottled Lightning"},{"floor":9.0,"key":"Mercury Hourglass"},{"floor":13.0,"key":"TungstenRod"},{"floor":14.0,"key":"Gremlin Horn"},{"floor":26,"key":"Dream Catcher"},{"floor":40,"key":"Ancient Tea Set"},{"floor":42,"key":"Meat on the Bone"},{"floor":43,"key":"Toy Ornithopter"}],"event_choices":[{"damage_healed":0.0,"max_hp_gain":0.0,"max_hp_loss":0.0,"gold_gain":0.0,"event_name":"Lab","player_choice":"Got Potions","floor":2.0,"gold_loss":0.0,"damage_taken":0.0},{"damage_healed":0,"gold_gain":0,"player_choice":"Ignored","damage_taken":0,"max_hp_gain":0,"max_hp_loss":0,"event_name":"Vampires","floor":27,"gold_loss":0},{"damage_healed":0,"gold_gain":0,"cards_transformed":["Strike_G","Strike_G"],"player_choice":"Became Test Subject","damage_taken":0,"max_hp_gain":0,"max_hp_loss":0,"event_name":"Drug Dealer","floor":28,"gold_loss":0,"cards_obtained":["Die Die Die","Dash"]},{"damage_healed":0,"gold_gain":0,"player_choice":"Traded Relic","damage_taken":0,"relics_obtained":["Nloth\u0027s Gift"],"max_hp_gain":0,"max_hp_loss":0,"event_name":"N\u0027loth","floor":30,"relics_lost":["NeowsBlessing"],"gold_loss":0},{"damage_healed":0,"gold_gain":0,"player_choice":"Paid","damage_taken":0,"relics_obtained":["Red Mask"],"max_hp_gain":0,"max_hp_loss":0,"event_name":"Tomb of Lord Red Mask","floor":36,"gold_loss":100},{"damage_healed":0,"gold_gain":0,"player_choice":"Copied","damage_taken":0,"max_hp_gain":0,"max_hp_loss":0,"event_name":"Duplicator","floor":38,"gold_loss":0,"cards_obtained":["Envenom"]}],"is_beta":false,"boss_relics":[{"not_picked":["Pandora\u0027s Box","Ring of the Serpent"],"picked":"Philosopher\u0027s Stone"},{"not_picked":["Black Star","HoveringKite"],"picked":"Busted Crown"}],"items_purged_floors":[10,19,47],"is_endless":false,"potions_floor_spawned":[4,5,11,22,42,44,45,46],"killed_by":"Awakened One","ascension_level":20}}