{"host":"t2jxv9tm8kj57cky","time":1611185357,"event":{"mods":["BaseMod","Minty Spire (QoL Compilation)","StSLib","The Poker Player"],"gold_per_floor":[116,76,94,94,107,139,139,158,205,215,215,229,247,258,258,360,360,374,109,129,129,129],"floor_reached":21,"language":"ENG","playtime":746,"items_purged":["Strike_G"],"score":185,"play_id":"d5eab8ca-51d0-41fe-9390-071265962197","local_time":"20210120172917","is_ascension_mode":false,"campfire_choices":[{"data":"Deadly Poison","floor":7,"key":"SMITH"},{"floor":15,"key":"REST"}],"circlet_count":0,"master_deck":["Strike_G","Defend_G","Defend_G","Defend_G","Defend_G","Defend_G","Survivor","Neutralize","Deadly Poison+1","Backstab","Backstab","Riddle With Holes","Backflip","Bouncing Flask","Distraction","Bane","Corpse Explosion","Finisher+1","Riddle With Holes+1","Burst+1","Catalyst","Bane","Impatience"],"relics":["Ring of the Snake","NeowsBlessing","CultistMask","Sundial","PreservedInsect","Astrolabe","PrismaticShard"],"acts_visited":["Exordium","TheCity"],"potions_floor_usage":[6,13,16,16],"damage_taken":[{"damage":0,"enemies":"Cultist","floor":1,"turns":1},{"damage":0,"enemies":"2 Louse","floor":3,"turns":1},{"damage":0,"enemies":"Jaw Worm","floor":5,"turns":1},{"damage":38,"enemies":"Gremlin Nob","floor":6,"turns":5},{"damage":14,"enemies":"Exordium Thugs","floor":8,"turns":4},{"damage":8,"enemies":"Gremlin Gang","floor":10,"turns":4},{"damage":0,"enemies":"Red Slaver","floor":12,"turns":2},{"damage":0,"enemies":"Looter","floor":13,"turns":1},{"damage":2,"enemies":"3 Louse","floor":14,"turns":2},{"damage":13,"enemies":"Hexaghost","floor":16,"turns":8},{"damage":13,"enemies":"Chosen","floor":18,"turns":5},{"damage":45,"enemies":"3 Byrds","floor":20,"turns":5},{"damage":16,"enemies":"Snake Plant","floor":21,"turns":2}],"seed_played":"-1207141591486381631","potions_obtained":[{"floor":2,"key":"Regen Potion"},{"floor":2,"key":"Block Potion"},{"floor":2,"key":"BlessingOfTheForge"},{"floor":6,"key":"FearPotion"},{"floor":8,"key":"AttackPotion"},{"floor":11,"key":"AttackPotion"}],"is_trial":false,"path_per_floor":["M","?","M","?","M","E","R","M","T","M","?","M","M","M","R","B",null,"M","$","M","M"],"character_chosen":"THE_SILENT","items_purchased":["PrismaticShard","Bane"],"campfire_rested":1,"item_purchase_floors":[19,19],"current_hp_per_floor":[70,70,70,70,70,32,32,18,18,10,10,10,10,8,29,16,70,57,57,12,0,0],"gold":129,"neow_bonus":"THREE_ENEMY_KILL","is_daily":false,"chose_seed":false,"campfire_upgraded":1,"win_rate":0.0,"timestamp":1611185357,"path_taken":["M","?","?","?","M","E","R","?","T","M","?","M","M","M","R","BOSS","M","?","M","M"],"items_purchased_type":["Relic","Card"],"build_version":"2020-12-22","purchased_purges":1,"victory":false,"max_hp_per_floor":[70,70,70,70,70,70,70,70,70,70,70,70,70,70,70,70,70,70,70,70,70,70],"card_choices":[{"not_picked":["Quick Slash","Poisoned Stab"],"picked":"Deadly Poison","floor":1},{"not_picked":["Riddle With Holes","Tactician"],"picked":"Backstab","floor":3},{"not_picked":["Slice","Cloak And Dagger"],"picked":"Backstab","floor":5},{"not_picked":["Tactician","Dodge and Roll"],"picked":"Riddle With Holes","floor":6},{"not_picked":["A Thousand Cuts","Slice"],"picked":"Backflip","floor":8},{"not_picked":["Prepared","Poisoned Stab"],"picked":"Bouncing Flask","floor":10},{"not_picked":["Masterful Stab","Deflect"],"picked":"Distraction","floor":12},{"not_picked":["Leg Sweep","Prepared"],"picked":"Bane","floor":13},{"not_picked":["Slice","Acrobatics","Quick Slash"],"picked":"SKIP","floor":14},{"not_picked":["A Thousand Cuts","Wraith Form v2"],"picked":"Corpse Explosion","floor":16},{"not_picked":["Prepared","Backflip"],"picked":"Catalyst","floor":18},{"not_picked":["JustLucky","Prostrate"],"picked":"Impatience","floor":20}],"player_experience":84103,"relics_obtained":[{"floor":6,"key":"Sundial"},{"floor":9,"key":"PreservedInsect"}],"event_choices":[{"damage_healed":0,"gold_gain":0,"player_choice":"Bought 3 Potions","damage_taken":0,"max_hp_gain":0,"max_hp_loss":0,"event_name":"The Woman in Blue","floor":2,"gold_loss":0},{"damage_healed":0,"gold_gain":0,"player_choice":"Trade","damage_taken":0,"relics_obtained":["CultistMask"],"max_hp_gain":0,"max_hp_loss":0,"event_name":"FaceTrader","floor":4,"gold_loss":0},{"damage_healed":0,"gold_gain":0,"player_choice":"Got Potions","damage_taken":0,"max_hp_gain":0,"max_hp_loss":0,"event_name":"Lab","floor":11,"gold_loss":0}],"is_beta":false,"boss_relics":[{"not_picked":["Snecko Eye","SlaversCollar"],"picked":"Astrolabe"}],"items_purged_floors":[19],"is_endless":false,"potions_floor_spawned":[6,8,10,12],"killed_by":"Snake Plant","ascension_level":0}}