{"host":"jwbw4f4imxd0v0b0","time":1611107390,"event":{"mods":["BaseMod","Colored Map","Highlight Path","Minty Spire (QoL Compilation)","Relic Stats","StSLib"],"gold_per_floor":[115,56,56,56,73,73,89,89,89,89,122,81,108,108,108,197,197,216,266,7,25,25,25],"floor_reached":22,"language":"ENG","playtime":844,"items_purged":["Strike_G"],"score":361,"play_id":"0b677d24-8b7f-4b16-83b5-7f58beba8bca","local_time":"20210119194950","is_ascension_mode":true,"campfire_choices":[{"data":"Deadly Poison","floor":6.0,"key":"SMITH"},{"data":"Poisoned Stab","floor":8.0,"key":"SMITH"},{"floor":10.0,"key":"REST"},{"floor":15.0,"key":"REST"}],"circlet_count":0,"master_deck":["AscendersBane","Strike_G","Strike_G","Strike_G","Strike_G","Defend_G","Defend_G","Defend_G","Defend_G","Defend_G+1","Survivor+1","Neutralize","Deadly Poison+1","Poisoned Stab+1","Dagger Throw","Predator","Burst","Riddle With Holes"],"relics":["Velvet Choker","Strawberry","Sundial","Anchor","Akabeko","Golden Idol","Snecko Eye","Membership Card"],"acts_visited":["Exordium","TheCity"],"potions_floor_usage":[22],"damage_taken":[{"damage":6.0,"enemies":"Jaw Worm","floor":1.0,"turns":4.0},{"damage":7.0,"enemies":"Small Slimes","floor":5.0,"turns":4.0},{"damage":0.0,"enemies":"2 Louse","floor":7.0,"turns":3.0},{"damage":10.0,"enemies":"Lagavulin","floor":11.0,"turns":4.0},{"damage":32.0,"enemies":"3 Sentries","floor":13.0,"turns":9.0},{"damage":17.0,"enemies":"Hexaghost","floor":16.0,"turns":10.0},{"damage":6.0,"enemies":"Chosen","floor":18.0,"turns":5.0},{"damage":0.0,"enemies":"2 Thieves","floor":21.0,"turns":4.0},{"damage":0,"enemies":"Snake Plant","floor":22,"turns":1}],"seed_played":"3488456550386070294","potions_obtained":[{"floor":7.0,"key":"DistilledChaos"},{"floor":11.0,"key":"Weak Potion"}],"is_trial":false,"path_per_floor":["M","$","?","?","M","R","M","R","T","R","E","?","E","?","R","B",null,"M","?","$","M","M"],"character_chosen":"THE_SILENT","items_purchased":["Poisoned Stab","Membership Card","SteroidPotion","AttackPotion"],"campfire_rested":2,"item_purchase_floors":[2,20,20,20],"current_hp_per_floor":[53,53,33,29,22,22,22,22,22,43,33,33,1,1,20,3,50,44,44,44,44,44,44],"gold":25,"neow_bonus":"BOSS_RELIC","is_daily":false,"chose_seed":false,"campfire_upgraded":2,"win_rate":0.0,"timestamp":1611107390,"path_taken":["M","$","?","?","M","R","M","R","T","R","E","?","E","?","R","BOSS","M","?","$","M","?"],"items_purchased_type":["Card","Relic","Potion","Potion"],"build_version":"2020-12-22","purchased_purges":1,"victory":false,"max_hp_per_floor":[66,66,66,73,73,73,73,73,73,73,73,73,73,66,66,66,66,66,66,66,66,66,66],"relic_stats":{"counters":[9,44],"Sundial":[6],"Golden Idol":26,"Snecko Eye":[15,26,13,18],"obtain_stats":[{"Anchor":11,"Sundial":9,"Golden Idol":14,"Strawberry":4,"Velvet Choker":0,"Snecko Eye":17,"Membership Card":20,"Akabeko":13,"Ring of the Snake":0},{"Anchor":4,"Sundial":3,"Golden Idol":5,"Strawberry":1,"Velvet Choker":0,"Snecko Eye":6,"Membership Card":7,"Akabeko":5,"Ring of the Snake":0},{"Anchor":15,"Sundial":11,"Golden Idol":24,"Strawberry":4,"Velvet Choker":0,"Snecko Eye":34,"Membership Card":39,"Akabeko":24,"Ring of the Snake":0}]},"card_choices":[{"not_picked":["Bane","Calculated Gamble"],"picked":"Deadly Poison","floor":1.0},{"not_picked":["Outmaneuver","Deadly Poison","Calculated Gamble"],"picked":"SKIP","floor":5.0},{"not_picked":["Slice","Outmaneuver"],"picked":"Dagger Throw","floor":7.0},{"not_picked":["Storm of Steel","Quick Slash","Sucker Punch"],"picked":"SKIP","floor":11.0},{"not_picked":["Dagger Throw","Sucker Punch"],"picked":"Predator","floor":13.0},{"not_picked":["A Thousand Cuts","Bullet Time"],"picked":"Burst","floor":16.0},{"not_picked":["Deflect","Dagger Throw","Backflip"],"picked":"SKIP","floor":18.0},{"not_picked":["Bane","Endless Agony"],"picked":"Riddle With Holes","floor":21.0}],"player_experience":1099722,"relics_obtained":[{"floor":9.0,"key":"Sundial"},{"floor":11.0,"key":"Anchor"},{"floor":13.0,"key":"Akabeko"}],"event_choices":[{"damage_healed":0.0,"max_hp_gain":0.0,"max_hp_loss":0.0,"gold_gain":0.0,"event_name":"Shining Light","player_choice":"Entered Light","floor":3.0,"gold_loss":0.0,"damage_taken":20.0,"cards_upgraded":["Defend_G","Survivor"]},{"damage_healed":0.0,"max_hp_gain":0.0,"max_hp_loss":0.0,"gold_gain":0.0,"event_name":"Scrap Ooze","player_choice":"Success","floor":4.0,"gold_loss":0.0,"damage_taken":11.0,"relics_obtained":["Strawberry"]},{"damage_healed":0.0,"max_hp_gain":0.0,"max_hp_loss":0.0,"gold_gain":0.0,"event_name":"World of Goop","player_choice":"Left Gold","floor":12.0,"gold_loss":41.0,"damage_taken":0.0},{"damage_healed":0.0,"max_hp_gain":0.0,"max_hp_loss":7.0,"gold_gain":0.0,"event_name":"Golden Idol","player_choice":"Lose Max HP","floor":14.0,"gold_loss":0.0,"damage_taken":0.0,"relics_obtained":["Golden Idol"]},{"damage_healed":0.0,"max_hp_gain":0.0,"max_hp_loss":0.0,"gold_gain":100.0,"event_name":"The Joust","player_choice":"Bet on Murderer","floor":19.0,"gold_loss":50.0,"damage_taken":0.0}],"is_beta":false,"boss_relics":[{"not_picked":["Empty Cage","Busted Crown"],"picked":"Snecko Eye"}],"items_purged_floors":[20],"is_endless":false,"potions_floor_spawned":[7,11],"killed_by":"Snake Plant","ascension_level":18}}