{"host":"18wi9kpcl4eah7pe","time":1611119650,"event":{"mods":["BaseMod","Colored Powertips","Downfall","Minty Spire (QoL Compilation)","StSLib"],"gold_per_floor":[99,109,209,219,219,129,183,13,30,61,72,72,89,105,117,117,117,117],"floor_reached":16,"language":"ENG","playtime":740,"items_purged":["downfall:Malfunctioning"],"score":114,"play_id":"14dd0fc8-2190-4821-8125-97d5f503c782","local_time":"20210119231410","is_ascension_mode":true,"campfire_choices":[{"floor":1,"key":"RECALL"},{"floor":12,"key":"REST"}],"circlet_count":0,"master_deck":["bronze:Strike","bronze:Strike","bronze:Strike+1","bronze:Strike","bronze:Defend","bronze:Defend+1","bronze:Defend","bronze:Defend+1","bronze:Replicate","bronze:Goto","bronze:MaxOutput","bronze:Separator","bronze:Branch","bronze:Frontload","bronze:ItsAFeature","bronze:FollowUp","bronze:Fortify","bronze:BuggyMess","bronze:Deprecate","bronze:Invalidate"],"relics":["bronze:BronzeCore","PreservedInsect","Blood Vial","Regal Pillow","Bottled Tornado"],"acts_visited":["Exordium"],"potions_floor_usage":[10,11,16],"damage_taken":[{"damage":6,"enemies":"Jaw Worm","floor":2,"turns":4},{"damage":10,"enemies":"Small Slimes","floor":4,"turns":3},{"damage":5,"enemies":"downfall:FleeingMerchant","floor":6,"turns":4},{"damage":2,"enemies":"downfall:FleeingMerchant","floor":8,"turns":4},{"damage":2,"enemies":"Cultist","floor":9,"turns":4},{"damage":24,"enemies":"Lagavulin","floor":10,"turns":6},{"damage":12,"enemies":"3 Louse","floor":11,"turns":3},{"damage":10,"enemies":"Large Slime","floor":13,"turns":5},{"damage":5,"enemies":"Blue Slaver","floor":14,"turns":3},{"damage":5,"enemies":"2 Fungi Beasts","floor":15,"turns":4},{"damage":41,"enemies":"WA_ARCHETYPE_RETAIN","floor":16,"turns":10}],"seed_played":"2368864774747174014","potions_obtained":[{"floor":2,"key":"SteroidPotion"},{"floor":4,"key":"Explosive Potion"},{"floor":11,"key":"GamblersBrew"},{"floor":13,"key":"Explosive Potion"},{"floor":14,"key":"bronze:FreeFunctionsPotion"}],"is_trial":false,"path_per_floor":["R","M","?","M","?","$","T","$","M","E","M","R","M","M","M","B"],"character_chosen":"THE_AUTOMATON","items_purchased":["Regal Pillow"],"campfire_rested":1,"item_purchase_floors":[8],"current_hp_per_floor":[70,64,64,54,54,49,49,49,49,27,17,53,45,42,39,0,0,0],"gold":117,"neow_bonus":"RANDOM_COMMON_RELIC","is_daily":false,"chose_seed":false,"campfire_upgraded":0,"win_rate":0.0,"timestamp":1611119650,"path_taken":["R","M","?","M","?","$","T","?","M","E","M","R","M","?","M","BOSS"],"items_purchased_type":["Relic"],"build_version":"2020-12-22","purchased_purges":1,"victory":false,"max_hp_per_floor":[70,70,70,70,70,70,70,70,70,70,70,70,70,70,70,70,70,70],"card_choices":[{"not_picked":["bronze:DelayedSlice","bronze:BugBarrage"],"picked":"bronze:MaxOutput","floor":2},{"not_picked":["bronze:ForceShield","bronze:BuggyMess"],"picked":"bronze:Separator","floor":4},{"not_picked":["bronze:Overheat","bronze:Shield"],"picked":"bronze:Branch","floor":6},{"not_picked":["bronze:Separator","bronze:OilSpill"],"picked":"bronze:Frontload","floor":8},{"not_picked":["bronze:Philosophize","bronze:BronzeOrb"],"picked":"bronze:ItsAFeature","floor":9},{"not_picked":["bronze:Iterate","bronze:WildBeam"],"picked":"bronze:FollowUp","floor":10},{"not_picked":["bronze:BronzeArmor","bronze:ClassDefault"],"picked":"bronze:Fortify","floor":11},{"not_picked":["bronze:Overheat","bronze:Break"],"picked":"bronze:BuggyMess","floor":13},{"not_picked":["bronze:BitShift","bronze:BugBarrage"],"picked":"bronze:Deprecate","floor":14},{"not_picked":["bronze:Shield","bronze:ClassDefault"],"picked":"bronze:Invalidate","floor":15}],"player_experience":925774,"relics_obtained":[{"floor":7,"key":"Blood Vial"},{"floor":10,"key":"Bottled Tornado"}],"event_choices":[],"is_beta":false,"boss_relics":[],"items_purged_floors":[6],"is_endless":false,"potions_floor_spawned":[2,4,11,13,14],"killed_by":"WA_ARCHETYPE_RETAIN","ascension_level":2}}