{"host":"xp5rvh2jwe2ejyfm","time":1611165239,"event":{"mods":["BaseMod","Downfall","Hermit","Minty Spire (QoL Compilation)","Robot Space Explorer","StSLib","The Clintock","The Construct","The Cursed","The Disciple","The Forsaken","The Hierophant","The Runesmith"],"gold_per_floor":[99,99,118,118,128,162,162,62,73,248,248,278,78,109,121,121,121,121],"floor_reached":16,"language":"ENG","playtime":670,"items_purged":[],"score":118,"play_id":"51a35777-b11a-4c63-8e39-ed28f47cb05b","local_time":"20210120125359","is_ascension_mode":false,"campfire_choices":[{"floor":1,"key":"RECALL"},{"data":"Slimebound:Split","floor":8,"key":"SMITH"},{"data":"Slimebound:LeechEnergy","floor":13,"key":"SMITH"}],"circlet_count":0,"master_deck":["Slimebound:Strike_Slimebound","Slimebound:Strike_Slimebound","Slimebound:Tackle","Slimebound:Defend_Slimebound","Slimebound:Defend_Slimebound","Slimebound:Defend_Slimebound","Slimebound:Defend_Slimebound","Slimebound:Split+1","Slimebound:CorrosiveSpit","Slimebound:Repurpose","Slimebound:SplitLeeching","Slimebound:SamplingLick","Slimebound:LeechEnergy+1","Slimebound:SamplingLick","Doubt","Slimebound:LeechingTouch","Slimebound:LevelUp","Slimebound:MegaLick"],"relics":["Slimebound:AbsorbEndCombat","Kunai","downfall:HeartBlessingRed","downfall:BrokenWingStatue","PreservedInsect","downfall:HeartBlessingGreen","downfall:HeartBlessingBlue","Question Card"],"acts_visited":["Exordium"],"potions_floor_usage":[12,12,14],"damage_taken":[{"damage":7,"enemies":"Small Slimes","floor":3,"turns":4},{"damage":2,"enemies":"2 Louse","floor":5,"turns":3},{"damage":20,"enemies":"3 Sentries","floor":6,"turns":8},{"damage":0,"enemies":"Cultist","floor":9,"turns":3},{"damage":22,"enemies":"Lagavulin","floor":12,"turns":7},{"damage":21,"enemies":"Gremlin Nob","floor":14,"turns":3},{"damage":0,"enemies":"Exordium Thugs","floor":15,"turns":6},{"damage":46,"enemies":"IC_STATUS_ARCHETYPE","floor":16,"turns":8}],"seed_played":"-4582040675237709972","potions_obtained":[{"floor":3,"key":"FearPotion"},{"floor":5,"key":"Swift Potion"},{"floor":9,"key":"DuplicationPotion"}],"is_trial":false,"path_per_floor":["R","?","M","?","M","E","T","R","M","?","?","E","R","E","M","B"],"character_chosen":"SLIMEBOUND","items_purchased":[],"campfire_rested":0,"item_purchase_floors":[],"current_hp_per_floor":[65,65,60,60,58,40,40,40,44,44,44,30,40,23,27,0,0,0],"gold":121,"neow_bonus":"THREE_CARDS","is_daily":false,"chose_seed":false,"campfire_upgraded":2,"win_rate":0.0,"timestamp":1611165239,"path_taken":["R","?","M","?","M","E","T","R","M","?","?","E","R","E","M","BOSS"],"items_purchased_type":[],"build_version":"2020-12-22","purchased_purges":0,"victory":false,"max_hp_per_floor":[65,65,65,65,65,65,65,65,65,65,65,65,75,75,75,75,75,75],"card_choices":[{"not_picked":["Slimebound:SlimeSpikes","Slimebound:Equalize"],"picked":"Slimebound:Repurpose","floor":0},{"not_picked":["Slimebound:Equalize","Slimebound:SlimeTap"],"picked":"Slimebound:SplitLeeching","floor":3},{"not_picked":["Slimebound:LeadByExample","Slimebound:PressTheAttack"],"picked":"Slimebound:SamplingLick","floor":5},{"not_picked":["Slimebound:BestDefense","Slimebound:FinishingTackle"],"picked":"Slimebound:LeechEnergy","floor":6},{"not_picked":["Slimebound:Grow","Slimebound:SplitMire"],"picked":"Slimebound:SamplingLick","floor":9},{"not_picked":["Slimebound:SplitMire","Slimebound:LeechEnergy"],"picked":"Slimebound:LeechingTouch","floor":12},{"not_picked":["Slimebound:LeechLife","Slimebound:DivideAndConquer"],"picked":"Slimebound:LevelUp","floor":14},{"not_picked":["Slimebound:FinishingTackle","Slimebound:ComboTackle","Slimebound:RollThrough"],"picked":"Slimebound:MegaLick","floor":15}],"player_experience":263710,"relics_obtained":[{"floor":6,"key":"Kunai"},{"floor":12,"key":"PreservedInsect"},{"floor":14,"key":"Question Card"}],"event_choices":[],"is_beta":false,"boss_relics":[],"items_purged_floors":[],"is_endless":false,"potions_floor_spawned":[3,5,9],"killed_by":"IC_STATUS_ARCHETYPE","ascension_level":0}}