{"host":"6drv1qzpbnls60z2","time":1611153029,"event":{"mods":["ATMod(°¢èªMod)","Act Like it!","Arknights The Spire","BaseMod","Hallownest","Luminous","Minty Spire (QoL Compilation)","Reimu£¨²©ÀöÁéÃÎ£©","Replay The Spire","Shop Mod","Spicy Shops","StSLib","TheWitcher","Uncapped","¡¾ÒÅÎï¿¨ÅÆ¡¿REMEMod","²ÐÁôÖ®Îï","óô»ðÖ¸ÄÏ"],"gold_per_floor":[113,52,68,86,106,106,138,152,175,175,189,189,199,199,199],"floor_reached":14,"language":"ZHS","playtime":903,"items_purged":[],"score":288,"play_id":"b2f4ca5b-29e4-4109-bb95-4747bc1ddd64","local_time":"20210120223029","daily_mods":["SealedDeck"],"is_ascension_mode":true,"campfire_choices":[{"data":"AT_KneejerkReflex","floor":6,"key":"SMITH"},{"floor":12,"key":"REST"}],"circlet_count":0,"master_deck":["AscendersBane","AT_KneejerkReflex+1","PlaceholderMod:AbsorbTouch","PlaceholderMod:StrongAcid","PlaceholderMod:DiffusionChemical","CareerPray:ReiMu","Gathering:ReiMu","ats:Assault Order","ats:Shell Defense","PlaceholderMod:HardStinger","PlaceholderMod:CycleAttack","ats:Composite Medical Shells","PlaceholderMod:TriggerStrike","PlaceholderMod:Stable","Luminous:Light_Wash_Luminous+1","Luminous:Light_Glare","PlaceholderMod:StrongAcid","PlaceholderMod:NearChange","PlaceholderMod:EvolutionSpray","PlaceholderMod:BlastSpray+1","Luminous:Light_Ray_of_Redemption","PlaceholderMod:HardStinger"],"relics":["ats:Sanity","AT_ATBox","REME_ComplimentaryCards","ats:Originium","Golden Egg","Toy Ornithopter"],"acts_visited":["Exordium"],"potions_floor_usage":[11,13],"damage_taken":[{"damage":0,"enemies":"Cultist","floor":1,"turns":3},{"damage":17,"enemies":"2 Louse","floor":3,"turns":3},{"damage":7,"enemies":"Jaw Worm","floor":4,"turns":3},{"damage":25,"enemies":"Gremlin Gang","floor":5,"turns":3},{"damage":3,"enemies":"Lagavulin","floor":7,"turns":5},{"damage":11,"enemies":"Looter","floor":8,"turns":3},{"damage":0,"enemies":"Lots of Slimes","floor":11,"turns":2},{"damage":25,"enemies":"Large Slime","floor":13,"turns":5},{"damage":20,"enemies":"3 Sentries","floor":14,"turns":2}],"seed_played":"-4600360864615348379","potions_obtained":[{"floor":4,"key":"FearPotion"},{"floor":5,"key":"PowerPotion"},{"floor":13,"key":"ZuzhouPotion:ReiMu"}],"is_trial":true,"path_per_floor":["M","$","M","M","M","R","E","M","T","?","M","R","M","E"],"character_chosen":"DOCTOR_CLASS","items_purchased":["Luminous:Light_Wash_Luminous+1"],"campfire_rested":1,"item_purchase_floors":[2],"current_hp_per_floor":[67,67,50,45,20,20,17,6,6,1,6,27,12,0,0],"gold":199,"neow_bonus":"","is_daily":false,"chose_seed":false,"campfire_upgraded":1,"win_rate":0.0,"timestamp":1611153029,"path_taken":["M","$","M","?","M","R","E","M","T","?","M","R","M","E"],"items_purchased_type":["Card"],"build_version":"2020-12-22","purchased_purges":0,"victory":false,"max_hp_per_floor":[72,72,72,72,72,72,72,72,72,72,72,72,72,72,72],"card_choices":[{"not_picked":["Luminous:Balance_Death_Scythe","Intuition:ReiMu"],"picked":"PlaceholderMod:Stable","floor":1},{"not_picked":["PlaceholderMod:Sweep","SafetyPray:ReiMu"],"picked":"Luminous:Light_Glare","floor":3},{"not_picked":["Conquer:ReiMu","ats:Powerful Strike"],"picked":"PlaceholderMod:StrongAcid","floor":4},{"not_picked":["Luminous:Mana_Well_Luminous","PlaceholderMod:DissolvingSpikes"],"picked":"PlaceholderMod:NearChange","floor":5},{"not_picked":["SpreadBorder2:ReiMu","PlaceholderMod:Sweep"],"picked":"PlaceholderMod:EvolutionSpray","floor":7},{"not_picked":["AirStrike:ReiMu","ats:Leaping Hammer"],"picked":"PlaceholderMod:BlastSpray","floor":8},{"not_picked":["Luminous:Dark_Arcane_Pitch","Luminous:Magic_Boost_Luminous"],"picked":"Luminous:Light_Ray_of_Redemption","floor":11},{"not_picked":["ats:Childhood Dance","NineCharacters:ReiMu"],"picked":"PlaceholderMod:HardStinger","floor":13}],"player_experience":91973,"relics_obtained":[{"floor":7,"key":"ats:Originium"},{"floor":7,"key":"Golden Egg"},{"floor":9,"key":"Toy Ornithopter"}],"event_choices":[{"damage_healed":0,"gold_gain":0,"player_choice":"Fled","damage_taken":5,"max_hp_gain":0,"max_hp_loss":0,"event_name":"Scrap Ooze","floor":10,"gold_loss":0}],"is_beta":false,"boss_relics":[],"items_purged_floors":[],"is_endless":true,"potions_floor_spawned":[4,5,8,13],"killed_by":"3 Sentries","ascension_level":20}}