{"host":"5rw0nun05olx0r44","time":1611126071,"event":{"mods":["AchievementEnabler","BaseMod","Colored Map","Colored Powertips","Downfall","Highlight Path","Minty Spire (QoL Compilation)","Permanent Neow","Quick Restart","Shop Mod","StSLib"],"gold_per_floor":[369,369,16,16,40,79,100,100,127,127,145,74,94,107,107,233,233,249,249,249,22,37,80,80,99,125,139,139,179,8,0,0,124,124,137,137,152,152,220,220,234,234,234,234,278,19,19,82,82,82,82,82,9,49,49,49],"floor_reached":55,"language":"ENG","playtime":3988,"items_purged":["Shame","Strike_R","Strike_R"],"score":781,"play_id":"e55ab1d9-0536-4509-8cb0-1d8857956ca8","local_time":"20210120010111","is_ascension_mode":false,"campfire_choices":[{"data":"Armaments","floor":8.0,"key":"SMITH"},{"floor":10.0,"key":"REST"},{"data":"Demon Form","floor":15.0,"key":"SMITH"},{"floor":24.0,"key":"REST"},{"data":"Entrench","floor":28.0,"key":"SMITH"},{"floor":32.0,"key":"RECALL"},{"floor":40.0,"key":"REST"},{"floor":42.0,"key":"REST"},{"floor":44.0,"key":"REST"},{"floor":47.0,"key":"REST"},{"floor":49.0,"key":"REST"},{"floor":52.0,"key":"REST"}],"circlet_count":0,"master_deck":["Strike_R","Strike_R","Defend_R","Defend_R","Defend_R","Defend_R","Bash","Iron Wave","Entrench+1","Sword Boomerang","Armaments+1","Demon Form+1","Warcry","Metallicize","Iron Wave","Reaper","J.A.X.","Intimidate","Anger+1","Armaments+1","Iron Wave","Flame Barrier","Thunderclap","Heavy Blade","Clothesline","Metallicize"],"relics":["Burning Blood","Golden Idol","Vajra","Anchor","Pen Nib","Busted Crown","Membership Card","Bag of Marbles","Akabeko","Blood Vial","The Courier","Tiny Chest","Orrery","Fusion Hammer","Mango","Paper Frog","Centennial Puzzle","Mercury Hourglass","Strawberry","Thread and Needle","Kunai"],"acts_visited":["Exordium","TheCity","TheBeyond","TheEnding"],"potions_floor_usage":[55],"damage_taken":[{"damage":14.0,"enemies":"Jaw Worm","floor":1.0,"turns":5.0},{"damage":1.0,"enemies":"Cultist","floor":5.0,"turns":3.0},{"damage":10.0,"enemies":"Gremlin Nob","floor":6.0,"turns":3.0},{"damage":0.0,"enemies":"2 Louse","floor":7.0,"turns":2.0},{"damage":2.0,"enemies":"Blue Slaver","floor":11.0,"turns":5.0},{"damage":0.0,"enemies":"Exordium Wildlife","floor":13.0,"turns":3.0},{"damage":0.0,"enemies":"3 Louse","floor":14.0,"turns":4.0},{"damage":9.0,"enemies":"Slime Boss","floor":16.0,"turns":6.0},{"damage":11.0,"enemies":"Spheric Guardian","floor":18.0,"turns":5.0},{"damage":9.0,"enemies":"Shell Parasite","floor":22.0,"turns":5.0},{"damage":53.0,"enemies":"Slavers","floor":23.0,"turns":8.0},{"damage":17.0,"enemies":"Snecko","floor":25.0,"turns":4.0},{"damage":20.0,"enemies":"Chosen and Byrds","floor":27.0,"turns":7.0},{"damage":11.0,"enemies":"Book of Stabbing","floor":29.0,"turns":5.0},{"damage":95.0,"enemies":"Collector","floor":33.0,"turns":9.0},{"damage":3.0,"enemies":"3 Darklings","floor":35.0,"turns":5.0},{"damage":0.0,"enemies":"Orb Walker","floor":37.0,"turns":4.0},{"damage":103.0,"enemies":"2 Orb Walkers","floor":39.0,"turns":7.0},{"damage":37.0,"enemies":"Spire Growth","floor":41.0,"turns":5.0},{"damage":69.0,"enemies":"Nemesis","floor":45.0,"turns":7.0},{"damage":3.0,"enemies":"Mind Bloom Boss Battle","floor":48.0,"turns":5.0},{"damage":19.0,"enemies":"Time Eater","floor":50.0,"turns":8.0},{"damage":20.0,"enemies":"Shield and Spear","floor":54.0,"turns":6.0},{"damage":196,"enemies":"The Heart","floor":55,"turns":8}],"seed_played":"1574479486874424810","potions_obtained":[{"floor":1.0,"key":"PowerPotion"},{"floor":7.0,"key":"Strength Potion"},{"floor":11.0,"key":"FearPotion"},{"floor":23.0,"key":"SpeedPotion"},{"floor":25.0,"key":"BloodPotion"},{"floor":33.0,"key":"BlessingOfTheForge"},{"floor":36.0,"key":"Fruit Juice"},{"floor":36.0,"key":"ElixirPotion"},{"floor":36.0,"key":"FairyPotion"},{"floor":37.0,"key":"EntropicBrew"},{"floor":48.0,"key":"Swift Potion"},{"floor":54.0,"key":"SteroidPotion"}],"is_trial":false,"path_per_floor":["M","?","$","?","M","E","M","R","T","R","M","$","M","M","R","B",null,"M","?","?","$","M","E","R","M","T","M","R","E","$","?","R","B",null,"M","?","M","T","?","R","M","R","T","R","E","$","R","?","R","B",null,"R","$","E","B"],"character_chosen":"IRONCLAD","items_purchased":["Vajra","Entrench","Fire Potion","Weak Potion","Metallicize","Membership Card","Bag of Marbles","Tiny Chest","Orrery","Fruit Juice","Mercury Hourglass","Strawberry","Energy Potion","SteroidPotion","Metallicize"],"campfire_rested":8,"item_purchase_floors":[3,3,3,3,12,21,21,30,30,46,46,46,53,53,53],"current_hp_per_floor":[72,52,52,52,57,53,59,59,59,80,80,80,80,80,80,77,80,75,75,75,75,80,48,72,80,80,66,66,80,80,80,80,63,80,80,85,85,85,25,54,32,61,61,90,36,48,81,102,111,98,111,111,111,97,0,0],"gold":49,"neow_bonus":"TWO_FIFTY_GOLD","is_daily":false,"chose_seed":false,"campfire_upgraded":3,"win_rate":0.0,"timestamp":1611126071,"path_taken":["M","?","$","?","?","E","M","R","T","R","M","$","M","M","R","BOSS","M","?","?","$","M","E","R","M","T","M","R","E","?","?","R","BOSS","M","?","?","?","?","R","M","R","T","R","E","$","R","?","R","BOSS","R","$","E","BOSS"],"items_purchased_type":["Relic","Card","Potion","Potion","Card","Relic","Relic","Relic","Relic","Potion","Relic","Relic","Potion","Potion","Card"],"build_version":"2020-12-22","purchased_purges":3,"victory":false,"max_hp_per_floor":[80,80,80,80,80,80,80,80,80,80,80,80,80,80,80,80,80,80,80,80,80,80,80,80,80,80,80,80,80,80,80,80,80,80,80,85,85,85,99,99,99,99,99,99,99,111,111,111,111,111,111,111,111,111,111,111],"card_choices":[{"not_picked":["Pommel Strike","Evolve"],"picked":"Iron Wave","floor":1.0},{"not_picked":["Headbutt","Pommel Strike"],"picked":"Sword Boomerang","floor":5.0},{"not_picked":["Sever Soul","Perfected Strike"],"picked":"Armaments","floor":6.0},{"not_picked":["Havoc","Armaments"],"picked":"Demon Form","floor":7.0},{"not_picked":["Twin Strike","Feel No Pain"],"picked":"Warcry","floor":11.0},{"not_picked":["Warcry","Pommel Strike","Twin Strike"],"picked":"SKIP","floor":13.0},{"not_picked":["Shrug It Off","Twin Strike"],"picked":"Iron Wave","floor":14.0},{"not_picked":["Exhume","Demon Form"],"picked":"Reaper","floor":16.0},{"not_picked":["Feel No Pain"],"picked":"SKIP","floor":18.0},{"not_picked":[],"picked":"Intimidate","floor":22.0},{"not_picked":["Armaments"],"picked":"SKIP","floor":23.0},{"not_picked":[],"picked":"Anger+1","floor":25.0},{"not_picked":[],"picked":"Armaments+1","floor":27.0},{"not_picked":[],"picked":"Iron Wave","floor":29.0},{"not_picked":[],"picked":"Flame Barrier","floor":30.0},{"not_picked":[],"picked":"Thunderclap","floor":30.0},{"not_picked":["Feel No Pain"],"picked":"SKIP","floor":35.0},{"not_picked":["True Grit"],"picked":"SKIP","floor":37.0},{"not_picked":[],"picked":"Heavy Blade","floor":39.0},{"not_picked":[],"picked":"Clothesline","floor":41.0},{"not_picked":["Reckless Charge+1"],"picked":"SKIP","floor":45.0},{"not_picked":["Wild Strike+1"],"picked":"SKIP","floor":54.0}],"player_experience":113695,"relics_obtained":[{"floor":6.0,"key":"Anchor"},{"floor":9.0,"key":"Pen Nib"},{"floor":23.0,"key":"Akabeko"},{"floor":26.0,"key":"Blood Vial"},{"floor":29.0,"key":"The Courier"},{"floor":39.0,"key":"Mango"},{"floor":43.0,"key":"Paper Frog"},{"floor":45.0,"key":"Centennial Puzzle"},{"floor":48.0,"key":"Thread and Needle"},{"floor":54.0,"key":"Kunai"}],"event_choices":[{"damage_healed":0.0,"max_hp_gain":0.0,"max_hp_loss":0.0,"gold_gain":0.0,"event_name":"Golden Idol","player_choice":"Take Damage","floor":2.0,"gold_loss":0.0,"damage_taken":20.0,"relics_obtained":["Golden Idol"]},{"cards_removed":["Strike_R"],"damage_healed":0.0,"max_hp_gain":0.0,"max_hp_loss":0.0,"gold_gain":0.0,"event_name":"Purifier","player_choice":"Purged","floor":4.0,"gold_loss":0.0,"damage_taken":0.0},{"damage_healed":0.0,"max_hp_gain":0.0,"max_hp_loss":0.0,"gold_gain":0.0,"event_name":"Drug Dealer","player_choice":"Obtain J.A.X.","floor":19.0,"gold_loss":0.0,"damage_taken":0.0,"cards_obtained":["J.A.X."]},{"damage_healed":0.0,"max_hp_gain":0.0,"max_hp_loss":0.0,"gold_gain":0.0,"event_name":"Beggar","player_choice":"Ignored","floor":20.0,"gold_loss":0.0,"damage_taken":0.0},{"damage_healed":0.0,"max_hp_gain":0.0,"max_hp_loss":0.0,"gold_gain":0.0,"event_name":"Masked Bandits","player_choice":"Paid Fearfully","floor":31.0,"gold_loss":8.0,"damage_taken":0.0},{"damage_healed":0.0,"max_hp_gain":0.0,"max_hp_loss":0.0,"gold_gain":0.0,"event_name":"Lab","player_choice":"Got Potions","floor":36.0,"gold_loss":0.0,"damage_taken":0.0},{"damage_healed":0.0,"max_hp_gain":0.0,"max_hp_loss":0.0,"gold_gain":0.0,"event_name":"Mysterious Sphere","player_choice":"Fight","floor":39.0,"gold_loss":0.0,"damage_taken":0.0},{"damage_healed":0.0,"max_hp_gain":0.0,"max_hp_loss":0.0,"gold_gain":0.0,"event_name":"MindBloom","player_choice":"Fight","floor":48.0,"gold_loss":0.0,"damage_taken":0.0}],"is_beta":false,"boss_relics":[{"not_picked":["SacredBark","Runic Dome"],"picked":"Busted Crown"},{"not_picked":["Sozu","Coffee Dripper"],"picked":"Fusion Hammer"}],"items_purged_floors":[3,30,46],"is_endless":false,"potions_floor_spawned":[1,7,11,23,25,33,37,48,54],"killed_by":"The Heart","ascension_level":0}}