{"host":"3498uni0c31c9bdm","time":1611121553,"event":{"mods":["BaseMod","Better Third Choice","Minty Spire (QoL Compilation)","Replay The Spire","StSLib"],"gold_per_floor":[210,210,228,228,241,241,39,39,39,74,87,98,98,112,112,112,112],"floor_reached":16,"language":"ENG","playtime":599,"items_purged":[],"score":133,"play_id":"08141d0a-6361-4ed9-b4cf-f8095143369f","local_time":"20210120164553","is_ascension_mode":true,"campfire_choices":[{"floor":6,"key":"RECALL"},{"data":"Eruption","floor":8,"key":"SMITH"},{"floor":13,"key":"REST"},{"floor":15,"key":"REST"}],"circlet_count":0,"master_deck":["Strike_P+1","Strike_P+1","Strike_P+1","Strike_P","Defend_P","Defend_P","Defend_P","Defend_P","Eruption+1","Vigilance","Replay:ManipulateFuture","Replay:Battleflow","SignatureMove","PathToVictory","Ragnarok","CutThroughFate","BowlingBash","EmptyBody"],"relics":["PureWater","Strange Spoon","TeardropLocket","Whetstone"],"acts_visited":["Exordium"],"potions_floor_usage":[5,12,16],"damage_taken":[{"damage":0,"enemies":"Small Slimes","floor":1,"turns":2},{"damage":0,"enemies":"Jaw Worm","floor":3,"turns":4},{"damage":2,"enemies":"Cultist","floor":5,"turns":5},{"damage":44,"enemies":"3 Sentries","floor":10,"turns":11},{"damage":7,"enemies":"3 Louse","floor":11,"turns":3},{"damage":11,"enemies":"Exordium Wildlife","floor":12,"turns":2},{"damage":5,"enemies":"Gremlin Gang","floor":14,"turns":3},{"damage":38,"enemies":"Hexaghost","floor":16,"turns":9}],"seed_played":"-8976663322892883471","potions_obtained":[{"floor":3,"key":"Swift Potion"},{"floor":10,"key":"GamblersBrew"},{"floor":11,"key":"EssenceOfSteel"}],"is_trial":false,"path_per_floor":["M","?","M","T","M","R","$","R","T","E","M","M","R","M","R","B"],"character_chosen":"WATCHER","items_purchased":["Strange Spoon","PathToVictory"],"campfire_rested":2,"item_purchase_floors":[7,7],"current_hp_per_floor":[65,65,65,65,63,63,63,63,63,19,12,1,22,17,38,0,0],"gold":112,"neow_bonus":"HUNDRED_GOLD","is_daily":false,"chose_seed":false,"campfire_upgraded":1,"win_rate":0.0,"timestamp":1611121553,"path_taken":["M","?","M","?","M","R","$","R","T","E","M","M","R","?","R","BOSS"],"items_purchased_type":["Relic","Card"],"build_version":"2020-12-22","purchased_purges":0,"victory":false,"max_hp_per_floor":[72,72,72,72,72,72,72,72,72,72,72,72,72,72,72,72,72],"card_choices":[{"not_picked":["BattleHymn","Crescendo"],"picked":"Replay:ManipulateFuture","floor":1},{"not_picked":["Replay:ManipulateFuture","Replay:AtTheReady"],"picked":"Replay:Battleflow","floor":3},{"not_picked":["Evaluate","Brilliance"],"picked":"SignatureMove","floor":5},{"not_picked":["Indignation","CrushJoints"],"picked":"Ragnarok","floor":10},{"not_picked":["JustLucky","Vengeance"],"picked":"CutThroughFate","floor":11},{"not_picked":["FlyingSleeves","Crescendo"],"picked":"BowlingBash","floor":12},{"not_picked":["ThirdEye","JustLucky"],"picked":"EmptyBody","floor":14}],"player_experience":722653,"relics_obtained":[{"floor":9,"key":"TeardropLocket"},{"floor":10,"key":"Whetstone"}],"event_choices":[],"is_beta":false,"boss_relics":[],"items_purged_floors":[],"is_endless":false,"potions_floor_spawned":[3,10,11],"killed_by":"Hexaghost","ascension_level":6}}