{"host":"9u9ci7gr6x9ja244","time":1611124623,"event":{"mods":["BaseMod","Downfall","Minty Spire (QoL Compilation)","StSLib"],"gold_per_floor":[99,116,135,235,255,131,131,149,149,149,149],"floor_reached":9,"language":"ZHS","playtime":395,"items_purged":["champ:Strike"],"score":78,"play_id":"ba0ff514-504c-452c-9c5e-e94d7705ef55","local_time":"20210120143703","is_ascension_mode":false,"campfire_choices":[{"data":"champ:Taunt","floor":1,"key":"SMITH"}],"circlet_count":0,"master_deck":["champ:Strike","champ:Strike","champ:Strike","champ:Defend","champ:Defend","champ:Defend","champ:Defend","champ:Execute","champ:Taunt+1","champ:FaceSlap","champ:ArenaPreparation","champ:TornadoPunch","champ:CalledShot","champ:ShieldWall"],"relics":["champ:ChampionCrown","Mango"],"acts_visited":["Exordium"],"potions_floor_usage":[9],"damage_taken":[{"damage":16,"enemies":"Jaw Worm","floor":2,"turns":5},{"damage":16,"enemies":"Cultist","floor":3,"turns":3},{"damage":40,"enemies":"Small Slimes","floor":5,"turns":3},{"damage":40,"enemies":"downfall:FleeingMerchant","floor":6,"turns":4},{"damage":20,"enemies":"3 Louse","floor":8,"turns":3},{"damage":90,"enemies":"Gremlin Nob","floor":9,"turns":5}],"seed_played":"3029121806136348518","potions_obtained":[{"floor":5,"key":"DistilledChaos"},{"floor":8,"key":"CultistPotion"}],"is_trial":false,"path_per_floor":["R","M","M","?","M","$","T","M","E"],"character_chosen":"THE_CHAMP","items_purchased":["champ:ShieldWall"],"campfire_rested":0,"item_purchase_floors":[6],"current_hp_per_floor":[99,93,87,87,72,62,76,76,0,0,0],"gold":149,"neow_bonus":"TEN_PERCENT_HP_BONUS","is_daily":false,"chose_seed":false,"campfire_upgraded":1,"win_rate":0.0,"timestamp":1611124623,"path_taken":["R","M","M","?","M","$","T","?","E"],"items_purchased_type":["Card"],"build_version":"2020-12-22","purchased_purges":1,"victory":false,"max_hp_per_floor":[99,99,99,99,99,99,113,113,113,113,113],"card_choices":[{"not_picked":["champ:FanOfKnives","champ:ShieldSlam"],"picked":"champ:FaceSlap","floor":2},{"not_picked":["champ:EnGarde","champ:BladeFlurry"],"picked":"champ:ArenaPreparation","floor":3},{"not_picked":["champ:Encircle","champ:EnragedBash"],"picked":"champ:TornadoPunch","floor":5},{"not_picked":["champ:SkillfulDodge","champ:BladeFlurry"],"picked":"champ:CalledShot","floor":6},{"not_picked":["champ:BringItOn","champ:Backstep","champ:DefensiveShout"],"picked":"SKIP","floor":8}],"player_experience":292402,"relics_obtained":[{"floor":7,"key":"Mango"}],"event_choices":[],"is_beta":false,"boss_relics":[],"items_purged_floors":[6],"is_endless":false,"potions_floor_spawned":[5,8],"killed_by":"Gremlin Nob","ascension_level":0}}