{"host":"iphsb0ccnjx0pfn6","time":1611121904,"event":{"mods":["2.2 Compatiblity","AchievementEnabler","BaseMod","Colored Map","DeckTracker","Keyboard Shortcuts","Minty Spire (QoL Compilation)","Permanent Neow","Quick Restart","Relic Stats","StSLib","SuperFastMode","Uncapped","everything is the same but u backflip on backflip"],"gold_per_floor":[112,125,200,68,68,112,126,126,152,152,102,135,2,2,2,2,2],"floor_reached":16,"language":"KOR","playtime":438,"items_purged":["Strike_B","Strike_B","Defend_B"],"score":212,"play_id":"653e2c37-e18e-4380-a5d2-22d2915abc1c","local_time":"20210120145144","is_ascension_mode":true,"campfire_choices":[{"data":"Defragment","floor":8.0,"key":"SMITH"},{"floor":15.0,"key":"REST"}],"circlet_count":0,"master_deck":["AscendersBane","Strike_B","Strike_B","Defend_B","Defend_B","Defend_B","Zap","Dualcast","Defragment+1","Capacitor","Cold Snap","Chaos+1","White Noise"],"relics":["Cracked Core","Juzu Bracelet","Golden Idol","Smiling Mask","Centennial Puzzle","Potion Belt"],"acts_visited":["Exordium"],"potions_floor_usage":[],"damage_taken":[{"damage":4.0,"enemies":"2 Louse","floor":1.0,"turns":2.0},{"damage":20.0,"enemies":"Small Slimes","floor":2.0,"turns":4.0},{"damage":10.0,"enemies":"Lagavulin","floor":6.0,"turns":9.0},{"damage":4.0,"enemies":"Jaw Worm","floor":7.0,"turns":3.0},{"damage":37.0,"enemies":"3 Sentries","floor":12.0,"turns":15.0},{"damage":25,"enemies":"Slime Boss","floor":16,"turns":6}],"seed_played":"3357004375176925269","potions_obtained":[{"floor":1.0,"key":"Fruit Juice"},{"floor":2.0,"key":"Dexterity Potion"},{"floor":12.0,"key":"PowerPotion"}],"is_trial":false,"path_per_floor":["M","M","?","$","?","E","M","R","T","?","$","E","$","?","R","B"],"character_chosen":"DEFECT","items_purchased":["Cold Snap","White Noise"],"campfire_rested":1,"item_purchase_floors":[4,13],"current_hp_per_floor":[60,40,29,29,29,19,15,15,15,36,36,4,4,4,24,0,0],"gold":2,"neow_bonus":"RANDOM_COMMON_RELIC","is_daily":false,"chose_seed":false,"campfire_upgraded":1,"win_rate":0.0,"timestamp":1611121904,"path_taken":["M","M","?","$","?","E","M","R","T","?","?","E","$","?","R","BOSS"],"items_purchased_type":["Card","Card"],"build_version":"2020-12-22","purchased_purges":3,"victory":false,"max_hp_per_floor":[71,71,71,71,64,64,64,64,64,64,64,69,69,69,69,69,69],"relic_stats":{"Centennial Puzzle":[6],"counters":[6,39],"Golden Idol":19,"Juzu Bracelet":0,"Smiling Mask":125,"obtain_stats":[{"Potion Belt":12,"Centennial Puzzle":9,"Golden Idol":5,"Juzu Bracelet":0,"Cracked Core":0,"Smiling Mask":6},{"Potion Belt":5,"Centennial Puzzle":4,"Golden Idol":2,"Juzu Bracelet":0,"Cracked Core":0,"Smiling Mask":3},{"Potion Belt":33,"Centennial Puzzle":18,"Golden Idol":6,"Juzu Bracelet":0,"Cracked Core":0,"Smiling Mask":15}]},"card_choices":[{"not_picked":["Sunder","Conserve Battery"],"picked":"Defragment","floor":1.0},{"not_picked":["Sweeping Beam","Stack"],"picked":"Capacitor","floor":2.0},{"not_picked":["Reprogram","Streamline","Steam"],"picked":"SKIP","floor":6.0},{"not_picked":["Conserve Battery","Double Energy"],"picked":"Chaos","floor":7.0},{"not_picked":["Rebound","Gash","Capacitor"],"picked":"SKIP","floor":12.0}],"player_experience":1269302,"relics_obtained":[{"floor":6.0,"key":"Smiling Mask"},{"floor":9.0,"key":"Centennial Puzzle"},{"floor":12.0,"key":"Potion Belt"}],"event_choices":[{"damage_healed":0.0,"max_hp_gain":0.0,"max_hp_loss":0.0,"gold_gain":75.0,"event_name":"World of Goop","player_choice":"Gather Gold","floor":3.0,"gold_loss":0.0,"damage_taken":11.0},{"damage_healed":0.0,"max_hp_gain":0.0,"max_hp_loss":7.0,"gold_gain":0.0,"event_name":"Golden Idol","player_choice":"Lose Max HP","floor":5.0,"gold_loss":0.0,"damage_taken":0.0,"relics_obtained":["Golden Idol"]},{"damage_healed":21.0,"max_hp_gain":0.0,"max_hp_loss":0.0,"gold_gain":0.0,"event_name":"Big Fish","player_choice":"Banana","floor":10.0,"gold_loss":0.0,"damage_taken":0.0},{"damage_healed":0.0,"max_hp_gain":0.0,"max_hp_loss":0.0,"gold_gain":0.0,"event_name":"Living Wall","player_choice":"Grow","floor":14.0,"gold_loss":0.0,"damage_taken":0.0,"cards_upgraded":["Chaos"]}],"is_beta":false,"boss_relics":[],"items_purged_floors":[4,11,13],"is_endless":false,"potions_floor_spawned":[1,2,12],"killed_by":"Slime Boss","ascension_level":20}}