{"host":"j7au2ovow4c9pz79","time":1611170092,"event":{"mods":["AchievementEnabler","BaseMod","Better Third Choice","BetterRewards","Colored Powertips","Defuse TimeMaze Blight","Energized Spire","Googly Eyes","Hubris","Infinite Spire","Minty Spire (QoL Compilation)","Quick Restart","Replay The Spire","Spicy Shops","StSLib","SuperFastMode","Transform Curses"],"gold_per_floor":[114,114,128,140,154,154,166,166,191,205,205,205,205,205,205,205,205],"floor_reached":16,"language":"ENG","playtime":376,"items_purged":[],"score":92,"play_id":"b9ef8e58-0488-4d67-b7bd-59782200705c","local_time":"20210120201452","is_ascension_mode":false,"campfire_choices":[{"data":"Survivor","floor":6,"key":"SMITH"},{"data":"Eviscerate","floor":8,"key":"SMITH"},{"data":"Underhanded Strike","floor":13,"key":"SMITH"},{"floor":15,"key":"RECALL"}],"circlet_count":0,"master_deck":["Strike_G","Strike_G","Strike_G","Strike_G","Strike_G","Defend_G","Defend_G","Defend_G","Defend_G","Defend_G","Underhanded Strike","Underhanded Strike","Eviscerate+1","Bouncing Flask+1","Poisoned Stab","Underhanded Strike+1","Leap+1","Beam Cell"],"relics":["Ring of the Snake","NeowsBlessing","Blood Vial"],"acts_visited":["Exordium"],"potions_floor_usage":[5,7],"damage_taken":[{"damage":0,"enemies":"Small Slimes","floor":1,"turns":1},{"damage":0,"enemies":"Cultist","floor":3,"turns":1},{"damage":0,"enemies":"Jaw Worm","floor":4,"turns":1},{"damage":1,"enemies":"Exordium Thugs","floor":5,"turns":4},{"damage":13,"enemies":"Large Slime","floor":7,"turns":5},{"damage":8,"enemies":"3 Louse","floor":10,"turns":4},{"damage":66,"enemies":"Fading Forest","floor":16,"turns":7}],"seed_played":"-6862194475569855258","potions_obtained":[{"floor":4,"key":"Explosive Potion"},{"floor":5,"key":"Poison Potion"}],"is_trial":false,"path_per_floor":["M","?","M","M","M","R","M","R","T","M","?","$","R","?","R","B"],"character_chosen":"THE_SILENT","items_purchased":[],"campfire_rested":0,"item_purchase_floors":[],"current_hp_per_floor":[70,70,70,70,69,69,56,56,56,50,50,50,50,50,50,0,0],"gold":205,"neow_bonus":"THREE_ENEMY_KILL","is_daily":false,"chose_seed":false,"campfire_upgraded":3,"win_rate":0.0,"timestamp":1611170092,"path_taken":["M","?","M","?","M","R","M","R","T","M","?","?","R","?","R","BOSS"],"items_purchased_type":[],"build_version":"2020-12-22","purchased_purges":0,"victory":false,"max_hp_per_floor":[70,70,70,70,70,70,70,70,70,70,70,70,70,70,70,70,70],"card_choices":[{"not_picked":["hubris:SlightOfHand","ReplayTheSpireMod:Speed Training"],"picked":"Underhanded Strike","floor":1},{"not_picked":["ReplayTheSpireMod:Speed Training","Heel Hook"],"picked":"Underhanded Strike","floor":3},{"not_picked":["Dagger Throw","All Out Attack"],"picked":"Eviscerate","floor":4},{"not_picked":["Slice","Poisoned Stab"],"picked":"Bouncing Flask","floor":5},{"not_picked":["hubris:TrickCloak","Replay:Poison Smokescreen"],"picked":"Poisoned Stab","floor":7},{"not_picked":["Deflect","Infinite Blades"],"picked":"Underhanded Strike","floor":10}],"player_experience":1889173,"relics_obtained":[{"floor":9,"key":"Blood Vial"}],"event_choices":[{"damage_healed":0,"gold_gain":0,"player_choice":"Ignored","damage_taken":0,"max_hp_gain":0,"max_hp_loss":0,"event_name":"Transmorgrifier","floor":2,"gold_loss":0}],"is_beta":false,"boss_relics":[],"items_purged_floors":[],"is_endless":false,"potions_floor_spawned":[4,5],"killed_by":"Fading Forest","ascension_level":0}}