{"host":"0j49nvi4cbm626s8","time":1611146948,"event":{"mods":["AchievementEnabler","BaseMod","Highlight Path","Marisa????????","Minty Spire (QoL Compilation)"],"gold_per_floor":[119,119,133,149,74,74,102,102,102,102,121,156,156,173,173,248,248,248,9,0,0,0,0,0,0,0,0,0,0,0,0,0,0,0,0,0,0,0,0],"floor_reached":38,"language":"ENG","playtime":1500,"items_purged":["Strike_MRS"],"score":765,"play_id":"5fd5d486-76a5-4ddc-be78-7a6001bc5605","local_time":"20210120134908","is_ascension_mode":true,"campfire_choices":[{"data":"MilkyWay","floor":6,"key":"SMITH"},{"data":"MagicChant","floor":8,"key":"SMITH"},{"data":"GalacticHalo","floor":10,"key":"SMITH"},{"floor":13,"key":"REST"},{"data":"EnergyFlow","floor":15,"key":"SMITH"},{"data":"GalacticHalo","floor":23,"key":"SMITH"},{"floor":28,"key":"REST"},{"data":"OrrerysSun","floor":30,"key":"SMITH"},{"data":"RefractionSpark","floor":32,"key":"SMITH"}],"circlet_count":0,"master_deck":["AscendersBane","Strike_MRS+1","Strike_MRS+1","Defend_MRS+1","Defend_MRS+1","Defend_MRS+1","Defend_MRS+1","MasterSpark","UpSweep","GalacticHalo+1","UnstableBomb","RefractionSpark+1","MilkyWay+1","RefractionSpark","MagicChant+1","EarthLightRay+1","EnergyFlow+1","GalacticHalo+1","UltimateShortwave","MagicAbsorber","PulseMagic","OrrerysSun+1","RefractionSpark"],"relics":["MiniHakkero","Blue Candle","Shuriken","Eternal Feather","Ectoplasm","Oddly Smooth Stone","HornCleat","Ancient Tea Set","Dream Catcher"],"acts_visited":["Exordium","TheCity","TheBeyond"],"potions_floor_usage":[7,16,18,25,38,38],"damage_taken":[{"damage":7,"enemies":"2 Louse","floor":1,"turns":3},{"damage":0,"enemies":"Cultist","floor":3,"turns":4},{"damage":8,"enemies":"Small Slimes","floor":4,"turns":5},{"damage":16,"enemies":"Lagavulin","floor":7,"turns":5},{"damage":6,"enemies":"Looter","floor":11,"turns":4},{"damage":23,"enemies":"3 Sentries","floor":12,"turns":6},{"damage":3,"enemies":"Blue Slaver","floor":14,"turns":4},{"damage":9,"enemies":"Slime Boss","floor":16,"turns":6},{"damage":24,"enemies":"3 Byrds","floor":18,"turns":6},{"damage":7,"enemies":"2 Thieves","floor":21,"turns":4},{"damage":32,"enemies":"Slavers","floor":25,"turns":5},{"damage":19,"enemies":"Snake Plant","floor":27,"turns":5},{"damage":54,"enemies":"Automaton","floor":33,"turns":10},{"damage":8,"enemies":"Orb Walker","floor":35,"turns":4},{"damage":42,"enemies":"3 Darklings","floor":37,"turns":7},{"damage":36,"enemies":"Transient","floor":38,"turns":4}],"seed_played":"-4493994736588327802","potions_obtained":[{"floor":4,"key":"DuplicationPotion"},{"floor":7,"key":"Weak Potion"},{"floor":12,"key":"SpeedPotion"},{"floor":16,"key":"ColorlessPotion"},{"floor":21,"key":"Swift Potion"},{"floor":27,"key":"SteroidPotion"}],"is_trial":false,"path_per_floor":["M","?","M","M","$","R","E","R","T","R","M","E","R","M","R","B",null,"M","$","?","M","?","R","?","E","T","M","R","$","R","T","R","B",null,"M","?","M","M"],"character_chosen":"MARISA","items_purchased":["Oddly Smooth Stone","PulseMagic"],"campfire_rested":2,"item_purchase_floors":[19,19],"current_hp_per_floor":[56,56,56,48,48,48,32,32,32,32,26,7,37,38,47,42,63,45,45,45,42,42,54,54,26,26,11,44,44,56,56,68,16,57,53,53,17,0,0],"gold":0,"neow_bonus":"THREE_CARDS","is_daily":false,"chose_seed":false,"campfire_upgraded":7,"win_rate":0.0,"timestamp":1611146948,"path_taken":["M","?","?","M","?","R","E","R","T","R","M","E","R","M","R","BOSS","M","$","?","M","?","R","?","E","T","M","R","$","R","?","R","BOSS","M","?","M","M"],"items_purchased_type":["Relic","Card"],"build_version":"2020-12-22","purchased_purges":1,"victory":false,"max_hp_per_floor":[70,70,70,70,70,70,70,70,70,70,70,70,70,70,70,70,70,70,70,70,70,70,70,70,70,70,70,70,70,70,70,70,70,70,70,70,70,70,70],"card_choices":[{"not_picked":["GravityBeat","DC"],"picked":"GalacticHalo","floor":0},{"not_picked":["SporeBomb","GrandCross"],"picked":"UnstableBomb","floor":1},{"not_picked":["DC","GravityBeat"],"picked":"MilkyWay","floor":3},{"not_picked":["AlicesGift","LuminesStrike"],"picked":"RefractionSpark","floor":4},{"not_picked":["StarlightTyphoon","ShootingEcho"],"picked":"MagicChant","floor":7},{"not_picked":["WitchLeyline","GalacticHalo"],"picked":"EarthLightRay","floor":11},{"not_picked":["Singularity","DarkMatter"],"picked":"EnergyFlow","floor":12},{"not_picked":["ShootTheMoon","ShootingEcho"],"picked":"GalacticHalo","floor":14},{"not_picked":["BinaryStars","SatelliteIllusion"],"picked":"UltimateShortwave","floor":16},{"not_picked":["GravityBeat","DoubleSpark"],"picked":"MagicAbsorber","floor":18},{"not_picked":["ChargingUp","Singularity","SporeBomb+1"],"picked":"SKIP","floor":21},{"not_picked":["SuperPerseids","DoubleSpark"],"picked":"OrrerysSun","floor":25},{"not_picked":["WitchOfGreed","WitchLeyline","GalacticHalo"],"picked":"SKIP","floor":27},{"not_picked":["MagicAbsorber","OpenUniverse"],"picked":"RefractionSpark","floor":35},{"not_picked":["AsteroidBelt","SprinkleStarSeal","MysteriousBeam+1"],"picked":"SKIP","floor":37}],"player_experience":256364,"relics_obtained":[{"floor":7,"key":"Blue Candle"},{"floor":9,"key":"Shuriken"},{"floor":12,"key":"Eternal Feather"},{"floor":25,"key":"HornCleat"},{"floor":26,"key":"Ancient Tea Set"},{"floor":31,"key":"Dream Catcher"}],"event_choices":[{"damage_healed":0,"gold_gain":0,"cards_transformed":["Strike_MRS"],"player_choice":"Transformed","damage_taken":0,"max_hp_gain":0,"max_hp_loss":0,"event_name":"Transmorgrifier","floor":2,"gold_loss":0,"cards_obtained":["RefractionSpark"]},{"damage_healed":0,"gold_gain":0,"player_choice":"Paid Fearfully","damage_taken":0,"max_hp_gain":0,"max_hp_loss":0,"event_name":"Masked Bandits","floor":20,"gold_loss":9},{"damage_healed":0,"gold_gain":0,"player_choice":"Simplicity","damage_taken":0,"max_hp_gain":0,"max_hp_loss":0,"event_name":"Back to Basics","floor":22,"gold_loss":0,"cards_upgraded":["Strike_MRS","Strike_MRS","Defend_MRS","Defend_MRS","Defend_MRS","Defend_MRS"]},{"damage_healed":0,"gold_gain":50,"player_choice":"Stole From Cult","damage_taken":0,"max_hp_gain":0,"max_hp_loss":0,"event_name":"Nest","floor":24,"gold_loss":0},{"damage_healed":0,"gold_gain":0,"player_choice":"Upgraded","damage_taken":0,"max_hp_gain":0,"max_hp_loss":0,"event_name":"Upgrade Shrine","floor":36,"gold_loss":0,"cards_upgraded":["EarthLightRay"]}],"is_beta":false,"boss_relics":[{"not_picked":["ExperimentalFamiliar","Pandora\u0027s Box"],"picked":"Ectoplasm"},{"not_picked":["Cursed Key","Fusion Hammer","Runic Dome"]}],"items_purged_floors":[5],"is_endless":false,"potions_floor_spawned":[4,7,12,14,16,21,27],"killed_by":"Transient","ascension_level":16}}