{"host":"33wh7cigx3w9wmym","time":1611107778,"event":{"mods":["AchievementEnabler","Act Like it!","BaseMod","Colored Map","Colored Powertips","Downfall","Friendly Minions","GifTheSpireLib","Minty Spire (QoL Compilation)","StSLib"],"gold_per_floor":[99,117,129,129,143,169,169,181,193,105,21,21,39,65,78,78,78,78],"floor_reached":16,"language":"ENG","playtime":689,"items_purged":[],"score":110,"play_id":"a2572817-c763-48b1-b9dc-281491dd2c9d","local_time":"20210119235618","is_ascension_mode":false,"campfire_choices":[{"floor":1.0,"key":"RECALL"},{"data":"bronze:Branch","floor":10.0,"key":"SMITH"}],"circlet_count":0,"master_deck":["bronze:Strike","bronze:Strike","bronze:Strike","bronze:Strike","bronze:Defend","bronze:Defend","bronze:Defend","bronze:Defend","bronze:Replicate","bronze:Goto","Flash of Steel","bronze:DelayedSlice+1","bronze:Branch+1","bronze:Branch","bronze:BurnOut","bronze:GetLatest+1","bronze:ItsAFeature+1","downfall:Malfunctioning","bronze:ChosenStrike","bronze:OilSpill"],"relics":["bronze:BronzeCore","Matryoshka","MawBank","Ginger","Strawberry","downfall:HeartBlessingRed","Bag of Preparation"],"acts_visited":["Exordium"],"potions_floor_usage":[16,16,16],"damage_taken":[{"damage":1.0,"enemies":"2 Louse","floor":2.0,"turns":3.0},{"damage":1.0,"enemies":"Cultist","floor":3.0,"turns":3.0},{"damage":0.0,"enemies":"Small Slimes","floor":5.0,"turns":2.0},{"damage":10.0,"enemies":"Gremlin Nob","floor":6.0,"turns":5.0},{"damage":2,"enemies":"downfall:FleeingMerchant","floor":11,"turns":4},{"damage":8,"enemies":"2 Fungi Beasts","floor":13,"turns":3},{"damage":8,"enemies":"Lagavulin","floor":14,"turns":6},{"damage":6,"enemies":"3 Louse","floor":15,"turns":2},{"damage":52,"enemies":"SI_SHIV_ARCHETYPE","floor":16,"turns":5}],"seed_played":"3694434945004724547","potions_obtained":[{"floor":3.0,"key":"ColorlessPotion"},{"floor":6.0,"key":"BlessingOfTheForge"},{"floor":14,"key":"AttackPotion"}],"is_trial":false,"path_per_floor":["R","M","M","?","M","E","T","?","?","R","$","?","M","E","M","B"],"character_chosen":"THE_AUTOMATON","items_purchased":["bronze:ItsAFeature"],"campfire_rested":0,"item_purchase_floors":[11],"current_hp_per_floor":[70,69,68,68,68,58,58,63,70,70,68,68,60,52,46,0,0,0],"gold":78,"neow_bonus":"RANDOM_COLORLESS","is_daily":false,"chose_seed":false,"campfire_upgraded":1,"win_rate":0.0,"timestamp":1611107778,"path_taken":["R","M","M","?","?","E","T","?","?","R","$","?","M","E","M","BOSS"],"items_purchased_type":["Card"],"build_version":"2020-12-22","purchased_purges":0,"victory":false,"max_hp_per_floor":[70,70,70,70,70,70,70,75,82,82,82,82,82,82,82,82,82,82],"card_choices":[{"not_picked":["Madness","Good Instincts"],"picked":"Flash of Steel","floor":0.0},{"not_picked":["bronze:GetLatest","bronze:Overload"],"picked":"bronze:DelayedSlice","floor":2.0},{"not_picked":["bronze:Philosophize","bronze:DarkDash"],"picked":"bronze:Branch","floor":3.0},{"not_picked":["bronze:Branch","bronze:Overheat","bronze:Deprecate"],"picked":"SKIP","floor":5.0},{"not_picked":["bronze:Overheat","bronze:Deprecate"],"picked":"bronze:Branch","floor":5.0},{"not_picked":["bronze:ChildClass","bronze:WildBeam"],"picked":"bronze:BurnOut","floor":6.0},{"not_picked":["bronze:DarkDash","bronze:Branch"],"picked":"bronze:GetLatest","floor":11},{"not_picked":["bronze:Overload","bronze:FineTuning","bronze:WhirlingStrike"],"picked":"SKIP","floor":13},{"not_picked":["bronze:Shield","bronze:RecursiveStrike"],"picked":"bronze:ChosenStrike","floor":14},{"not_picked":["bronze:DelayedGuard","bronze:BugBarrage"],"picked":"bronze:OilSpill","floor":15}],"player_experience":419066,"relics_obtained":[{"floor":6.0,"key":"Matryoshka"},{"floor":7.0,"key":"MawBank"},{"floor":7.0,"key":"Ginger"},{"floor":14,"key":"Bag of Preparation"}],"event_choices":[{"damage_healed":0.0,"max_hp_gain":0.0,"max_hp_loss":0.0,"gold_gain":0.0,"event_name":"NoteForYourself","player_choice":"Ignored","floor":4.0,"gold_loss":0.0,"damage_taken":0.0},{"damage_healed":0.0,"max_hp_gain":5.0,"max_hp_loss":0.0,"gold_gain":0.0,"event_name":"Big Fish","player_choice":"Donut","floor":8.0,"gold_loss":0.0,"damage_taken":0.0}],"is_beta":false,"boss_relics":[],"items_purged_floors":[],"is_endless":false,"potions_floor_spawned":[3,6,14],"killed_by":"SI_SHIV_ARCHETYPE","ascension_level":0}}