{"host":"15pfcaw18z4i9hxo","time":1611123719,"event":{"mods":["BaseMod","DeckTracker","GifTheSpireLib","KinomotoSakuraMod(ñÿîVñ{?)","Koishi","Mad Scientist","MarisaÅiñ∂âJÅ@ñÇóùçπÅj","Minty Spire (QoL Compilation)","StSLib","The Disciple","The Marked","The Mystic"],"gold_per_floor":[117,117,43,68,68,68,81,81,162,177,210,210,224,149,149,272,272,293,293,317,172,172,172,195,70,70,70,70],"floor_reached":27,"language":"JPN","playtime":2775,"items_purged":["MadScienceMod:Strike_MadScience","MadScienceMod:Bayonet","MadScienceMod:ExtractOil"],"score":201,"play_id":"ccb274a3-7e69-4249-a2eb-7ea0c5d35c04","local_time":"20210120152159","is_ascension_mode":false,"campfire_choices":[{"data":"MadScienceMod:CloneVats","floor":6,"key":"SMITH"},{"data":"MadScienceMod:HideBehindJunk","floor":8,"key":"SMITH"},{"data":"MadScienceMod:Bombardment","floor":12,"key":"SMITH"},{"data":"MadScienceMod:MinatureWeapons","floor":15,"key":"SMITH"},{"data":"MadScienceMod:Refuel","floor":23,"key":"SMITH"}],"circlet_count":0,"master_deck":["MadScienceMod:HideBehindJunk+1","MadScienceMod:CloneVats+1","MadScienceMod:MinatureWeapons+1","MadScienceMod:BandageBot","MadScienceMod:Bombardment+1","MadScienceMod:Assemble","MadScienceMod:Liquify","MadScienceMod:Bayonet+1","MadScienceMod:JunkLaser+1","MadScienceMod:ClockworkAssistant","MadScienceMod:Refuel+1","MadScienceMod:EnergyBarrier+1","MadScienceMod:EnergyBarrier"],"relics":["MadScienceMod:FuelTank","Golden Idol","InkBottle","Odd Mushroom","Pandora\u0027s Box","Whetstone"],"acts_visited":["Exordium","TheCity"],"potions_floor_usage":[11,16,27,27],"damage_taken":[{"damage":2,"enemies":"2 Louse","floor":1,"turns":3},{"damage":0,"enemies":"Jaw Worm","floor":4,"turns":4},{"damage":5,"enemies":"Small Slimes","floor":7,"turns":4},{"damage":6,"enemies":"3 Louse","floor":10,"turns":3},{"damage":9,"enemies":"The Mushroom Lair","floor":11,"turns":4},{"damage":21,"enemies":"Blue Slaver","floor":13,"turns":15},{"damage":90,"enemies":"Hexaghost","floor":16,"turns":21},{"damage":20,"enemies":"Spheric Guardian","floor":18,"turns":5},{"damage":17,"enemies":"3 Byrds","floor":20,"turns":3},{"damage":34,"enemies":"Sentry and Sphere","floor":24,"turns":9},{"damage":23,"enemies":"Book of Stabbing","floor":27,"turns":6}],"seed_played":"5772548942225196234","potions_obtained":[{"floor":1,"key":"DistilledChaos"},{"floor":11,"key":"Block Potion"},{"floor":20,"key":"GamblersBrew"},{"floor":24,"key":"DuplicationPotion"}],"is_trial":false,"path_per_floor":["M","?","$","M","?","R","M","R","T","M","?","R","M","$","R","B",null,"M","?","M","$","?","R","M","$","T","E"],"character_chosen":"MAD_SCIENTIST","items_purchased":["MadScienceMod:MinatureWeapons","MadScienceMod:EnergyBarrier"],"campfire_rested":0,"item_purchase_floors":[3,21],"current_hp_per_floor":[73,69,69,69,62,62,57,57,57,51,42,42,66,66,66,57,69,52,52,50,50,50,50,16,16,16,0,0],"gold":70,"neow_bonus":"ONE_RANDOM_RARE_CARD","is_daily":false,"chose_seed":false,"campfire_upgraded":5,"win_rate":0.0,"timestamp":1611123719,"path_taken":["M","?","$","M","?","R","M","R","T","M","?","R","M","?","R","BOSS","M","?","M","$","?","R","M","$","T","E"],"items_purchased_type":["Card","Card"],"build_version":"2020-12-22","purchased_purges":3,"victory":false,"max_hp_per_floor":[75,69,69,69,69,69,69,69,69,69,69,69,69,69,69,69,69,69,69,69,69,69,69,69,69,69,69,69],"card_choices":[{"not_picked":["MadScienceMod:BandageBot","MadScienceMod:GattlingGun"],"picked":"MadScienceMod:Bayonet","floor":1},{"not_picked":["MadScienceMod:AutoStrike","MadScienceMod:ShrinkRay","MadScienceMod:Sprocket"],"picked":"SKIP","floor":4},{"not_picked":["MadScienceMod:ParticleBeam","MadScienceMod:MechanicalClaw","MadScienceMod:ShrinkRay"],"picked":"SKIP","floor":7},{"not_picked":["MadScienceMod:SelfDestruct","MadScienceMod:Weaponize"],"picked":"MadScienceMod:BandageBot","floor":10},{"not_picked":["MadScienceMod:FlexibleSpear","MadScienceMod:Detonate"],"picked":"MadScienceMod:Bombardment","floor":11},{"not_picked":["MadScienceMod:AntimatterBomb","MadScienceMod:NowOrNever","MadScienceMod:Redesign"],"picked":"SKIP","floor":13},{"not_picked":["MadScienceMod:Generator","MadScienceMod:MechanicalSnecko"],"picked":"MadScienceMod:Assemble","floor":16},{"not_picked":["MadScienceMod:MechanicalClaw","MadScienceMod:TimeDilationField","MadScienceMod:NowOrNever"],"picked":"SKIP","floor":18},{"not_picked":["MadScienceMod:NowOrNever","MadScienceMod:Detonate"],"picked":"MadScienceMod:EnergyBarrier+1","floor":20},{"not_picked":["MadScienceMod:MechanicalClaw+1","MadScienceMod:AcidSpray","MadScienceMod:RadioactiveSword+1"],"picked":"SKIP","floor":24}],"player_experience":222279,"relics_obtained":[{"floor":9,"key":"InkBottle"},{"floor":11,"key":"Odd Mushroom"},{"floor":26,"key":"Whetstone"}],"event_choices":[{"damage_healed":0,"gold_gain":0,"player_choice":"Lose Max HP","damage_taken":0,"relics_obtained":["Golden Idol"],"max_hp_gain":0,"max_hp_loss":6,"event_name":"Golden Idol","floor":2,"gold_loss":0},{"cards_removed":["MadScienceMod:Strike_MadScience"],"damage_healed":0,"gold_gain":0,"player_choice":"Card Removal","damage_taken":7,"max_hp_gain":0,"max_hp_loss":0,"event_name":"Golden Wing","floor":5,"gold_loss":0},{"damage_healed":0,"gold_gain":0,"player_choice":"Fought Mushrooms","damage_taken":0,"max_hp_gain":0,"max_hp_loss":0,"event_name":"Mushrooms","floor":11,"gold_loss":0},{"damage_healed":0,"gold_gain":0,"player_choice":"Ignored","damage_taken":0,"max_hp_gain":0,"max_hp_loss":0,"event_name":"The Mausoleum","floor":19,"gold_loss":0},{"cards_removed":["MadScienceMod:PoweredStrike"],"damage_healed":0,"gold_gain":0,"player_choice":"Elegance","damage_taken":0,"max_hp_gain":0,"max_hp_loss":0,"event_name":"Back to Basics","floor":22,"gold_loss":0}],"is_beta":false,"boss_relics":[{"not_picked":["Tiny House","Philosopher\u0027s Stone"],"picked":"Pandora\u0027s Box"}],"items_purged_floors":[14,21,25],"is_endless":false,"potions_floor_spawned":[1,11,20,24],"killed_by":"Book of Stabbing","ascension_level":0}}