{"host":"vrsxkkch9ccrec7k","time":1611104502,"event":{"mods":["Act Like it!","BaseMod","Bestiary","Better Altar","Better Match","Better Note","Better Sensory Stone","Better Skull","Better Third Choice","Better Vampires","Downfall","Minty Spire (QoL Compilation)","Permanent Neow","Relic Stats","Spicy Shops","StSLib"],"gold_per_floor":[113,113,125,125,25,55,55,82,82,82,98,118,118,130,130,207,207,226,116,128,128,48,48,76,76,76,76,87,115,115,126,126,197,197,208,208,208,208,22,22,55,55,55,80,80,80],"floor_reached":45,"language":"ENG","playtime":2408,"items_purged":["Pain","Strike_B"],"score":994,"play_id":"ea046eeb-f01b-4b15-b739-d13098e54ab1","local_time":"20210119200142","is_ascension_mode":true,"campfire_choices":[{"floor":7,"key":"REST"},{"floor":13,"key":"REST"},{"data":"Defragment","floor":15,"key":"SMITH"},{"data":"Electrodynamics","floor":23,"key":"SMITH"},{"data":"Rainbow","floor":30,"key":"SMITH"},{"floor":32,"key":"REST"},{"data":"Seek","floor":40,"key":"SMITH"},{"data":"Defragment","floor":42,"key":"SMITH"}],"circlet_count":0,"master_deck":["AscendersBane","Defend_B+1","Defend_B","Defend_B+1","Zap","Dualcast","Loop","Streamline+1","Rebound","Sweeping Beam","Conserve Battery","Defragment+1","Electrodynamics+1","Cold Snap","Rainbow+1","Static Discharge","Bite","Bite","Stack","Seek+1","Defragment+1","Machine Learning","Loop"],"relics":["Cracked Core","WarpedTongs","The Courier","Regal Pillow","War Paint","Snecko Eye","Nloth\u0027s Gift","Du-Vu Doll","Pear","Orichalcum","Nuclear Battery","Lee\u0027s Waffle","Pocketwatch","Torii","Gambling Chip"],"acts_visited":["Exordium","TheCity","TheBeyond"],"potions_floor_usage":[6,8,16,33,41,45],"damage_taken":[{"damage":8,"enemies":"Small Slimes","floor":1,"turns":3},{"damage":4,"enemies":"Cultist","floor":3,"turns":4},{"damage":37,"enemies":"Gremlin Nob","floor":6,"turns":4},{"damage":21,"enemies":"3 Sentries","floor":8,"turns":5},{"damage":0,"enemies":"Jaw Worm","floor":11,"turns":3},{"damage":3,"enemies":"3 Louse","floor":12,"turns":3},{"damage":0,"enemies":"Exordium Wildlife","floor":14,"turns":2},{"damage":13,"enemies":"Hexaghost","floor":16,"turns":9},{"damage":0,"enemies":"3 Byrds","floor":18,"turns":2},{"damage":0,"enemies":"Spheric Guardian","floor":20,"turns":3},{"damage":0,"enemies":"Gremlin Leader","floor":24,"turns":4},{"damage":14,"enemies":"Centurion and Healer","floor":28,"turns":8},{"damage":36,"enemies":"Book of Stabbing","floor":29,"turns":4},{"damage":11,"enemies":"Chosen and Byrds","floor":31,"turns":5},{"damage":52,"enemies":"Automaton","floor":33,"turns":8},{"damage":27,"enemies":"3 Darklings","floor":35,"turns":3},{"damage":18,"enemies":"Reptomancer","floor":41,"turns":5},{"damage":10,"enemies":"Mind Bloom Boss Battle","floor":44,"turns":5},{"damage":63,"enemies":"Giant Head","floor":45,"turns":6}],"seed_played":"806267859871952257","potions_obtained":[{"floor":1,"key":"bronze:BurnAndBuffPotion"},{"floor":3,"key":"AttackPotion"},{"floor":14,"key":"SneckoOil"},{"floor":28,"key":"SteroidPotion"},{"floor":29,"key":"hexamod:SoulburnPotion"},{"floor":31,"key":"ColorlessPotion"},{"floor":41,"key":"Dexterity Potion"},{"floor":44,"key":"Slimebound:ThreeZeroPotion"}],"is_trial":false,"path_per_floor":["M","?","M","?","$","E","R","E","T","?","M","M","R","M","R","B",null,"M","?","M","?","$","R","E","?","T","?","M","E","R","M","R","B",null,"M","?","?","?","$","R","E","R","T","?","E"],"character_chosen":"DEFECT","items_purchased":["Rebound","Lee\u0027s Waffle","Defragment"],"campfire_rested":3,"item_purchase_floors":[5,39,39],"current_hp_per_floor":[56,56,52,52,52,15,36,15,15,15,15,12,48,48,48,35,62,62,62,62,62,62,62,62,62,72,72,69,38,38,29,65,20,59,34,34,34,34,75,75,60,60,60,52,0,0],"gold":80,"neow_bonus":"RANDOM_COMMON_RELIC","is_daily":false,"chose_seed":false,"campfire_upgraded":5,"win_rate":0.0,"timestamp":1611104502,"path_taken":["M","?","?","?","$","E","R","E","T","?","M","M","R","M","R","BOSS","M","?","?","?","?","R","E","?","T","?","?","E","R","M","R","BOSS","M","?","?","?","$","R","E","R","T","?","E"],"items_purchased_type":["Card","Relic","Card"],"build_version":"2020-12-22","purchased_purges":2,"victory":false,"max_hp_per_floor":[71,71,71,71,71,71,71,71,71,71,71,71,71,71,71,71,71,71,71,71,71,71,71,71,62,72,72,72,72,72,72,72,72,72,72,72,68,68,75,75,75,75,75,75,75,75],"relic_stats":{"Regal Pillow":30,"Lee\u0027s Waffle":41,"Torii":0,"counters":[19,85],"Gambling Chip":[6],"Snecko Eye":[106,87,90,108],"Nloth\u0027s Gift":2,"War Paint":["Defend_B","Defend_B"],"Orichalcum":[24],"obtain_stats":[{"Regal Pillow":8,"Lee\u0027s Waffle":39,"Pear":26,"Torii":43,"The Courier":6,"War Paint":9,"Orichalcum":29,"WarpedTongs":2,"Nuclear Battery":34,"Du-Vu Doll":24,"Anchor":0,"Gambling Chip":44,"Snecko Eye":17,"Nloth\u0027s Gift":21,"Cracked Core":0,"Pocketwatch":41},{"Regal Pillow":4,"Lee\u0027s Waffle":16,"Pear":11,"Torii":17,"The Courier":3,"War Paint":4,"Orichalcum":13,"WarpedTongs":1,"Nuclear Battery":15,"Du-Vu Doll":11,"Anchor":0,"Gambling Chip":18,"Snecko Eye":8,"Nloth\u0027s Gift":10,"Cracked Core":0,"Pocketwatch":17},{"Regal Pillow":15,"Lee\u0027s Waffle":69,"Pear":41,"Torii":74,"The Courier":11,"War Paint":15,"Orichalcum":53,"WarpedTongs":3,"Nuclear Battery":66,"Du-Vu Doll":41,"Anchor":0,"Gambling Chip":79,"Snecko Eye":32,"Nloth\u0027s Gift":37,"Cracked Core":0,"Pocketwatch":74}],"WarpedTongs":[82],"Pocketwatch":[8]},"card_choices":[{"not_picked":["Recycle","BootSequence"],"picked":"Loop","floor":1},{"not_picked":["Hologram","Redo"],"picked":"Streamline","floor":3},{"not_picked":["Gash","Steam"],"picked":"Sweeping Beam","floor":6},{"not_picked":["Leap","Beam Cell"],"picked":"Conserve Battery","floor":8},{"not_picked":["Gash","Doom and Gloom"],"picked":"Defragment","floor":11},{"not_picked":["Stack","Cold Snap"],"picked":"Electrodynamics","floor":12},{"not_picked":["Steam Power","Defragment"],"picked":"Cold Snap","floor":14},{"not_picked":["Buffer","All For One"],"picked":"Rainbow","floor":16},{"not_picked":["Streamline","Cold Snap","Rip and Tear+1"],"picked":"SKIP","floor":18},{"not_picked":["BootSequence+1","Turbo+1"],"picked":"Static Discharge","floor":20},{"not_picked":["Streamline","Ball Lightning","Doom and Gloom"],"picked":"SKIP","floor":24},{"not_picked":["Scrape","Conserve Battery+1","Streamline"],"picked":"SKIP","floor":28},{"not_picked":["Scrape+1","Melter"],"picked":"Stack","floor":29},{"not_picked":["Sweeping Beam","Chaos"],"picked":"Go for the Eyes","floor":31},{"not_picked":["Hyperbeam","Electrodynamics"],"picked":"Seek","floor":33},{"not_picked":["Ball Lightning+1","Streamline+1","Gash"],"picked":"SKIP","floor":35},{"not_picked":["Seek","Redo"],"picked":"Machine Learning","floor":41},{"not_picked":["Go for the Eyes","Aggregate"],"picked":"Loop","floor":44}],"player_experience":1632897,"relics_obtained":[{"floor":6,"key":"The Courier"},{"floor":8,"key":"Regal Pillow"},{"floor":9,"key":"War Paint"},{"floor":24,"key":"Du-Vu Doll"},{"floor":26,"key":"Pear"},{"floor":29,"key":"Orichalcum"},{"floor":41,"key":"Pocketwatch"},{"floor":43,"key":"Torii"},{"floor":44,"key":"Gambling Chip"}],"event_choices":[{"damage_healed":0,"gold_gain":0,"player_choice":"Rummage","damage_taken":0,"relics_obtained":["WarpedTongs"],"max_hp_gain":0,"max_hp_loss":0,"event_name":"Accursed Blacksmith","floor":2,"gold_loss":0,"cards_obtained":["Pain"]},{"damage_healed":0,"gold_gain":0,"player_choice":"Ignored","damage_taken":125,"max_hp_gain":0,"max_hp_loss":0,"event_name":"betterThird:BetterSerpent","floor":4,"gold_loss":0},{"damage_healed":0,"gold_gain":0,"player_choice":"Grow","damage_taken":0,"max_hp_gain":0,"max_hp_loss":0,"event_name":"Living Wall","floor":10,"gold_loss":0,"cards_upgraded":["Streamline"]},{"cards_removed":["Strike_B"],"damage_healed":0,"gold_gain":0,"player_choice":"Upgrade and Remove","damage_taken":0,"max_hp_gain":0,"max_hp_loss":0,"event_name":"Designer","floor":19,"gold_loss":110,"cards_upgraded":["Strike_B"]},{"damage_healed":0,"gold_gain":0,"player_choice":"Traded Relic","damage_taken":0,"relics_obtained":["Nloth\u0027s Gift"],"max_hp_gain":0,"max_hp_loss":0,"event_name":"N\u0027loth","floor":21,"relics_lost":["Anchor"],"gold_loss":0},{"damage_healed":0,"gold_gain":0,"player_choice":"Became a vampire","damage_taken":0,"max_hp_gain":0,"max_hp_loss":9,"event_name":"Vampires","floor":25,"gold_loss":0,"cards_obtained":["Bite","Bite"]},{"cards_removed":["Defend_B"],"damage_healed":0,"gold_gain":0,"player_choice":"Purged","damage_taken":0,"max_hp_gain":0,"max_hp_loss":0,"event_name":"Purifier","floor":27,"gold_loss":0},{"damage_healed":0,"gold_gain":0,"player_choice":"Ignored","damage_taken":0,"max_hp_gain":0,"max_hp_loss":0,"event_name":"Mysterious Sphere","floor":36,"gold_loss":0},{"damage_healed":0,"gold_gain":0,"player_choice":"Max HP","damage_taken":0,"max_hp_gain":0,"max_hp_loss":4,"event_name":"Winding Halls","floor":37,"gold_loss":0},{"cards_removed":["Go for the Eyes"],"damage_healed":0,"gold_gain":0,"player_choice":"Removed Attack","damage_taken":0,"max_hp_gain":0,"max_hp_loss":0,"event_name":"Falling","floor":38,"gold_loss":0},{"damage_healed":0,"gold_gain":0,"player_choice":"Fight","damage_taken":0,"max_hp_gain":0,"max_hp_loss":0,"event_name":"MindBloom","floor":44,"gold_loss":0}],"is_beta":false,"boss_relics":[{"not_picked":["SacredBark","Tiny House"],"picked":"Snecko Eye"},{"not_picked":["Astrolabe","expansioncontent:StudyCardRelic"],"picked":"Nuclear Battery"}],"items_purged_floors":[5,22],"is_endless":false,"potions_floor_spawned":[1,3,14,28,29,31,41,44],"killed_by":"Giant Head","ascension_level":18}}