{"host":"appz8zkad29u9482","time":1611185608,"event":{"mods":["2.2 Compatiblity","Act Like it!","Aspiration","BaseMod","Beaked The Cultist","Better Altar","Better Match","Better Note","Better Sensory Stone","Better Skull","Better Third Choice","BetterRewards","CapriCore","Chen","Conspire","Disable Question Mark Monsters","Energized Spire","Gensokyo","GifTheSpireLib","Gold Saver","Halation","Hermit","Hubris","Infinite Spire","Jedi Mod","Lobotomy","LobotomyExtend","Marisa????????","Minty Spire (QoL Compilation)","Permanent Neow","Reimu??????","Replay The Spire","Spicy Shops","StSLib","Strawberry Spire","Stuff the Spire","The Administrix","The Bug Knight","The Construct","The Cursed","The Hierophant","The Immortal","The Servant 0.9.4","yUi"],"gold_per_floor":[732,750,858,563,583,583,583],"floor_reached":6,"language":"ENG","playtime":273,"items_purged":[],"score":40,"play_id":"860adf0b-70ce-46f1-b364-cd976e8da2da","local_time":"20210120133328","is_ascension_mode":true,"campfire_choices":[],"circlet_count":0,"master_deck":["Strike_MRS","Strike_MRS","Strike_MRS","Strike_MRS","Defend_MRS","Defend_MRS","Defend_MRS","Defend_MRS","MasterSpark","UpSweep+1","Voices","MillisecondPulsars","GalacticHalo+1","LuminesStrike","WitchOfGreed","IllusionStar"],"relics":["MiniHakkero","aspiration:HiddenCompartment","infinitespire:BottledMercury"],"acts_visited":["Exordium"],"potions_floor_usage":[2],"damage_taken":[{"damage":7,"enemies":"2 Louse","floor":1,"turns":3},{"damage":9,"enemies":"infinitespire:Voidling","floor":2,"turns":4},{"damage":0,"enemies":"Jaw Worm","floor":5,"turns":2},{"damage":11,"enemies":"Gremlin Nob","floor":6,"turns":2}],"seed_played":"7678988174317798768","potions_obtained":[{"floor":1,"key":"Adrenaline Potion"}],"is_trial":false,"path_per_floor":["M","M","?","$","M","E"],"character_chosen":"MARISA","items_purchased":["WitchOfGreed","infinitespire:BottledMercury"],"campfire_rested":0,"item_purchase_floors":[4,4],"current_hp_per_floor":[68,59,11,11,11,0,0],"gold":583,"neow_bonus":"THREE_RARE_CARDS","is_daily":false,"chose_seed":false,"campfire_upgraded":0,"win_rate":0.0,"timestamp":1611185608,"path_taken":["M","M","?","$","?","E"],"items_purchased_type":["Card","Relic"],"build_version":"2020-12-22","purchased_purges":0,"victory":false,"max_hp_per_floor":[75,75,75,75,75,75,75],"card_choices":[{"not_picked":["StarDustReverie","ManaRampage"],"picked":"MillisecondPulsars","floor":0},{"not_picked":["MeteoricShower","DoubleSpark"],"picked":"GalacticHalo","floor":1},{"not_picked":["GravityBeat","MilkyWay"],"picked":"LuminesStrike","floor":2},{"not_picked":["GravityBeat","ShootingEcho"],"picked":"IllusionStar","floor":5}],"player_experience":574173,"relics_obtained":[],"event_choices":[{"damage_healed":0,"gold_gain":108,"player_choice":"GO RE UP UP ","damage_taken":55,"relics_obtained":["aspiration:HiddenCompartment"],"max_hp_gain":0,"max_hp_loss":0,"event_name":"betterSkull:BetterSkull","floor":3,"gold_loss":0,"cards_upgraded":["UpSweep","GalacticHalo"]}],"is_beta":false,"boss_relics":[],"items_purged_floors":[],"is_endless":false,"potions_floor_spawned":[1],"killed_by":"Gremlin Nob","ascension_level":2}}