{"host":"vyjryxuuuxkt43k4","time":1611140799,"event":{"mods":["AchievementEnabler","BaseMod","Colored Map","DeckTracker","Keyboard Shortcuts","Minty Spire (QoL Compilation)","Permanent Neow","Quick Restart","Rare Cards Sparkle","StSLib","SuperFastMode","everything is the same but u backflip on backflip"],"gold_per_floor":[117,135,135,60,60,60,89,89,114,132,147,147,161,186,186,265,265,284,312,331,331,83,83,138,138,162,180,193,208,123,137,137,210,210,227,227,102,102,102,102,147,147,173,185,211,258,270,316,328,340,340],"floor_reached":50,"language":"KOR","playtime":3991,"items_purged":["Pain","Strike_R","Strike_R"],"score":929,"play_id":"b3f901f0-17bf-48b7-b369-a7fcec6ec3cd","local_time":"20210120200639","is_ascension_mode":true,"campfire_choices":[{"data":"Armaments","floor":6.0,"key":"SMITH"},{"floor":15.0,"key":"REST"},{"floor":23.0,"key":"REST"},{"data":"Enlightenment","floor":25.0,"key":"SMITH"},{"floor":32.0,"key":"REST"},{"data":"Corruption","floor":40.0,"key":"SMITH"},{"floor":42.0,"key":"REST"},{"data":"Body Slam","floor":44.0,"key":"SMITH"},{"floor":49,"key":"RECALL"}],"circlet_count":0,"master_deck":["AscendersBane","Strike_R","Strike_R","Strike_R","Defend_R","Defend_R","Defend_R","Defend_R","Bash","Dropkick","Armaments+1","Uppercut+1","Double Tap","Body Slam+1","Wild Strike","Battle Trance","Demon Form","Fire Breathing","Entrench","Ghostly Armor","Second Wind","Enlightenment+1","Cleave+1","Blood for Blood","Corruption+1","Demon Form","Panacea","Flame Barrier","Warcry+1"],"relics":["Burning Blood","NeowsBlessing","WarpedTongs","Happy Flower","Regal Pillow","Bronze Scales","Vajra","Mercury Hourglass","Runic Pyramid","Red Mask","Red Skull","Orichalcum","SlaversCollar","Prayer Wheel","MawBank","Peace Pipe","Strawberry"],"acts_visited":["Exordium","TheCity","TheBeyond"],"potions_floor_usage":[48],"damage_taken":[{"damage":0.0,"enemies":"2 Louse","floor":1.0,"turns":1.0},{"damage":0.0,"enemies":"Cultist","floor":2.0,"turns":1.0},{"damage":0.0,"enemies":"3 Sentries","floor":7.0,"turns":2.0},{"damage":5.0,"enemies":"Small Slimes","floor":10.0,"turns":2.0},{"damage":26.0,"enemies":"Gremlin Gang","floor":11.0,"turns":3.0},{"damage":15.0,"enemies":"Exordium Wildlife","floor":13.0,"turns":2.0},{"damage":25.0,"enemies":"Lagavulin","floor":14.0,"turns":4.0},{"damage":28.0,"enemies":"Slime Boss","floor":16.0,"turns":5.0},{"damage":30.0,"enemies":"2 Thieves","floor":18.0,"turns":3.0},{"damage":37.0,"enemies":"Masked Bandits","floor":19.0,"turns":4.0},{"damage":0.0,"enemies":"Spheric Guardian","floor":20.0,"turns":3.0},{"damage":30.0,"enemies":"Snake Plant","floor":27.0,"turns":3.0},{"damage":8.0,"enemies":"Cultist and Chosen","floor":28.0,"turns":4.0},{"damage":0.0,"enemies":"Snecko","floor":29.0,"turns":2.0},{"damage":15.0,"enemies":"Centurion and Healer","floor":31.0,"turns":5.0},{"damage":54.0,"enemies":"Collector","floor":33.0,"turns":6.0},{"damage":17.0,"enemies":"3 Darklings","floor":35.0,"turns":5.0},{"damage":22.0,"enemies":"2 Orb Walkers","floor":41.0,"turns":4.0},{"damage":14.0,"enemies":"3 Shapes","floor":45.0,"turns":4.0},{"damage":35.0,"enemies":"Nemesis","floor":46.0,"turns":5.0},{"damage":19,"enemies":"Reptomancer","floor":48,"turns":7},{"damage":33,"enemies":"Donu and Deca","floor":50,"turns":3}],"seed_played":"-2744366637141119525","potions_obtained":[{"floor":1.0,"key":"ColorlessPotion"},{"floor":10.0,"key":"Swift Potion"},{"floor":11.0,"key":"SteroidPotion"},{"floor":14.0,"key":"ColorlessPotion"},{"floor":20.0,"key":"DuplicationPotion"},{"floor":28.0,"key":"SneckoOil"},{"floor":29.0,"key":"EssenceOfSteel"},{"floor":31.0,"key":"Swift Potion"},{"floor":45.0,"key":"SpeedPotion"}],"is_trial":false,"path_per_floor":["M","M","?","$","T","R","E","?","T","M","M","?","M","E","R","B",null,"M","?","M","?","$","R","T","R","T","M","M","M","?","M","R","B",null,"M","?","$","$","?","R","?","R","T","R","M","E","$","E","R","B"],"character_chosen":"IRONCLAD","items_purchased":["Enlightenment","BloodPotion"],"campfire_rested":4,"item_purchase_floors":[22,22],"current_hp_per_floor":[74,75,75,75,75,75,75,75,75,75,55,44,35,16,53,31,64,40,9,15,15,15,52,52,52,52,43,41,47,47,38,75,27,63,52,52,52,52,52,52,36,73,73,73,65,36,36,30,30,0,0],"gold":340,"neow_bonus":"THREE_ENEMY_KILL","is_daily":false,"chose_seed":false,"campfire_upgraded":4,"win_rate":0.0,"timestamp":1611140799,"path_taken":["M","M","?","$","?","R","E","?","T","?","M","?","M","E","R","BOSS","M","?","M","?","$","R","?","R","T","M","M","?","?","M","R","BOSS","M","?","?","$","?","R","?","R","T","R","M","E","$","E","R","BOSS"],"items_purchased_type":["Card","Potion"],"build_version":"2020-12-22","purchased_purges":3,"victory":false,"max_hp_per_floor":[75,75,75,75,75,75,75,75,75,75,75,75,75,75,75,75,75,75,75,75,75,75,75,75,75,75,75,75,75,75,75,75,75,75,75,75,75,75,75,75,75,75,75,75,75,75,75,82,82,82,82],"card_choices":[{"not_picked":["Hemokinesis","Heavy Blade"],"picked":"Dropkick","floor":1.0},{"not_picked":["Combust","Heavy Blade"],"picked":"Armaments","floor":2.0},{"not_picked":["Clash","Flame Barrier"],"picked":"Uppercut","floor":7.0},{"not_picked":["Iron Wave","Disarm"],"picked":"Double Tap","floor":10.0},{"not_picked":["Carnage","Spot Weakness"],"picked":"Body Slam","floor":11.0},{"not_picked":["Pommel Strike","Thunderclap"],"picked":"Wild Strike","floor":13.0},{"not_picked":["Havoc","Body Slam"],"picked":"Battle Trance","floor":14.0},{"not_picked":["Exhume","Brutality"],"picked":"Demon Form","floor":16.0},{"not_picked":["Flame Barrier","Entrench"],"picked":"Fire Breathing","floor":18.0},{"not_picked":["Perfected Strike","Heavy Blade"],"picked":"Entrench","floor":19.0},{"not_picked":["Sword Boomerang","Flex+1"],"picked":"Ghostly Armor","floor":20.0},{"not_picked":["Dropkick","Flex"],"picked":"Cleave+1","floor":27.0},{"not_picked":["Rage","Clash","Sword Boomerang"],"picked":"SKIP","floor":28.0},{"not_picked":["Heavy Blade","Clothesline","Infernal Blade"],"picked":"SKIP","floor":29.0},{"not_picked":["Inflame","Body Slam"],"picked":"Blood for Blood","floor":31.0},{"not_picked":["Immolate","Double Tap"],"picked":"Corruption","floor":33.0},{"not_picked":["Entrench","Armaments+1","Sword Boomerang"],"picked":"SKIP","floor":35.0},{"not_picked":["Sadistic Nature","Swift Strike"],"picked":"Panacea","floor":39.0},{"not_picked":["Wild Strike","Perfected Strike"],"picked":"Flame Barrier","floor":41.0},{"not_picked":["Perfected Strike","Armaments+1"],"picked":"Warcry+1","floor":45.0},{"not_picked":["Havoc","Headbutt","Pommel Strike+1"],"picked":"SKIP","floor":45.0},{"not_picked":["Clash","Double Tap","Inflame+1"],"picked":"SKIP","floor":46.0},{"not_picked":["Armaments","Rage","Twin Strike"],"picked":"SKIP","floor":48}],"player_experience":157564,"relics_obtained":[{"floor":5.0,"key":"Happy Flower"},{"floor":7.0,"key":"Regal Pillow"},{"floor":9.0,"key":"Bronze Scales"},{"floor":14.0,"key":"Mercury Hourglass"},{"floor":19.0,"key":"Red Mask"},{"floor":26.0,"key":"Red Skull"},{"floor":41.0,"key":"Prayer Wheel"},{"floor":43.0,"key":"MawBank"},{"floor":46.0,"key":"Peace Pipe"},{"floor":48,"key":"Strawberry"}],"event_choices":[{"damage_healed":0.0,"max_hp_gain":0.0,"max_hp_loss":0.0,"gold_gain":0.0,"event_name":"Accursed Blacksmith","player_choice":"Rummage","floor":3.0,"gold_loss":0.0,"damage_taken":0.0,"relics_obtained":["WarpedTongs"],"cards_obtained":["Pain"]},{"damage_healed":0.0,"max_hp_gain":0.0,"max_hp_loss":0.0,"gold_gain":0.0,"event_name":"Upgrade Shrine","player_choice":"Upgraded","floor":8.0,"gold_loss":0.0,"damage_taken":0.0,"cards_upgraded":["Uppercut"]},{"damage_healed":0.0,"max_hp_gain":0.0,"max_hp_loss":0.0,"gold_gain":0.0,"event_name":"Scrap Ooze","player_choice":"Success","floor":12.0,"gold_loss":0.0,"damage_taken":11.0,"relics_obtained":["Vajra"]},{"damage_healed":0.0,"max_hp_gain":0.0,"max_hp_loss":0.0,"gold_gain":0.0,"event_name":"Masked Bandits","player_choice":"Fought Bandits","floor":19.0,"gold_loss":0.0,"damage_taken":0.0},{"damage_healed":0.0,"max_hp_gain":0.0,"max_hp_loss":0.0,"gold_gain":0.0,"event_name":"The Library","player_choice":"Read","floor":21.0,"gold_loss":0.0,"damage_taken":0.0,"cards_obtained":["Second Wind"]},{"damage_healed":0.0,"max_hp_gain":0.0,"max_hp_loss":0.0,"gold_gain":0.0,"event_name":"Addict","player_choice":"Obtained Relic","floor":30.0,"gold_loss":85.0,"damage_taken":0.0,"relics_obtained":["Orichalcum"]},{"damage_healed":0.0,"max_hp_gain":0.0,"max_hp_loss":0.0,"gold_gain":0.0,"event_name":"Duplicator","player_choice":"Copied","floor":36.0,"gold_loss":0.0,"damage_taken":0.0,"cards_obtained":["Demon Form"]},{"damage_healed":0.0,"max_hp_gain":0.0,"max_hp_loss":0.0,"gold_gain":0.0,"event_name":"SensoryStone","player_choice":"Memory 1","floor":39.0,"gold_loss":0.0,"damage_taken":0.0},{"damage_healed":0.0,"max_hp_gain":0.0,"max_hp_loss":0.0,"gold_gain":0.0,"event_name":"Mysterious Sphere","player_choice":"Fight","floor":41.0,"gold_loss":0.0,"damage_taken":0.0}],"is_beta":false,"boss_relics":[{"not_picked":["Ectoplasm","Tiny House"],"picked":"Runic Pyramid"},{"not_picked":["Calling Bell","Coffee Dripper"],"picked":"SlaversCollar"}],"items_purged_floors":[4,22,37],"is_endless":false,"potions_floor_spawned":[1,10,11,14,20,28,29,31,45],"killed_by":"Donu and Deca","ascension_level":15}}