{"host":"usrgk25etjl0nf5i","time":1611123074,"event":{"mods":["2.2 Compatiblity","BaseMod","Downfall","Hubris","Minty Spire (QoL Compilation)","StSLib","SuperFastMode"],"gold_per_floor":[110,110,128,128,148,178,178,190,190,190,208,208,208,223,223,319,319,329,339,339,125,136,136,136],"floor_reached":23,"language":"ENG","playtime":865,"items_purged":[],"score":299,"play_id":"09b79457-c741-4127-b6a2-84ecb2b696d4","local_time":"20210119221114","is_ascension_mode":true,"campfire_choices":[{"data":"Hologram","floor":7,"key":"SMITH"},{"floor":10,"key":"REST"},{"floor":12,"key":"REST"},{"data":"Zap","floor":15,"key":"SMITH"}],"circlet_count":0,"master_deck":["AscendersBane","Strike_B","Strike_B","Strike_B","Strike_B","Defend_B","Defend_B","Defend_B","Defend_B","Zap+1","Dualcast","hubris:Ukulele","Hologram+1","Glacier","Hologram","hubris:Ukulele","Creative AI","Defragment"],"relics":["Cracked Core","hubris:ToyBattleship","Akabeko","Inserter","Lee\u0027s Waffle"],"acts_visited":["Exordium","TheCity"],"potions_floor_usage":[6,6,14,23],"damage_taken":[{"damage":5,"enemies":"2 Louse","floor":1,"turns":3},{"damage":3,"enemies":"Cultist","floor":3,"turns":3},{"damage":0,"enemies":"Small Slimes","floor":5,"turns":3},{"damage":35,"enemies":"Gremlin Nob","floor":6,"turns":3},{"damage":29,"enemies":"Exordium Thugs","floor":8,"turns":8},{"damage":12,"enemies":"Looter","floor":11,"turns":3},{"damage":6,"enemies":"Gremlin Gang","floor":14,"turns":7},{"damage":22,"enemies":"The Guardian","floor":16,"turns":11},{"damage":7,"enemies":"Chosen","floor":18,"turns":3},{"damage":16,"enemies":"Spheric Guardian","floor":19,"turns":4},{"damage":38,"enemies":"Centurion and Healer","floor":22,"turns":5},{"damage":61,"enemies":"Gremlin Leader","floor":23,"turns":7}],"seed_played":"-7230377496289725978","potions_obtained":[{"floor":1,"key":"PowerPotion"},{"floor":3,"key":"champ:CounterPotion"},{"floor":8,"key":"DistilledChaos"},{"floor":16,"key":"Dexterity Potion"}],"is_trial":false,"path_per_floor":["M","?","M","?","M","E","R","M","T","R","M","R","$","M","R","B",null,"M","M","?","$","M","E"],"character_chosen":"DEFECT","items_purchased":["Defragment","Lee\u0027s Waffle"],"campfire_rested":2,"item_purchase_floors":[21,21],"current_hp_per_floor":[70,70,67,67,67,32,32,3,3,27,15,39,39,33,33,11,64,57,41,41,89,51,0,0],"gold":136,"neow_bonus":"TEN_PERCENT_HP_BONUS","is_daily":false,"chose_seed":false,"campfire_upgraded":2,"win_rate":0.0,"timestamp":1611123074,"path_taken":["M","?","?","?","M","E","R","M","T","R","M","R","$","M","R","BOSS","M","M","?","?","?","E"],"items_purchased_type":["Card","Relic"],"build_version":"2020-12-22","purchased_purges":0,"victory":false,"max_hp_per_floor":[82,82,82,82,82,82,82,82,82,82,82,82,82,82,82,82,82,82,82,82,89,89,89,89],"card_choices":[{"not_picked":["Ball Lightning","White Noise"],"picked":"hubris:Ukulele","floor":1},{"not_picked":["Compile Driver","Darkness"],"picked":"Hologram","floor":3},{"not_picked":["Blizzard","Rebound","Cold Snap"],"picked":"SKIP","floor":5},{"not_picked":["Coolheaded","Chill"],"picked":"Glacier","floor":6},{"not_picked":["Rebound","Melter"],"picked":"Hologram","floor":8},{"not_picked":["Stack","Coolheaded"],"picked":"hubris:Ukulele","floor":11},{"not_picked":["Stack","Turbo","Fusion"],"picked":"SKIP","floor":14},{"not_picked":["Biased Cognition","Hyperbeam"],"picked":"Creative AI","floor":16},{"not_picked":["Beam Cell+1","Stack","Compile Driver+1"],"picked":"SKIP","floor":18},{"not_picked":["Hello World","Doom and Gloom+1","Scrape"],"picked":"SKIP","floor":19},{"not_picked":["Aggregate","Melter","Redo"],"picked":"SKIP","floor":22}],"player_experience":653824,"relics_obtained":[{"floor":6,"key":"hubris:ToyBattleship"},{"floor":9,"key":"Akabeko"}],"event_choices":[{"damage_healed":0,"gold_gain":0,"player_choice":"Cursed","damage_taken":0,"max_hp_gain":0,"max_hp_loss":0,"event_name":"Wheel of Change","floor":2,"gold_loss":0,"cards_obtained":["Decay"]},{"cards_removed":["Decay"],"damage_healed":0,"gold_gain":0,"player_choice":"Forget","damage_taken":0,"max_hp_gain":0,"max_hp_loss":0,"event_name":"Living Wall","floor":4,"gold_loss":0},{"damage_healed":0,"gold_gain":0,"player_choice":"Bought 0 Potions","damage_taken":0,"max_hp_gain":0,"max_hp_loss":0,"event_name":"The Woman in Blue","floor":20,"gold_loss":0}],"is_beta":false,"boss_relics":[{"not_picked":["Tiny House","Black Star"],"picked":"Inserter"}],"items_purged_floors":[],"is_endless":false,"potions_floor_spawned":[1,3,8,16],"killed_by":"Gremlin Leader","ascension_level":11}}