{"host":"sc0o2qwpf9j16a4i","time":1611168431,"event":{"mods":["AchievementEnabler","BaseMod","BetterRewards","Block Reminder","Colored Map","Colored Powertips","Custom Start","Highlight Path","Minty Spire (QoL Compilation)","Relic Stats"],"gold_per_floor":[118,134,114,132,24,24,49,64,64,75,75,87,114,114,114,191,191,201,2,15,15,25,25,51,51,75,107,107,118,134,153,153,227,227,241,45,62,62,76,107,107,132,132,143,173,173,191,222,222,222,222,222,222,4,38,38],"floor_reached":57,"language":"ENG","playtime":3714,"items_purged":["FTL"],"score":4073,"play_id":"02997ff1-6d6c-4af5-90fc-81a5958f0545","local_time":"20210120204711","is_ascension_mode":true,"campfire_choices":[{"floor":6,"key":"REST"},{"floor":11,"key":"REST"},{"floor":15,"key":"RECALL"},{"floor":23,"key":"REST"},{"floor":28,"key":"REST"},{"floor":32,"key":"REST"},{"floor":41,"key":"REST"},{"floor":49,"key":"REST"},{"floor":53,"key":"REST"}],"circlet_count":0,"master_deck":["AscendersBane","Zap","Dualcast","Barrage","Capacitor","Reinforced Body+1","Cold Snap","Compile Driver","Glacier+1","Lockon","Defragment","Ball Lightning","Darkness+1","Conserve Battery+1","Cold Snap","Apotheosis+1","Turbo+1","Rainbow+1","Chaos+1","Creative AI+1","Seek+1","Undo+1","Skim+1","Undo+1","Seek+1","Heatsinks+1","Fusion+1","Hologram+1","Panacea+1","Force Field+1","Glacier+1","Go for the Eyes+1","Stack+1","Loop+1","Buffer+1","Barrage","Consume+1","Coolheaded+1","Stack+1","Madness+1","Echo Form+1","Hologram+1","Hologram+1","Defragment+1","Consume+1","Buffer+1"],"relics":["Cracked Core","Vajra","CaptainsWheel","Toxic Egg 2","Sling","Pen Nib","Sundial","OrangePellets","Singing Bowl","Pear","Membership Card","Frozen Egg 2","Runic Capacitor","Matryoshka","Bottled Lightning","Pantograph","StoneCalendar","Thread and Needle","Pandora\u0027s Box","Dream Catcher","Anchor","Enchiridion","Potion Belt","Lantern","DataDisk","Fusion Hammer","Lee\u0027s Waffle","Happy Flower","Regal Pillow","StrikeDummy","Blood Vial","Bag of Marbles","HornCleat","Toy Ornithopter"],"acts_visited":["Exordium","TheCity","TheBeyond","TheEnding"],"potions_floor_usage":[7,13,22,31,40,40,45,47,56,56,56],"damage_taken":[{"damage":1,"enemies":"2 Louse","floor":1,"turns":2},{"damage":0,"enemies":"Cultist","floor":2,"turns":4},{"damage":0,"enemies":"Jaw Worm","floor":4,"turns":2},{"damage":8,"enemies":"3 Sentries","floor":7,"turns":4},{"damage":4,"enemies":"Gremlin Gang","floor":8,"turns":4},{"damage":4,"enemies":"2 Fungi Beasts","floor":10,"turns":3},{"damage":0,"enemies":"Large Slime","floor":12,"turns":4},{"damage":4,"enemies":"Gremlin Nob","floor":13,"turns":3},{"damage":22,"enemies":"The Guardian","floor":16,"turns":8},{"damage":0,"enemies":"3 Byrds","floor":18,"turns":4},{"damage":19,"enemies":"2 Thieves","floor":20,"turns":3},{"damage":2,"enemies":"Shelled Parasite and Fungi","floor":22,"turns":7},{"damage":33,"enemies":"Slavers","floor":24,"turns":5},{"damage":0,"enemies":"Book of Stabbing","floor":27,"turns":5},{"damage":6,"enemies":"3 Cultists","floor":29,"turns":7},{"damage":0,"enemies":"Snecko","floor":30,"turns":6},{"damage":0,"enemies":"Snake Plant","floor":31,"turns":4},{"damage":0,"enemies":"Automaton","floor":33,"turns":7},{"damage":0,"enemies":"3 Darklings","floor":35,"turns":4},{"damage":0,"enemies":"Orb Walker","floor":37,"turns":3},{"damage":0,"enemies":"Transient","floor":39,"turns":6},{"damage":24,"enemies":"Reptomancer","floor":40,"turns":5},{"damage":0,"enemies":"Giant Head","floor":42,"turns":7},{"damage":0,"enemies":"Maw","floor":44,"turns":5},{"damage":16,"enemies":"Reptomancer","floor":45,"turns":7},{"damage":8,"enemies":"3 Darklings","floor":47,"turns":6},{"damage":0,"enemies":"Giant Head","floor":48,"turns":8},{"damage":16,"enemies":"Donu and Deca","floor":50,"turns":8},{"damage":0,"enemies":"Time Eater","floor":51,"turns":15},{"damage":24,"enemies":"Shield and Spear","floor":55,"turns":7},{"damage":0,"enemies":"The Heart","floor":56,"turns":15}],"seed_played":"-1112501674209336998","potions_obtained":[{"floor":1,"key":"Explosive Potion"},{"floor":3,"key":"SteroidPotion"},{"floor":8,"key":"Block Potion"},{"floor":10,"key":"SpeedPotion"},{"floor":16,"key":"Strength Potion"},{"floor":24,"key":"ColorlessPotion"},{"floor":30,"key":"Explosive Potion"},{"floor":33,"key":"ColorlessPotion"},{"floor":37,"key":"FocusPotion"},{"floor":40,"key":"Regen Potion"},{"floor":44,"key":"BlessingOfTheForge"},{"floor":47,"key":"PotionOfCapacity"}],"is_trial":false,"path_per_floor":["M","M","?","M","$","R","E","M","T","M","R","M","E","?","R","B",null,"M","$","M","?","M","R","E","?","T","E","R","M","M","M","R","B",null,"M","$","M","?","M","E","R","E","T","M","E","?","M","E","R","B","B",null,"R","$","E","B",null],"character_chosen":"DEFECT","items_purchased":["Vajra","CaptainsWheel","Barrage","Capacitor","Toxic Egg 2","Reinforced Body+1","Sling","Pen Nib","Cold Snap","Compile Driver","Sundial","OrangePellets","Singing Bowl","Pear","Glacier+1","Lockon","Membership Card","Defragment","Ball Lightning","Frozen Egg 2","Runic Capacitor","Apotheosis+1","Hologram+1","Panacea+1","Dream Catcher","Lee\u0027s Waffle","Happy Flower","SpeedPotion","Defragment+1","HornCleat","Consume+1"],"campfire_rested":8,"item_purchase_floors":[0,0,0,0,0,0,0,0,0,0,0,0,0,0,0,0,0,0,0,0,0,5,19,19,19,36,36,36,54,54,54],"current_hp_per_floor":[31,31,31,31,31,55,47,43,43,41,65,65,61,61,61,61,78,80,80,61,95,93,95,62,41,41,41,71,65,67,67,96,101,101,101,108,108,102,104,80,116,118,118,120,104,104,115,117,124,108,124,124,126,126,102,126],"gold":38,"neow_bonus":"","is_daily":false,"chose_seed":false,"campfire_upgraded":0,"win_rate":0.0,"timestamp":1611168431,"path_taken":["M","M","?","M","$","R","E","?","T","M","R","M","E","?","R","BOSS","M","?","M","?","?","R","E","?","T","E","R","M","M","M","R","BOSS","M","$","M","?","M","E","R","E","T","M","E","?","?","E","R","BOSS","BOSS","R","$","E","BOSS"],"items_purchased_type":["Relic","Relic","Card","Card","Relic","Card","Relic","Relic","Card","Card","Relic","Relic","Relic","Relic","Card","Card","Relic","Card","Card","Relic","Relic","Card","Card","Card","Relic","Relic","Relic","Potion","Card","Relic","Card"],"build_version":"2020-12-22","purchased_purges":1,"victory":true,"max_hp_per_floor":[81,81,81,81,81,81,81,81,81,83,83,83,83,83,83,83,83,85,85,85,95,95,95,95,95,95,95,97,97,99,99,99,101,101,101,108,108,112,114,114,116,118,118,120,120,120,122,122,124,124,124,124,126,126,126,126],"relic_stats":{"Lee\u0027s Waffle":63,"Regal Pillow":0,"Singing Bowl":32,"Happy Flower":[107],"counters":[124,655],"StoneCalendar":[352],"Pen Nib":[16],"Blood Vial":8,"OrangePellets":[12],"Dream Catcher":6,"Sundial":[14],"Pantograph":61,"Pandora\u0027s Box":["Cloak And Dagger","Heel Hook","PiercingWail","Eviscerate","Well Laid Plans","Bouncing Flask","Cloak And Dagger","Bullet Time","FTL","Undo","Skim","Undo","Seek","Heatsinks","Fusion","Rainbow"],"obtain_stats":[{"Gremlin Horn":9,"CeramicFish":0,"Vajra":0,"Runic Capacitor":0,"Boot":24,"Sling":0,"Sozu":34,"Blood Vial":5,"Centennial Puzzle":26,"Lizard Tail":39,"HornCleat":54,"DollysMirror":42,"Sundial":0,"Strawberry":6,"Philosopher\u0027s Stone":17,"MealTicket":29,"Prayer Wheel":8,"Fusion Hammer":34,"Kunai":24,"Toxic Egg 2":0,"Pear":27,"Happy Flower":23,"Astrolabe":34,"Blue Candle":40,"Velvet Choker":17,"Eternal Feather":0,"Pen Nib":0,"Letter Opener":0,"Akabeko":0,"OrangePellets":0,"Shuriken":0,"Snecko Eye":34,"Molten Egg 2":0,"Pandora\u0027s Box":17,"CultistMask":12,"Symbiotic Virus":8,"StrikeDummy":47,"Darkstone Periapt":29,"Lantern":26,"Regal Pillow":40,"Singing Bowl":36,"Enchiridion":25,"StoneCalendar":44,"Incense Burner":0,"Bag of Preparation":12,"Juzu Bracelet":21,"ClockworkSouvenir":10,"Nunchaku":30,"Dream Catcher":0,"Shovel":6,"Matryoshka":7,"Mummified Hand":0,"Gambling Chip":9,"Pantograph":9,"Tiny Chest":0,"Red Mask":31,"Cracked Core":0,"InkBottle":9,"Runic Pyramid":17,"Potion Belt":28,"Lee\u0027s Waffle":0,"Golden Idol":5,"Thread and Needle":14,"PreservedInsect":0,"The Courier":43,"Frozen Egg 2":36,"Mercury Hourglass":54,"Calling Bell":0,"Peace Pipe":7,"Anchor":0,"DataDisk":22,"CaptainsWheel":0,"Ornamental Fan":9,"Turnip":24,"Art of War":40,"Bag of Marbles":0,"Coffee Dripper":17,"Membership Card":0,"Bottled Lightning":9,"TungstenRod":55,"Toy Ornithopter":55},{"Gremlin Horn":69,"CeramicFish":16,"Vajra":93,"Runic Capacitor":43,"Boot":12,"Sling":93,"Sozu":34,"Blood Vial":45,"Centennial Puzzle":12,"Lizard Tail":86,"HornCleat":122,"DollysMirror":86,"Sundial":93,"Strawberry":69,"Philosopher\u0027s Stone":48,"MealTicket":53,"Prayer Wheel":69,"Fusion Hammer":111,"Kunai":52,"Toxic Egg 2":93,"Pear":31,"Happy Flower":12,"Astrolabe":55,"Blue Candle":59,"Velvet Choker":25,"Eternal Feather":64,"Pen Nib":93,"Letter Opener":43,"Akabeko":64,"OrangePellets":43,"Shuriken":43,"Snecko Eye":83,"Molten Egg 2":0,"Pandora\u0027s Box":102,"CultistMask":6,"Symbiotic Virus":5,"StrikeDummy":40,"Darkstone Periapt":81,"Lantern":106,"Regal Pillow":115,"Singing Bowl":84,"Enchiridion":106,"StoneCalendar":87,"Incense Burner":0,"Bag of Preparation":47,"Juzu Bracelet":51,"ClockworkSouvenir":5,"Nunchaku":32,"Dream Catcher":64,"Shovel":4,"Matryoshka":97,"Mummified Hand":16,"Gambling Chip":20,"Pantograph":98,"Tiny Chest":43,"Red Mask":82,"Cracked Core":0,"InkBottle":5,"Runic Pyramid":8,"Potion Belt":52,"Lee\u0027s Waffle":64,"Golden Idol":3,"Thread and Needle":101,"PreservedInsect":0,"The Courier":39,"Frozen Egg 2":56,"Mercury Hourglass":91,"Calling Bell":0,"Peace Pipe":20,"Anchor":64,"DataDisk":77,"CaptainsWheel":93,"Ornamental Fan":46,"Turnip":78,"Art of War":39,"Bag of Marbles":43,"Coffee Dripper":74,"Membership Card":64,"Bottled Lightning":98,"TungstenRod":92,"Toy Ornithopter":123},{"Gremlin Horn":359,"CeramicFish":61,"Vajra":478,"Runic Capacitor":227,"Boot":48,"Sling":478,"Sozu":157,"Blood Vial":234,"Centennial Puzzle":48,"Lizard Tail":439,"HornCleat":633,"DollysMirror":439,"Sundial":478,"Strawberry":359,"Philosopher\u0027s Stone":253,"MealTicket":273,"Prayer Wheel":359,"Fusion Hammer":559,"Kunai":269,"Toxic Egg 2":478,"Pear":123,"Happy Flower":48,"Astrolabe":288,"Blue Candle":313,"Velvet Choker":97,"Eternal Feather":343,"Pen Nib":478,"Letter Opener":227,"Akabeko":343,"OrangePellets":227,"Shuriken":227,"Snecko Eye":426,"Molten Egg 2":0,"Pandora\u0027s Box":512,"CultistMask":25,"Symbiotic Virus":21,"StrikeDummy":195,"Darkstone Periapt":415,"Lantern":531,"Regal Pillow":577,"Singing Bowl":430,"Enchiridion":531,"StoneCalendar":443,"Incense Burner":0,"Bag of Preparation":244,"Juzu Bracelet":264,"ClockworkSouvenir":21,"Nunchaku":129,"Dream Catcher":343,"Shovel":14,"Matryoshka":490,"Mummified Hand":61,"Gambling Chip":75,"Pantograph":494,"Tiny Chest":227,"Red Mask":419,"Cracked Core":0,"InkBottle":21,"Runic Pyramid":35,"Potion Belt":269,"Lee\u0027s Waffle":343,"Golden Idol":12,"Thread and Needle":504,"PreservedInsect":0,"The Courier":188,"Frozen Egg 2":293,"Mercury Hourglass":463,"Calling Bell":0,"Peace Pipe":75,"Anchor":343,"DataDisk":394,"CaptainsWheel":478,"Ornamental Fan":237,"Turnip":398,"Art of War":188,"Bag of Marbles":227,"Coffee Dripper":381,"Membership Card":343,"Bottled Lightning":494,"TungstenRod":470,"Toy Ornithopter":640}],"Toy Ornithopter":0},"card_choices":[{"not_picked":["Steam+1","Leap+1"],"picked":"Darkness+1","floor":1},{"not_picked":["Beam Cell","Steam+1"],"picked":"Conserve Battery+1","floor":2},{"not_picked":["Beam Cell","Rebound"],"picked":"Cold Snap","floor":4},{"not_picked":["Sweeping Beam","Auto Shields+1"],"picked":"Turbo+1","floor":7},{"not_picked":["Lockon","Leap+1"],"picked":"Rainbow+1","floor":8},{"not_picked":["Doom and Gloom","Auto Shields+1","Conserve Battery+1"],"picked":"Singing Bowl","floor":10},{"not_picked":["BootSequence+1","Cold Snap"],"picked":"Chaos+1","floor":12},{"not_picked":["Redo+1","Conserve Battery+1"],"picked":"Creative AI+1","floor":13},{"not_picked":["Hyperbeam","Fission+1"],"picked":"Seek+1","floor":16},{"not_picked":["Steam Power+1","Rip and Tear","Go for the Eyes"],"picked":"Singing Bowl","floor":18},{"not_picked":["Steam+1","Undo+1"],"picked":"Force Field+1","floor":20},{"not_picked":["Gash","Barrage"],"picked":"Glacier+1","floor":22},{"not_picked":["Reinforced Body+1","Stack+1"],"picked":"Go for the Eyes+1","floor":23},{"not_picked":["Gash","Ball Lightning"],"picked":"Stack+1","floor":24},{"not_picked":["Chaos+1","Ball Lightning"],"picked":"Loop+1","floor":27},{"not_picked":["BootSequence+1","FTL","Conserve Battery+1"],"picked":"Singing Bowl","floor":28},{"not_picked":["Go for the Eyes","Conserve Battery+1"],"picked":"Buffer+1","floor":29},{"not_picked":["Tempest+1","Hello World+1","Compile Driver"],"picked":"Singing Bowl","floor":30},{"not_picked":["Stack+1","Compile Driver"],"picked":"Barrage","floor":31},{"not_picked":["Compile Driver","Recycle+1"],"picked":"Consume+1","floor":32},{"not_picked":["Multi-Cast+1","Hyperbeam","Rainbow+1"],"picked":"Singing Bowl","floor":33},{"not_picked":["Steam+1","BootSequence+1"],"picked":"Coolheaded+1","floor":35},{"not_picked":["Conserve Battery+1","Steam+1"],"picked":"Stack+1","floor":37},{"not_picked":["Mind Blast","Bandage Up+1","Jack Of All Trades+1"],"picked":"Singing Bowl","floor":38},{"not_picked":["Mayhem+1","Good Instincts+1","Jack Of All Trades+1"],"picked":"Singing Bowl","floor":38},{"not_picked":["Flash of Steel","Secret Weapon+1"],"picked":"Madness+1","floor":38},{"not_picked":["Beam Cell","Tempest+1","Compile Driver+1"],"picked":"Singing Bowl","floor":39},{"not_picked":["Sweeping Beam","Cold Snap"],"picked":"Echo Form+1","floor":40},{"not_picked":["White Noise+1","Heatsinks+1","Gash"],"picked":"Singing Bowl","floor":41},{"not_picked":["Barrage","Sweeping Beam","Hello World+1"],"picked":"Singing Bowl","floor":42},{"not_picked":["Core Surge","Beam Cell","Self Repair+1"],"picked":"Singing Bowl","floor":44},{"not_picked":["Rainbow+1","Fusion+1"],"picked":"Hologram+1","floor":45},{"not_picked":["BootSequence+1","Sweeping Beam","Redo+1"],"picked":"Singing Bowl","floor":47},{"not_picked":["Compile Driver","Chaos+1"],"picked":"Hologram+1","floor":48},{"not_picked":["Conserve Battery+1","FTL","Cold Snap"],"picked":"Singing Bowl","floor":49},{"not_picked":["Redo+1","Streamline","Sweeping Beam"],"picked":"Singing Bowl","floor":53},{"not_picked":["Barrage+1","Streamline+1"],"picked":"Buffer+1","floor":55}],"player_experience":801250,"relics_obtained":[{"floor":7,"key":"Matryoshka"},{"floor":9,"key":"Bottled Lightning"},{"floor":9,"key":"Pantograph"},{"floor":13,"key":"StoneCalendar"},{"floor":14,"key":"Thread and Needle"},{"floor":24,"key":"Anchor"},{"floor":25,"key":"Enchiridion"},{"floor":26,"key":"Potion Belt"},{"floor":26,"key":"Lantern"},{"floor":27,"key":"DataDisk"},{"floor":40,"key":"Regal Pillow"},{"floor":42,"key":"StrikeDummy"},{"floor":45,"key":"Blood Vial"},{"floor":48,"key":"Bag of Marbles"},{"floor":55,"key":"Toy Ornithopter"}],"event_choices":[{"damage_healed":0,"gold_gain":0,"player_choice":"Bought 1 Potion","damage_taken":0,"max_hp_gain":0,"max_hp_loss":0,"event_name":"The Woman in Blue","floor":3,"gold_loss":0},{"damage_healed":0,"gold_gain":0,"player_choice":"Relic","damage_taken":0,"max_hp_gain":0,"max_hp_loss":0,"event_name":"Wheel of Change","floor":14,"gold_loss":0},{"cards_removed":["Rainbow"],"damage_healed":24,"gold_gain":0,"player_choice":"Offered Rare","damage_taken":0,"max_hp_gain":10,"max_hp_loss":0,"event_name":"Bonfire Elementals","floor":21,"gold_loss":0},{"damage_healed":0,"gold_gain":0,"player_choice":"Obtained Book","damage_taken":21,"max_hp_gain":0,"max_hp_loss":0,"event_name":"Cursed Tome","floor":25,"gold_loss":0},{"damage_healed":0,"gold_gain":0,"player_choice":"Memory 3","damage_taken":10,"max_hp_gain":0,"max_hp_loss":0,"event_name":"SensoryStone","floor":38,"gold_loss":0},{"damage_healed":0,"gold_gain":0,"player_choice":"Ignored","damage_taken":0,"max_hp_gain":0,"max_hp_loss":0,"event_name":"Accursed Blacksmith","floor":46,"gold_loss":0}],"is_beta":false,"boss_relics":[{"not_picked":["Runic Dome","Nuclear Battery"],"picked":"Pandora\u0027s Box"},{"not_picked":["Black Star","Coffee Dripper"],"picked":"Fusion Hammer"}],"items_purged_floors":[19],"is_endless":false,"potions_floor_spawned":[1,8,10,16,18,20,24,30,33,37,40,44,47],"ascension_level":20}}