{"host":"ojezjkpqju62j8xy","time":1611145918,"event":{"mods":["ATMod(°¢èªMod)","Act Like it!","Aspiration","BaseMod","Conspire","Hermit","Minty Spire (QoL Compilation)","Pale of the Ancients","Replay The Spire","Spicy Shops","StSLib","¡¾ÒÅÎï¿¨ÅÆ¡¿REMEMod","²ÐÁôÖ®Îï"],"gold_per_floor":[116,130,159,159,172,172,172,172],"floor_reached":7,"language":"ZHS","playtime":276,"items_purged":[],"score":64,"play_id":"f8378a27-9d36-4784-8a8e-c2a4e4a9122c","local_time":"20210120203158","is_ascension_mode":true,"campfire_choices":[{"floor":6,"key":"RECALL"}],"circlet_count":0,"master_deck":["AscendersBane","Strike_B","Strike_B","Strike_B","Strike_B","Defend_B","Defend_B","Defend_B","Defend_B","Zap","Dualcast","AT_FamilyPortrait","Immolate","BootSequence","Conserve Battery","FIFO Queue","Go for the Eyes"],"relics":["Cracked Core","AT_ATBox","REME_ComplimentaryCards","aspiration:FetidBarrel","CultistMask"],"acts_visited":["Exordium"],"potions_floor_usage":[],"damage_taken":[{"damage":10,"enemies":"Jaw Worm","floor":1,"turns":2},{"damage":8,"enemies":"Small Slimes","floor":2,"turns":2},{"damage":24,"enemies":"conspire:MimicChest","floor":3,"turns":3},{"damage":0,"enemies":"2 Louse","floor":5,"turns":1},{"damage":47,"enemies":"Gremlin Nob","floor":7,"turns":3}],"seed_played":"-1005441567657436255","potions_obtained":[{"floor":1,"key":"Weak Potion"},{"floor":3,"key":"PlaceholderMod:PlaceholderPotion"}],"is_trial":false,"path_per_floor":["M","M","?","?","M","R","E"],"character_chosen":"DEFECT","items_purchased":[],"campfire_rested":0,"item_purchase_floors":[],"current_hp_per_floor":[65,57,33,33,33,33,0,0],"gold":172,"neow_bonus":"TEN_PERCENT_HP_BONUS","is_daily":false,"chose_seed":false,"campfire_upgraded":0,"win_rate":0.0,"timestamp":1611145918,"path_taken":["M","M","?","?","M","R","E"],"items_purchased_type":[],"build_version":"2020-12-22","purchased_purges":0,"victory":false,"max_hp_per_floor":[82,82,82,82,82,82,82,82],"card_choices":[{"not_picked":["Coolheaded","Conserve Battery"],"picked":"BootSequence","floor":1},{"not_picked":["Barrage","Stack"],"picked":"Conserve Battery","floor":2},{"not_picked":["Beam Cell","Ball Lightning"],"picked":"FIFO Queue","floor":3},{"not_picked":["Redo","Steam"],"picked":"Go for the Eyes","floor":5}],"player_experience":1436257,"relics_obtained":[{"floor":3,"key":"aspiration:FetidBarrel"}],"event_choices":[{"damage_healed":0,"gold_gain":0,"player_choice":"Trade","damage_taken":0,"relics_obtained":["CultistMask"],"max_hp_gain":0,"max_hp_loss":0,"event_name":"FaceTrader","floor":4,"gold_loss":0}],"is_beta":false,"boss_relics":[],"items_purged_floors":[],"is_endless":false,"potions_floor_spawned":[1,3],"killed_by":"Gremlin Nob","ascension_level":11}}