{"host":"j4g6ia6asvpyu2b0","time":1611186125,"event":{"mods":["BaseMod","Colored Map","Minty Spire (QoL Compilation)","Permanent Neow","Quick Restart","Relic Stats","StSLib","Unceasing Turn Reminder"],"gold_per_floor":[116,116,81,81,92,126,12,44,70,86,86,103,278,303,315,406,418,442,469,125,139,238,266,266,266,266],"floor_reached":25,"language":"ENG","playtime":742,"items_purged":["Strike_G","Doubt"],"score":477,"play_id":"628c8cb3-ccf0-4828-af72-745f2bd05bda","local_time":"20210120164205","is_ascension_mode":true,"campfire_choices":[{"floor":11,"key":"REST"},{"data":"Noxious Fumes","floor":15,"key":"SMITH"},{"floor":24,"key":"REST"}],"circlet_count":0,"master_deck":["AscendersBane","Strike_G+1","Strike_G","Strike_G+1","Strike_G","Defend_G","Defend_G","Defend_G","Defend_G","Defend_G","Survivor","Neutralize","Crippling Poison+1","Quick Slash","Flying Knee","Noxious Fumes+1","Venomology","PiercingWail","Blur","Dagger Throw","Envenom","Cloak And Dagger","Catalyst","Quick Slash","PiercingWail"],"relics":["SlaversCollar","Vajra","Bronze Scales","MawBank","Sozu","HornCleat","TungstenRod"],"acts_visited":["Exordium","TheCity"],"potions_floor_usage":[12,14,16,23],"damage_taken":[{"damage":16,"enemies":"Jaw Worm","floor":1,"turns":7},{"damage":0,"enemies":"2 Louse","floor":5,"turns":3},{"damage":11,"enemies":"3 Sentries","floor":6,"turns":10},{"damage":23,"enemies":"Gremlin Nob","floor":8,"turns":4},{"damage":0,"enemies":"Small Slimes","floor":10,"turns":4},{"damage":3,"enemies":"Looter","floor":12,"turns":3},{"damage":0,"enemies":"3 Sentries","floor":14,"turns":4},{"damage":10,"enemies":"Slime Boss","floor":16,"turns":9},{"damage":20,"enemies":"2 Thieves","floor":18,"turns":4},{"damage":22,"enemies":"Spheric Guardian","floor":19,"turns":6},{"damage":14,"enemies":"Shelled Parasite and Fungi","floor":21,"turns":5},{"damage":0,"enemies":"Gremlin Leader","floor":23,"turns":6},{"damage":25,"enemies":"Cultist and Chosen","floor":25,"turns":4}],"seed_played":"6548278977146641207","potions_obtained":[{"floor":6,"key":"GamblersBrew"},{"floor":12,"key":"DuplicationPotion"}],"is_trial":false,"path_per_floor":["M","?","?","?","M","E","$","E","T","M","R","M","?","E","R","B",null,"M","M","$","M","?","E","R","M"],"character_chosen":"THE_SILENT","items_purchased":["Noxious Fumes","HornCleat"],"campfire_rested":2,"item_purchase_floors":[7,20],"current_hp_per_floor":[47,47,64,50,50,39,39,16,16,16,37,34,34,34,34,24,59,39,17,17,3,3,3,24,0,0],"gold":266,"neow_bonus":"BOSS_RELIC","is_daily":false,"chose_seed":false,"campfire_upgraded":1,"win_rate":0.0,"timestamp":1611186125,"path_taken":["M","?","?","?","M","E","?","E","T","M","R","M","?","E","R","BOSS","M","M","$","M","?","E","R","M"],"items_purchased_type":["Card","Relic"],"build_version":"2020-12-22","purchased_purges":2,"victory":false,"max_hp_per_floor":[70,70,70,70,70,70,70,70,70,70,70,70,70,70,70,70,70,70,70,70,70,70,70,70,70,70],"relic_stats":{"Sozu":3,"counters":[13,69],"Bronze Scales":[98],"MawBank":72,"obtain_stats":[{"Sozu":17,"SlaversCollar":0,"HornCleat":20,"Bronze Scales":8,"Vajra":6,"MawBank":14,"TungstenRod":23,"Ring of the Snake":0},{"Sozu":8,"SlaversCollar":0,"HornCleat":10,"Bronze Scales":4,"Vajra":3,"MawBank":7,"TungstenRod":12,"Ring of the Snake":0},{"Sozu":44,"SlaversCollar":0,"HornCleat":54,"Bronze Scales":24,"Vajra":20,"MawBank":35,"TungstenRod":65,"Ring of the Snake":0}],"TungstenRod":3},"card_choices":[{"not_picked":["Slice","Deadly Poison"],"picked":"Crippling Poison","floor":1},{"not_picked":["Prepared","Underhanded Strike"],"picked":"Quick Slash","floor":5},{"not_picked":["Dodge and Roll","Sucker Punch"],"picked":"Flying Knee","floor":6},{"not_picked":["Blade Dance","Dagger Spray"],"picked":"Venomology","floor":8},{"not_picked":["Slice","Terror"],"picked":"PiercingWail","floor":10},{"not_picked":["Dodge and Roll","PiercingWail"],"picked":"Blur","floor":12},{"not_picked":["Finisher","Expertise"],"picked":"Dagger Throw","floor":14},{"not_picked":["Storm of Steel","Burst"],"picked":"Envenom","floor":16},{"not_picked":["Underhanded Strike","Outmaneuver"],"picked":"Cloak And Dagger","floor":18},{"not_picked":["Calculated Gamble","Eviscerate"],"picked":"Catalyst","floor":19},{"not_picked":["Deflect","Eviscerate"],"picked":"Quick Slash","floor":21},{"not_picked":["Bane","Outmaneuver"],"picked":"PiercingWail","floor":23}],"player_experience":890835,"relics_obtained":[{"floor":6,"key":"Vajra"},{"floor":8,"key":"Bronze Scales"},{"floor":14,"key":"MawBank"},{"floor":23,"key":"TungstenRod"}],"event_choices":[{"damage_healed":0,"gold_gain":0,"player_choice":"Grow","damage_taken":0,"max_hp_gain":0,"max_hp_loss":0,"event_name":"Living Wall","floor":2,"gold_loss":0,"cards_upgraded":["Crippling Poison"]},{"damage_healed":17,"gold_gain":0,"player_choice":"Healed","damage_taken":0,"max_hp_gain":0,"max_hp_loss":0,"event_name":"The Cleric","floor":3,"gold_loss":35},{"damage_healed":0,"gold_gain":0,"player_choice":"Entered Light","damage_taken":14,"max_hp_gain":0,"max_hp_loss":0,"event_name":"Shining Light","floor":4,"gold_loss":0,"cards_upgraded":["Strike_G","Strike_G"]},{"damage_healed":0,"gold_gain":175,"player_choice":"AGREE","damage_taken":0,"max_hp_gain":0,"max_hp_loss":0,"event_name":"Liars Game","floor":13,"gold_loss":0,"cards_obtained":["Doubt"]},{"damage_healed":0,"gold_gain":99,"player_choice":"Stole From Cult","damage_taken":0,"max_hp_gain":0,"max_hp_loss":0,"event_name":"Nest","floor":22,"gold_loss":0}],"is_beta":false,"boss_relics":[{"not_picked":["Calling Bell","Runic Dome"],"picked":"Sozu"}],"items_purged_floors":[7,20],"is_endless":false,"potions_floor_spawned":[6,12,16,21,23],"killed_by":"Cultist and Chosen","ascension_level":13}}