{"host":"w9njud19qyl0lpz1","time":1611106649,"event":{"mods":["BaseMod","Minty Spire (QoL Compilation)","StSLib"],"gold_per_floor":[116,291,310,5,80,80,96,27,27,58,12,12,12,12,12,107,157,175,175,189,208,65,65,65,65,65,65,65,81,81,91,91,91,91],"floor_reached":33,"language":"ENG","playtime":3585,"items_purged":["Doubt"],"score":311,"play_id":"0773e862-dedc-46e5-ab77-09a1831eafe8","local_time":"20210119203729","is_ascension_mode":false,"campfire_choices":[{"floor":6,"key":"REST"},{"floor":13,"key":"REST"},{"data":"CarveReality","floor":15,"key":"SMITH"},{"data":"BattleHymn","floor":23,"key":"SMITH"},{"floor":25,"key":"REST"},{"data":"ClearTheMind","floor":27,"key":"SMITH"},{"floor":32,"key":"REST"}],"circlet_count":0,"master_deck":["Strike_P+1","Strike_P","Defend_P","Defend_P","Defend_P","Defend_P","Eruption","Vigilance","Perseverance","EmptyBody","Tantrum","CarveReality+1","JustLucky+1","FlurryOfBlows+1","CutThroughFate","Scrawl","ThirdEye","SandsOfTime","ClearTheMind+1","CrushJoints+1","Pray+1","BattleHymn+1","Wireheading+1","FlurryOfBlows"],"relics":["PureWater","Ice Cream","Gremlin Horn","Sundial","Tiny House","Letter Opener"],"acts_visited":["Exordium","TheCity"],"potions_floor_usage":[3,7,16,20,24,31],"damage_taken":[{"damage":1,"enemies":"Cultist","floor":1,"turns":5},{"damage":2,"enemies":"Jaw Worm","floor":3,"turns":4},{"damage":0,"enemies":"Small Slimes","floor":7,"turns":5},{"damage":12,"enemies":"Gremlin Nob","floor":10,"turns":3},{"damage":0,"enemies":"Slime Boss","floor":16,"turns":4},{"damage":0,"enemies":"Spheric Guardian","floor":18,"turns":1},{"damage":8,"enemies":"2 Thieves","floor":20,"turns":4},{"damage":7,"enemies":"Shelled Parasite and Fungi","floor":21,"turns":5},{"damage":24,"enemies":"Slavers","floor":24,"turns":2},{"damage":3,"enemies":"Chosen and Byrds","floor":29,"turns":3},{"damage":35,"enemies":"Snake Plant","floor":31,"turns":4},{"damage":60,"enemies":"Collector","floor":33,"turns":6}],"seed_played":"8653522329270890602","potions_obtained":[{"floor":0,"key":"SneckoOil"},{"floor":0,"key":"SmokeBomb"},{"floor":0,"key":"SpeedPotion"},{"floor":7,"key":"SkillPotion"},{"floor":10,"key":"PowerPotion"},{"floor":17,"key":"SpeedPotion"},{"floor":18,"key":"StancePotion"}],"is_trial":false,"path_per_floor":["M","?","M","$","?","R","M","$","T","E","$","?","R","?","R","B",null,"M","?","M","M","$","R","E","R","T","R","?","M","?","M","R","B"],"character_chosen":"WATCHER","items_purchased":["Ice Cream","CarveReality","FlurryOfBlows","BattleHymn"],"campfire_rested":4,"item_purchase_floors":[4,8,11,22],"current_hp_per_floor":[71,71,69,69,58,72,72,72,72,60,60,46,67,67,67,67,77,77,77,69,62,62,62,38,61,61,61,61,58,58,23,46,0,0],"gold":91,"neow_bonus":"THREE_SMALL_POTIONS","is_daily":false,"chose_seed":false,"campfire_upgraded":3,"win_rate":0.0,"timestamp":1611106649,"path_taken":["M","?","M","$","?","R","M","$","T","E","$","?","R","?","R","BOSS","M","?","M","M","$","R","E","R","T","R","?","?","?","M","R","BOSS"],"items_purchased_type":["Relic","Card","Card","Card"],"build_version":"2020-12-22","purchased_purges":1,"victory":false,"max_hp_per_floor":[72,72,72,72,72,72,72,72,72,72,72,72,72,72,72,72,77,77,77,77,77,77,77,77,77,77,77,77,77,77,77,77,77,77],"card_choices":[{"not_picked":["PathToVictory","Consecrate"],"picked":"Perseverance","floor":1},{"not_picked":["Worship","JustLucky"],"picked":"EmptyBody","floor":3},{"not_picked":["Consecrate","SignatureMove"],"picked":"Tantrum","floor":7},{"not_picked":["Fasting2","WindmillStrike"],"picked":"JustLucky","floor":10},{"not_picked":["LessonLearned","Vault"],"picked":"Scrawl","floor":16},{"not_picked":["PathToVictory","FollowUp"],"picked":"ThirdEye","floor":17},{"not_picked":["Worship","Halt"],"picked":"SandsOfTime","floor":18},{"not_picked":["JustLucky+1","FlurryOfBlows"],"picked":"CrushJoints+1","floor":20},{"not_picked":["CutThroughFate","Nirvana"],"picked":"Pray+1","floor":21},{"not_picked":["PathToVictory+1","JustLucky"],"picked":"Wireheading+1","floor":29},{"not_picked":["Halt+1","Sanctity"],"picked":"FlurryOfBlows","floor":31}],"player_experience":2241355,"relics_obtained":[{"floor":9,"key":"Gremlin Horn"},{"floor":10,"key":"Sundial"},{"floor":26,"key":"Letter Opener"}],"event_choices":[{"damage_healed":0,"gold_gain":175,"player_choice":"AGREE","damage_taken":0,"max_hp_gain":0,"max_hp_loss":0,"event_name":"Liars Game","floor":2,"gold_loss":0,"cards_obtained":["Doubt"]},{"damage_healed":0,"gold_gain":75,"player_choice":"Gather Gold","damage_taken":11,"max_hp_gain":0,"max_hp_loss":0,"event_name":"World of Goop","floor":5,"gold_loss":0},{"damage_healed":0,"gold_gain":0,"player_choice":"Entered Light","damage_taken":14,"max_hp_gain":0,"max_hp_loss":0,"event_name":"Shining Light","floor":12,"gold_loss":0,"cards_upgraded":["FlurryOfBlows","Strike_P"]},{"damage_healed":0,"gold_gain":0,"cards_transformed":["Strike_P"],"player_choice":"Transformed","damage_taken":0,"max_hp_gain":0,"max_hp_loss":0,"event_name":"Transmorgrifier","floor":14,"gold_loss":0,"cards_obtained":["CutThroughFate"]},{"damage_healed":0,"gold_gain":0,"player_choice":"Read","damage_taken":0,"max_hp_gain":0,"max_hp_loss":0,"event_name":"The Library","floor":19,"gold_loss":0,"cards_obtained":["ClearTheMind"]},{"damage_healed":0,"gold_gain":0,"player_choice":"Ignored","damage_taken":0,"max_hp_gain":0,"max_hp_loss":0,"event_name":"N\u0027loth","floor":28,"gold_loss":0},{"cards_removed":["Strike_P"],"damage_healed":0,"gold_gain":0,"player_choice":"Elegance","damage_taken":0,"max_hp_gain":0,"max_hp_loss":0,"event_name":"Back to Basics","floor":30,"gold_loss":0}],"is_beta":false,"boss_relics":[{"not_picked":["Coffee Dripper","Runic Pyramid"],"picked":"Tiny House"}],"items_purged_floors":[22],"is_endless":false,"potions_floor_spawned":[7,10,18,24],"killed_by":"Collector","ascension_level":0}}