{"host":"njb27ds59h4j3ikk","time":1611174702,"event":{"mods":["AchievementEnabler","BaseMod","Better Altar","Better Match","Better Note","Better Sensory Stone","Better Skull","Better Third Choice","BetterRewards","Downfall","Hermit","Hubris","Minty Spire (QoL Compilation)","Permanent Neow","Quarter Circle Forward PUNCH!","Quick Restart","Rare Cards Sparkle","Shop Mod","StSLib","Trackpad","Transform Curses"],"gold_per_floor":[116,136,136,236,236,266,339,358,358,389,400,411,311,57,57,154,154,165,177,277,127,143,175,175,194,30,30,56,56,56,81,81,81,81],"floor_reached":33,"language":"ENG","playtime":1410,"items_purged":[],"score":329,"play_id":"638fa7a6-ecb1-4d89-9e17-6f8c4eee378e","local_time":"20210120153142","is_ascension_mode":true,"campfire_choices":[{"floor":9.0,"key":"REST"},{"floor":13.0,"key":"REST"},{"data":"hermit:Determination","floor":15.0,"key":"SMITH"},{"floor":30,"key":"REST"},{"floor":32,"key":"REST"}],"circlet_count":0,"master_deck":["hermit:Strike_Hermit","hermit:Strike_Hermit","hermit:Strike_Hermit","hermit:Defend_Hermit","hermit:Defend_Hermit","hermit:Defend_Hermit","hermit:Defend_Hermit","hermit:Snapshot","hermit:Covet","hermit:Spite+1","hermit:Gestalt","hermit:Maintenance+1","Madness","Decay","hermit:Shortfuse","hermit:Snipe","hermit:NoHoldsBarred","hermit:Virtue","hermit:Misfire","hermit:LowProfile","hermit:Determination+1","hermit:Coalescence","hermit:HeroicBravado","hermit:HighCaliber+1","hermit:Headshot","hermit:Glare+1","hermit:Maintenance","hermit:Maintenance+1","hermit:Vantage+1","hermit:WideOpen+1","bronze:DelayedSlice+1","hermit:Dive"],"relics":["hermit:Momento","hubris:TinFlute","hubris:Metronome","qcfpunch:Red_Headband","downfall:HeartBlessingGreen","trackpad:IceCube","Black Star","Calipers","Centennial Puzzle","Guardian:PocketSentry","Shuriken","qcfpunch:Red_Cyclone_Teachings","Singing Bowl","trackpad:PetRock"],"acts_visited":["Exordium","TheCity"],"potions_floor_usage":[28,28,33],"damage_taken":[{"damage":0.0,"enemies":"2 Louse","floor":1.0,"turns":2.0},{"damage":11.0,"enemies":"Jaw Worm","floor":2.0,"turns":3.0},{"damage":21.0,"enemies":"Gremlin Nob","floor":6.0,"turns":5.0},{"damage":0.0,"enemies":"Cultist","floor":8.0,"turns":2.0},{"damage":34.0,"enemies":"3 Sentries","floor":10.0,"turns":12.0},{"damage":7.0,"enemies":"Blue Slaver","floor":11.0,"turns":3.0},{"damage":1.0,"enemies":"Large Slime","floor":12.0,"turns":5.0},{"damage":1.0,"enemies":"downfall:FleeingMerchant","floor":14.0,"turns":4.0},{"damage":10.0,"enemies":"IC_STATUS_ARCHETYPE","floor":16.0,"turns":6.0},{"damage":0.0,"enemies":"Chosen","floor":18.0,"turns":3.0},{"damage":2.0,"enemies":"Spheric Guardian","floor":19.0,"turns":4.0},{"damage":1.0,"enemies":"Chosen and Byrds","floor":22.0,"turns":5.0},{"damage":34.0,"enemies":"Book of Stabbing","floor":23.0,"turns":5.0},{"damage":9.0,"enemies":"Snake Plant","floor":25.0,"turns":3.0},{"damage":0.0,"enemies":"downfall:FleeingMerchant","floor":26.0,"turns":4.0},{"damage":9,"enemies":"Slavers","floor":28,"turns":6},{"damage":21,"enemies":"Gremlin Leader","floor":31,"turns":4},{"damage":68,"enemies":"DF_ARCHETYPE_CLAW","floor":33,"turns":6}],"seed_played":"6479270141331306635","potions_obtained":[{"floor":2.0,"key":"BlessingOfTheForge"},{"floor":6.0,"key":"bronze:BurnAndBuffPotion"},{"floor":10.0,"key":"sneckomod:MuddlingPotion"},{"floor":12.0,"key":"CultistPotion"},{"floor":19.0,"key":"BlessingOfTheForge"},{"floor":22.0,"key":"hermit:BlackBile"},{"floor":23.0,"key":"AttackPotion"},{"floor":27.0,"key":"downfall:CursedFountainPotion"},{"floor":31,"key":"Fire Potion"}],"is_trial":false,"path_per_floor":["M","M","?","?","?","E","T","M","R","E","M","M","R","$","R","B",null,"M","M","?","?","M","E","T","M","$","?","E","?","R","E","R","B"],"character_chosen":"HERMIT","items_purchased":["trackpad:IceCube","hermit:Determination","hermit:Coalescence","Guardian:PocketSentry"],"campfire_rested":4,"item_purchase_floors":[14,14,14,26],"current_hp_per_floor":[75,64,64,64,64,43,43,43,65,31,24,23,45,44,44,34,75,75,73,73,85,84,50,50,41,41,41,32,32,57,36,61,0,0],"gold":81,"neow_bonus":"TRANSFORM_CARD","is_daily":false,"chose_seed":false,"campfire_upgraded":1,"win_rate":0.0,"timestamp":1611174702,"path_taken":["M","M","?","?","?","E","T","?","R","E","M","M","R","$","R","BOSS","M","M","?","?","M","E","T","?","$","?","E","?","R","E","R","BOSS"],"items_purchased_type":["Relic","Card","Card","Relic"],"build_version":"2020-12-22","purchased_purges":0,"victory":false,"max_hp_per_floor":[75,75,75,75,75,75,75,75,75,75,75,75,75,75,75,75,75,75,75,75,85,85,85,85,85,85,85,85,85,85,85,85,85,85],"card_choices":[{"not_picked":["hermit:Desperado","hermit:Headshot"],"picked":"hermit:Gestalt","floor":1.0},{"not_picked":["hermit:LoneWolf","hermit:Glare"],"picked":"hermit:Maintenance","floor":2.0},{"not_picked":["PanicButton","Enlightenment"],"picked":"Madness","floor":3.0},{"not_picked":["hermit:Roulette","hermit:Adapt"],"picked":"hermit:Shortfuse","floor":6.0},{"not_picked":["hermit:EyeOfTheStorm","hermit:WideOpen"],"picked":"hermit:Snipe","floor":8.0},{"not_picked":["hermit:Adapt","hermit:TrackingShot"],"picked":"hermit:NoHoldsBarred","floor":10.0},{"not_picked":["hermit:Glare","hermit:Horror"],"picked":"hermit:Virtue","floor":11.0},{"not_picked":["hermit:CalledShot","hermit:Showdown"],"picked":"hermit:Misfire","floor":12.0},{"not_picked":["hermit:NoHoldsBarred","hermit:TakeAim"],"picked":"hermit:LowProfile","floor":14.0},{"not_picked":["hermit:RoundhouseKick","hermit:FinalCanter"],"picked":"hermit:HeroicBravado","floor":16.0},{"not_picked":["hermit:BigShot","hermit:Dive"],"picked":"hermit:HighCaliber+1","floor":18.0},{"not_picked":["hermit:ItchyTrigger","hermit:Spite+1"],"picked":"hermit:Headshot","floor":19.0},{"not_picked":["hermit:Determination","hermit:GhostlyPresence"],"picked":"hermit:Glare+1","floor":22.0},{"not_picked":["hermit:HighNoon","hermit:Midnight+1"],"picked":"hermit:Maintenance","floor":23.0},{"not_picked":["hermit:ItchyTrigger","hermit:Desperado"],"picked":"hermit:Maintenance+1","floor":25.0},{"not_picked":["hermit:Gestalt","hermit:HighCaliber"],"picked":"hermit:Vantage+1","floor":26.0},{"not_picked":["hermit:Determination+1","hermit:Maintenance"],"picked":"hermit:WideOpen+1","floor":28},{"not_picked":["hermit:EyeOfTheStorm","hermit:Desperado"],"picked":"hermit:Dive","floor":31}],"player_experience":1265864,"relics_obtained":[{"floor":6.0,"key":"hubris:TinFlute"},{"floor":7.0,"key":"hubris:Metronome"},{"floor":10.0,"key":"qcfpunch:Red_Headband"},{"floor":23.0,"key":"Calipers"},{"floor":23.0,"key":"Centennial Puzzle"},{"floor":28,"key":"Shuriken"},{"floor":28,"key":"qcfpunch:Red_Cyclone_Teachings"},{"floor":31,"key":"Singing Bowl"},{"floor":31,"key":"trackpad:PetRock"}],"event_choices":[{"damage_healed":0.0,"max_hp_gain":0.0,"max_hp_loss":0.0,"gold_gain":1.0,"event_name":"betterStone:BetterStone","player_choice":"1","floor":3.0,"gold_loss":0.0,"damage_taken":0.0},{"cards_removed":["hermit:Maintenance"],"damage_healed":0,"gold_gain":0,"player_choice":"Take \u0026 Give","damage_taken":0,"max_hp_gain":0,"max_hp_loss":0,"event_name":"betterNote:BetterNote","floor":29,"gold_loss":0,"cards_obtained":["bronze:DelayedSlice"]}],"is_beta":false,"boss_relics":[{"not_picked":["qcfpunch:Crimson_Sash","trackpad:StolenKidneys"],"picked":"Black Star"}],"items_purged_floors":[],"is_endless":false,"potions_floor_spawned":[2,6,10,12,19,22,23,31],"killed_by":"DF_ARCHETYPE_CLAW","ascension_level":1}}