{"host":"hi7fki77kkmhrce8","time":1611105456,"event":{"mods":["AchievementEnabler","BaseMod","Colored Map","Colored Powertips","Downfall","Minty Spire (QoL Compilation)","Relic Stats","StSLib","SuperFastMode"],"gold_per_floor":[99,109,129,142,153,187,187,207,49,65,65,83,103,103,103,103],"floor_reached":14,"language":"ENG","playtime":703,"items_purged":[],"score":96,"play_id":"39396fa5-4b63-42a5-96e3-0d9779c88653","local_time":"20210119201736","is_ascension_mode":false,"campfire_choices":[{"floor":1,"key":"RECALL"},{"floor":11,"key":"REST"}],"circlet_count":0,"master_deck":["bronze:Strike","bronze:Strike","bronze:Strike","bronze:Strike","bronze:Defend","bronze:Defend","bronze:Defend","bronze:Defend","bronze:Replicate","bronze:Goto","bronze:BugBarrage","bronze:OilSpill","bronze:Branch","bronze:ItsAFeature","bronze:Mutator","bronze:BugBarrage","bronze:BuggyMess","bronze:MaxOutput","bronze:GetLatest","bronze:Turbo"],"relics":["Philosopher\u0027s Stone","Ginger","Blue Candle"],"acts_visited":["Exordium"],"potions_floor_usage":[6,9,9,13],"damage_taken":[{"damage":5,"enemies":"Cultist","floor":2,"turns":4},{"damage":4,"enemies":"2 Louse","floor":3,"turns":3},{"damage":5,"enemies":"Jaw Worm","floor":4,"turns":3},{"damage":2,"enemies":"3 Louse","floor":5,"turns":3},{"damage":14,"enemies":"3 Sentries","floor":6,"turns":6},{"damage":5,"enemies":"Blue Slaver","floor":8,"turns":3},{"damage":5,"enemies":"downfall:FleeingMerchant","floor":9,"turns":4},{"damage":7,"enemies":"Large Slime","floor":10,"turns":3},{"damage":16,"enemies":"Lots of Slimes","floor":12,"turns":4},{"damage":25,"enemies":"3 Louse","floor":13,"turns":3},{"damage":9,"enemies":"Gremlin Nob","floor":14,"turns":2}],"seed_played":"-1035221057743868003","potions_obtained":[{"floor":3,"key":"Block Potion"},{"floor":4,"key":"DistilledChaos"},{"floor":8,"key":"Fruit Juice"},{"floor":12,"key":"ColorlessPotion"},{"floor":13,"key":"bronze:FreeFunctionsPotion"}],"is_trial":false,"path_per_floor":["R","M","M","M","M","E","T","M","$","M","R","M","M","E"],"character_chosen":"THE_AUTOMATON","items_purchased":["bronze:MaxOutput","DuplicationPotion"],"campfire_rested":1,"item_purchase_floors":[9,9],"current_hp_per_floor":[70,65,61,56,54,40,40,35,35,28,50,34,9,0,0,0],"gold":103,"neow_bonus":"BOSS_RELIC","is_daily":false,"chose_seed":false,"campfire_upgraded":0,"win_rate":0.0,"timestamp":1611105456,"path_taken":["R","M","M","M","?","E","T","M","$","M","R","M","M","E"],"items_purchased_type":["Card","Potion"],"build_version":"2020-12-22","purchased_purges":0,"victory":false,"max_hp_per_floor":[70,70,70,70,70,70,70,70,75,75,75,75,75,75,75,75],"relic_stats":{"counters":[11,38],"Blue Candle":[0],"Ginger":[5],"obtain_stats":[{"bronze:BronzeCore":0,"Blue Candle":7,"Philosopher\u0027s Stone":0,"Ginger":6},{"bronze:BronzeCore":0,"Blue Candle":5,"Philosopher\u0027s Stone":0,"Ginger":5},{"bronze:BronzeCore":0,"Blue Candle":19,"Philosopher\u0027s Stone":0,"Ginger":19}]},"card_choices":[{"not_picked":["bronze:OilSpill","bronze:DigitalCarnage"],"picked":"bronze:BugBarrage","floor":2},{"not_picked":["bronze:Backtrace","bronze:BitShift"],"picked":"bronze:OilSpill","floor":3},{"not_picked":["bronze:Overheat","bronze:FineTuning"],"picked":"bronze:Branch","floor":4},{"not_picked":["bronze:Fortify","bronze:BugBarrage"],"picked":"bronze:ItsAFeature","floor":5},{"not_picked":["bronze:BuggyMess","bronze:CutThrough"],"picked":"bronze:Mutator","floor":6},{"not_picked":["bronze:Turbo","bronze:Branch"],"picked":"bronze:BugBarrage","floor":8},{"not_picked":["bronze:Assembly","bronze:DelayedSlice"],"picked":"bronze:BuggyMess","floor":9},{"not_picked":["bronze:BronzeArmor","bronze:ClassDefault","bronze:ItsAFeature"],"picked":"SKIP","floor":10},{"not_picked":["bronze:Optimize","bronze:BuggyMess"],"picked":"bronze:GetLatest","floor":12},{"not_picked":["bronze:Iterate","bronze:DarkDash"],"picked":"bronze:Turbo","floor":13}],"player_experience":139416,"relics_obtained":[{"floor":6,"key":"Ginger"},{"floor":7,"key":"Blue Candle"}],"event_choices":[],"is_beta":false,"boss_relics":[],"items_purged_floors":[],"is_endless":false,"potions_floor_spawned":[3,4,8,12,13],"killed_by":"Gremlin Nob","ascension_level":0}}