{"host":"xy1hv1rgvrf7f9nu","time":1611179770,"event":{"mods":["BaseMod","Fox Events","GifTheSpireLib","Hubris","Minty Spire (QoL Compilation)","Quick Restart","Robot Space Explorer","StSLib","The Druid"],"gold_per_floor":[116,130,149,4,4,30,46,46,99,131,146,146,157,177,177,272,272,272,272],"floor_reached":18,"language":"FRA","playtime":2024,"items_purged":[],"score":174,"play_id":"6e6d79df-9c90-410d-9d72-87653fc4e2f8","local_time":"20210120225610","is_ascension_mode":false,"campfire_choices":[{"floor":12,"key":"REST"},{"floor":15,"key":"REST"}],"circlet_count":0,"master_deck":["theDruid:Strike_O","theDruid:Strike_O","theDruid:Strike_O","theDruid:Strike_O","theDruid:Defend_O","theDruid:Defend_O","theDruid:Defend_O","theDruid:Defend_O","theDruid:BriarArmor","theDruid:WildSlash","theDruid:Guidance","theDruid:Resourcefulness","theDruid:Slingshot","theDruid:ForestsSoul","theDruid:Gore","theDruid:IronbarkArmor","theDruid:Guidance","theDruid:Starfall","theDruid:BrambleLash","theDruid:Entangle","theDruid:BloodiedFur","theDruid:Starburst","theDruid:Mutilate","theDruid:Gore","theDruid:SpiritCall"],"relics":["theDruid:CrownOfTheWilds","NeowsBlessing","Orrery","hubris:ToyBattleship","Oddly Smooth Stone","hubris:OldNail","Gambling Chip","hubris:Backtick","Unceasing Top"],"acts_visited":["Exordium","TheCity"],"potions_floor_usage":[6],"damage_taken":[{"damage":0,"enemies":"Cultist","floor":1,"turns":1},{"damage":0,"enemies":"Jaw Worm","floor":2,"turns":1},{"damage":0,"enemies":"2 Louse","floor":3,"turns":1},{"damage":7,"enemies":"Lagavulin","floor":6,"turns":5},{"damage":11,"enemies":"Exordium Wildlife","floor":7,"turns":3},{"damage":32,"enemies":"Gremlin Nob","floor":10,"turns":4},{"damage":1,"enemies":"2 Fungi Beasts","floor":11,"turns":3},{"damage":0,"enemies":"Red Slaver","floor":13,"turns":5},{"damage":7,"enemies":"3 Louse","floor":14,"turns":4},{"damage":30,"enemies":"Hexaghost","floor":16,"turns":9},{"damage":15,"enemies":"3 Byrds","floor":18,"turns":5}],"seed_played":"6860618427059983970","potions_obtained":[{"floor":1,"key":"SteroidPotion"},{"floor":2,"key":"Strength Potion"},{"floor":14,"key":"Energy Potion"},{"floor":16,"key":"AttackPotion"}],"is_trial":false,"path_per_floor":["M","M","M","$","?","E","M","$","T","E","M","R","M","M","R","B",null,"M"],"character_chosen":"DRUID","items_purchased":["Orrery"],"campfire_rested":2,"item_purchase_floors":[4],"current_hp_per_floor":[75,75,75,75,75,68,57,57,57,25,24,46,46,39,61,31,75,60,60],"gold":272,"neow_bonus":"THREE_ENEMY_KILL","is_daily":false,"chose_seed":false,"campfire_upgraded":0,"win_rate":0.0,"timestamp":1611179770,"path_taken":["M","M","?","$","?","E","M","?","T","E","M","R","M","M","R","BOSS","M"],"items_purchased_type":["Relic"],"build_version":"2020-12-22","purchased_purges":0,"victory":false,"max_hp_per_floor":[75,75,75,75,75,75,75,75,75,75,75,75,75,75,75,75,75,75,75],"card_choices":[{"not_picked":["theDruid:LunarScythe","theDruid:WildArmor"],"picked":"theDruid:Guidance","floor":1},{"not_picked":["theDruid:Guidance","theDruid:FullMoon"],"picked":"theDruid:Resourcefulness","floor":2},{"not_picked":["theDruid:Recoil","theDruid:BristlingBulwark"],"picked":"theDruid:Slingshot","floor":3},{"not_picked":["theDruid:PlagueClaw","theDruid:Recoil"],"picked":"theDruid:ForestsSoul","floor":4},{"not_picked":["theDruid:ExposingSlash","theDruid:LunarScythe"],"picked":"theDruid:Gore","floor":4},{"not_picked":["theDruid:BlessedStrike","theDruid:Guidance"],"picked":"theDruid:IronbarkArmor","floor":4},{"not_picked":["theDruid:Recoil","theDruid:TakeShelter"],"picked":"theDruid:Guidance","floor":4},{"not_picked":["theDruid:TakeShelter","theDruid:BackupSupplies"],"picked":"theDruid:Starfall","floor":4},{"not_picked":["theDruid:Infestation","theDruid:Slingshot"],"picked":"theDruid:BrambleLash","floor":6},{"not_picked":["theDruid:FelineGrace","theDruid:Guidance"],"picked":"theDruid:Entangle","floor":7},{"not_picked":["theDruid:BackupSupplies","theDruid:Starfall"],"picked":"theDruid:BloodiedFur","floor":10},{"not_picked":["theDruid:IronClaw","theDruid:Recoil"],"picked":"theDruid:Starburst","floor":11},{"not_picked":["theDruid:TakeShelter","theDruid:ExposingSlash"],"picked":"theDruid:Mutilate","floor":13},{"not_picked":["theDruid:Starfall","theDruid:BrambleLash"],"picked":"theDruid:Gore","floor":14},{"not_picked":["theDruid:CelestialSurge","theDruid:TearOpen"],"picked":"theDruid:SpiritCall","floor":16}],"player_experience":282947,"relics_obtained":[{"floor":6,"key":"Oddly Smooth Stone"},{"floor":9,"key":"hubris:OldNail"},{"floor":10,"key":"Gambling Chip"}],"event_choices":[{"damage_healed":0,"gold_gain":0,"player_choice":"Gave Potion","damage_taken":0,"relics_obtained":["hubris:ToyBattleship"],"max_hp_gain":0,"max_hp_loss":0,"event_name":"WeMeetAgain","floor":5,"gold_loss":0}],"is_beta":false,"boss_relics":[{"not_picked":["hubris:TerracottaHorce","hubris:VirtuousBlindfold"],"picked":"hubris:Backtick"}],"items_purged_floors":[],"is_endless":false,"potions_floor_spawned":[1,2,14,16],"killed_by":"3 Byrds","ascension_level":0}}