{"host":"ecaj4hn004xnnrw9","time":1611184747,"event":{"mods":["AchievementEnabler","BaseMod","Better Third Choice","Card Forge","Hermit","Hubris","Infinite Spire","Jorbs\u0027s Wanderer Trilogy","Minty Spire (QoL Compilation)","Quick Restart","Relic Stats","Shop Mod","StSLib","The Construct","The Jungle","The Runesmith"],"gold_per_floor":[116,116,116,129,149,183,183,197,197,224,235,235,248,275,275,347,347,358,371,391,405,415,415,435,460,460,491,510,542,576,596,596,673,673,685,307,326,342,392,423,423,451,451,451,463,481,481,511,511,511,511,511,0,29,29],"floor_reached":56,"language":"ENG","playtime":1622,"items_purged":["Double Tap+1","TalkToTheHand+1"],"score":3025,"play_id":"fe0bf4bf-56db-490a-97c0-17aac8f2155c","local_time":"20210120231907","is_ascension_mode":true,"campfire_choices":[{"floor":7.0,"key":"RECALL"},{"floor":15.0,"key":"REST"},{"floor":23.0,"key":"REST"},{"floor":32.0,"key":"REST"},{"data":"Blasphemy","floor":41.0,"key":"SMITH"},{"floor":44,"key":"REST"},{"data":"TalkToTheHand","floor":49,"key":"SMITH"},{"floor":52,"key":"REST"}],"circlet_count":0,"master_deck":["AscendersBane","Offering+1","Inflame+1","Whirlwind+1","Offering+1","Limit Break+1","Reaper+1","Limit Break+1","Seeing Red+1","Limit Break+1","Blasphemy+1"],"relics":["Hammer of Thor","Seething Fire","Anvil of the Gods","Runic Dome","infinitespire:ShieldingShard","Shuriken","Pantograph","White Beast Statue","hubris:Stopwatch","Smiling Mask","infinitespire:EmpoweringShard","hubris:DisguiseKit","Potion Belt","Red Mask","construct:WeddingRing","Happy Flower","Sling","Magic Flower","infinitespire:Lychee Nut","Sundial","infinitespire:WardingShard","Kunai","Centennial Puzzle","Runesmith:Nanobots"],"acts_visited":["Exordium","TheCity","TheBeyond","TheEnding"],"potions_floor_usage":[55,55,55],"damage_taken":[{"damage":12.0,"enemies":"2 Louse","floor":1.0,"turns":1.0},{"damage":6.0,"enemies":"Small Slimes","floor":4.0,"turns":1.0},{"damage":12.0,"enemies":"Cultist","floor":5.0,"turns":1.0},{"damage":0.0,"enemies":"3 Sentries","floor":6.0,"turns":1.0},{"damage":3.0,"enemies":"Gremlin Gang","floor":8.0,"turns":1.0},{"damage":9.0,"enemies":"Lagavulin","floor":10.0,"turns":1.0},{"damage":9.0,"enemies":"Exordium Thugs","floor":11.0,"turns":1.0},{"damage":9.0,"enemies":"Large Slime","floor":13.0,"turns":1.0},{"damage":9.0,"enemies":"Gremlin Nob","floor":14.0,"turns":1.0},{"damage":9.0,"enemies":"The Guardian","floor":16.0,"turns":1.0},{"damage":0.0,"enemies":"2 Thieves","floor":18.0,"turns":1.0},{"damage":6.0,"enemies":"Shell Parasite","floor":19.0,"turns":1.0},{"damage":0.0,"enemies":"3 Cultists","floor":20.0,"turns":1.0},{"damage":6.0,"enemies":"Snake Plant","floor":21.0,"turns":1.0},{"damage":6.0,"enemies":"Sentry and Sphere","floor":22.0,"turns":1.0},{"damage":6.0,"enemies":"Chosen and Byrds","floor":24.0,"turns":1.0},{"damage":6.0,"enemies":"Nightmare","floor":25.0,"turns":1.0},{"damage":6.0,"enemies":"Slavers","floor":27.0,"turns":1.0},{"damage":6.0,"enemies":"Snecko","floor":28.0,"turns":1.0},{"damage":6.0,"enemies":"Gremlin Leader","floor":29.0,"turns":1.0},{"damage":0.0,"enemies":"Masked Bandits","floor":30.0,"turns":1.0},{"damage":0.0,"enemies":"Centurion and Healer","floor":31.0,"turns":1.0},{"damage":6.0,"enemies":"Collector","floor":33.0,"turns":2.0},{"damage":3.0,"enemies":"Orb Walker","floor":35.0,"turns":1.0},{"damage":3.0,"enemies":"3 Darklings","floor":37.0,"turns":1.0},{"damage":0.0,"enemies":"Sphere and 2 Shapes","floor":38.0,"turns":1.0},{"damage":0.0,"enemies":"2 Orb Walkers","floor":39.0,"turns":1.0},{"damage":0.0,"enemies":"Nemesis","floor":40.0,"turns":1.0},{"damage":3.0,"enemies":"Giant Head","floor":42.0,"turns":1.0},{"damage":17,"enemies":"4 Shapes","floor":45,"turns":1},{"damage":3,"enemies":"Transient","floor":46,"turns":2},{"damage":3,"enemies":"Nightmare","floor":48,"turns":1},{"damage":3,"enemies":"hubris:GrandSnecko","floor":50,"turns":1},{"damage":0,"enemies":"Shield and Spear","floor":54,"turns":1},{"damage":36,"enemies":"The Heart","floor":55,"turns":3}],"seed_played":"8429111708827857590","potions_obtained":[{"floor":1.0,"key":"GamblersBrew"},{"floor":6.0,"key":"SteroidPotion"},{"floor":18.0,"key":"Explosive Potion"},{"floor":25.0,"key":"infinitespire:BlackPotion"},{"floor":28.0,"key":"BlessingOfTheForge"},{"floor":29.0,"key":"AttackPotion"},{"floor":30.0,"key":"SkillPotion"},{"floor":42.0,"key":"BloodPotion"}],"is_trial":false,"path_per_floor":["M","?","?","M","M","E","R","M","T","E","M","$","M","E","R","B",null,"M","M","M","M","M","R","M","NM","T","E","M","E","?","M","R","B",null,"M","$","M","M","?","E","R","E","T","R","M","M","?","NM","R","B",null,"R","$","E","B",null],"character_chosen":"IRONCLAD","items_purchased":["Happy Flower","Sling","Kunai","Centennial Puzzle"],"campfire_rested":5,"item_purchase_floors":[36,36,53,53],"current_hp_per_floor":[56,56,85,85,85,85,85,85,85,85,85,85,85,85,85,85,85,85,85,85,85,85,85,85,85,85,85,85,85,85,85,85,85,85,85,85,85,85,85,63,63,63,63,63,63,63,63,63,63,63,63,63,63,63,39],"gold":29,"neow_bonus":"BOSS_RELIC","is_daily":false,"chose_seed":false,"campfire_upgraded":2,"win_rate":0.0,"timestamp":1611184747,"path_taken":["M","?","?","M","M","E","R","M","T","E","?","$","M","E","R","BOSS","M","M","M","M","?","R","M","NM","T","E","M","E","?","M","R","BOSS","M","$","M","M","?","E","R","E","T","R","M","M","?","NM","R","BOSS","R","$","E","BOSS"],"items_purchased_type":["Relic","Relic","Relic","Relic"],"build_version":"2020-12-22","purchased_purges":2,"victory":true,"max_hp_per_floor":[75,75,85,85,85,85,85,85,85,85,85,85,85,85,85,85,85,85,85,85,85,85,85,85,85,85,85,85,85,85,85,85,85,85,85,85,85,85,85,63,63,63,63,63,63,63,63,63,63,63,63,63,63,63,63],"relic_stats":{"Centennial Puzzle":[3],"Happy Flower":[4],"counters":[35,39],"Shuriken":[2],"Sundial":[8],"Pantograph":0,"Magic Flower":[0],"Kunai":[0],"Smiling Mask":75,"obtain_stats":[{"Magic Flower":39,"Hammer of Thor":0,"Smiling Mask":25,"Sling":36,"Burning Blood":0,"Centennial Puzzle":53,"infinitespire:ShieldingShard":6,"Sundial":42,"Pantograph":10,"hubris:Stopwatch":17,"Red Mask":30,"Kunai":53,"Potion Belt":29,"hubris:DisguiseKit":27,"Runesmith:Nanobots":54,"construct:WeddingRing":34,"Happy Flower":36,"Seething Fire":0,"White Beast Statue":14,"Runic Dome":0,"infinitespire:WardingShard":48,"Anvil of the Gods":0,"Shuriken":9,"infinitespire:Lychee Nut":40,"infinitespire:EmpoweringShard":26},{"Magic Flower":27,"Hammer of Thor":0,"Smiling Mask":17,"Sling":24,"Burning Blood":0,"Centennial Puzzle":33,"infinitespire:ShieldingShard":4,"Sundial":29,"Pantograph":6,"hubris:Stopwatch":10,"Red Mask":21,"Kunai":33,"Potion Belt":20,"hubris:DisguiseKit":18,"Runesmith:Nanobots":34,"construct:WeddingRing":23,"Happy Flower":24,"Seething Fire":0,"White Beast Statue":9,"Runic Dome":0,"infinitespire:WardingShard":32,"Anvil of the Gods":0,"Shuriken":5,"infinitespire:Lychee Nut":28,"infinitespire:EmpoweringShard":17},{"Magic Flower":28,"Hammer of Thor":0,"Smiling Mask":17,"Sling":25,"Burning Blood":0,"Centennial Puzzle":35,"infinitespire:ShieldingShard":4,"Sundial":30,"Pantograph":6,"hubris:Stopwatch":10,"Red Mask":21,"Kunai":35,"Potion Belt":20,"hubris:DisguiseKit":18,"Runesmith:Nanobots":36,"construct:WeddingRing":24,"Happy Flower":25,"Seething Fire":0,"White Beast Statue":9,"Runic Dome":0,"infinitespire:WardingShard":34,"Anvil of the Gods":0,"Shuriken":5,"infinitespire:Lychee Nut":29,"infinitespire:EmpoweringShard":17}]},"card_choices":[{"not_picked":["Cleave","Clash","Combust"],"picked":"SKIP","floor":1.0},{"not_picked":["Ghostly Armor","Flame Barrier","Heavy Blade"],"picked":"SKIP","floor":4.0},{"not_picked":["Seeing Red","Sword Boomerang","Whirlwind"],"picked":"SKIP","floor":5.0},{"not_picked":["Clothesline","Flame Barrier","Burning Pact"],"picked":"SKIP","floor":6.0},{"not_picked":["hubris:ReadiedAction","Evolve","hubris:CleavingFinish"],"picked":"SKIP","floor":8.0},{"not_picked":["Sword Boomerang","Clash","Rage"],"picked":"SKIP","floor":10.0},{"not_picked":["Dual Wield","Anger","Inflame"],"picked":"SKIP","floor":11.0},{"not_picked":["Thunderclap","Heavy Blade","Headbutt"],"picked":"SKIP","floor":13.0},{"not_picked":["hubris:StunningStrike","Headbutt","Reaper"],"picked":"SKIP","floor":14.0},{"not_picked":["Clothesline","True Grit","Wild Strike"],"picked":"SKIP","floor":18.0},{"not_picked":["Evolve","Entrench","Sword Boomerang"],"picked":"SKIP","floor":19.0},{"not_picked":["Headbutt","Perfected Strike+1","Flex"],"picked":"SKIP","floor":20.0},{"not_picked":["Clash","Sword Boomerang","Wild Strike"],"picked":"SKIP","floor":21.0},{"not_picked":["Shockwave","True Grit","Flex+1"],"picked":"SKIP","floor":22.0},{"not_picked":["Uppercut","Searing Blow+1","hubris:ReadiedAction"],"picked":"SKIP","floor":24.0},{"not_picked":["Iron Wave","Pommel Strike","Wild Strike"],"picked":"SKIP","floor":25.0},{"not_picked":["Intimidate","Flame Barrier","Perfected Strike"],"picked":"SKIP","floor":27.0},{"not_picked":["Shrug It Off","Offering","Body Slam","Evaluate"],"picked":"SKIP","floor":28.0},{"not_picked":["Shrug It Off","Headbutt","Havoc+1","EmptyBody"],"picked":"SKIP","floor":29.0},{"not_picked":["Bloodletting","Blood for Blood+1","Fire Breathing","Crescendo"],"picked":"SKIP","floor":31.0},{"not_picked":["hubris:StunningStrike","Bludgeon","Feed"],"picked":"Blasphemy","floor":33.0},{"not_picked":["Rage","Havoc","Warcry","BowlingBash"],"picked":"SKIP","floor":35.0},{"not_picked":["Clothesline","Whirlwind+1","Warcry","Fasting2"],"picked":"SKIP","floor":37.0},{"not_picked":["hubris:ReadiedAction+1","Anger","Havoc","WreathOfFlame"],"picked":"SKIP","floor":38.0},{"not_picked":["Brutality","Iron Wave","Perfected Strike+1","CarveReality"],"picked":"SKIP","floor":40.0},{"not_picked":["Headbutt","Corruption","Battle Trance","Fasting2"],"picked":"SKIP","floor":42.0},{"not_picked":["True Grit+1","Iron Wave+1","Clothesline","Prostrate"],"picked":"SKIP","floor":45},{"not_picked":["True Grit","Perfected Strike","Wild Strike"],"picked":"TalkToTheHand","floor":46},{"not_picked":["Shockwave","Battle Trance","Blood for Blood","CutThroughFate"],"picked":"SKIP","floor":48},{"not_picked":["Hemokinesis+1","Pummel","Reckless Charge+1","Evaluate"],"picked":"SKIP","floor":54}],"player_experience":400460,"relics_obtained":[{"floor":6.0,"key":"infinitespire:ShieldingShard"},{"floor":9.0,"key":"Shuriken"},{"floor":10.0,"key":"Pantograph"},{"floor":14.0,"key":"White Beast Statue"},{"floor":25.0,"key":"Smiling Mask"},{"floor":26.0,"key":"infinitespire:EmpoweringShard"},{"floor":27.0,"key":"hubris:DisguiseKit"},{"floor":29.0,"key":"Potion Belt"},{"floor":30.0,"key":"Red Mask"},{"floor":39.0,"key":"Magic Flower"},{"floor":40.0,"key":"infinitespire:Lychee Nut"},{"floor":42.0,"key":"Sundial"},{"floor":48,"key":"infinitespire:WardingShard"},{"floor":54,"key":"Runesmith:Nanobots"}],"event_choices":[{"damage_healed":0.0,"max_hp_gain":0.0,"max_hp_loss":0.0,"gold_gain":0.0,"event_name":"betterThird:BetterSerpent","player_choice":"Ignored","floor":2.0,"gold_loss":0.0,"damage_taken":116.0},{"cards_removed":["Limit Break"],"damage_healed":19.0,"max_hp_gain":10.0,"max_hp_loss":0.0,"gold_gain":0.0,"event_name":"Bonfire Elementals","player_choice":"Offered Rare","floor":3.0,"gold_loss":0.0,"damage_taken":0.0},{"damage_healed":0.0,"max_hp_gain":0.0,"max_hp_loss":0.0,"gold_gain":0.0,"event_name":"Masked Bandits","player_choice":"Fought Bandits","floor":30.0,"gold_loss":0.0,"damage_taken":0.0},{"damage_healed":0.0,"max_hp_gain":0.0,"max_hp_loss":0.0,"gold_gain":0.0,"event_name":"Mysterious Sphere","player_choice":"Fight","floor":39.0,"gold_loss":0.0,"damage_taken":0.0},{"damage_healed":0,"gold_gain":0,"player_choice":"Memory 1","damage_taken":0,"max_hp_gain":0,"max_hp_loss":0,"event_name":"SensoryStone","floor":47,"gold_loss":0}],"is_beta":false,"boss_relics":[{"not_picked":["Busted Crown","Runesmith:UraniumAnvil"],"picked":"hubris:Stopwatch"},{"not_picked":["Coffee Dripper","Fusion Hammer"],"picked":"construct:WeddingRing"}],"items_purged_floors":[36,53],"is_endless":false,"potions_floor_spawned":[1,6,10,11,13,16,18,19,20,21,22,24,25,27,28,29,30,31,33,35,37,38,39,40,42,45,46,48,54],"ascension_level":17}}