{"host":"yuoancq4cku3x8wq","time":1611138663,"event":{"mods":["AchievementEnabler","BaseMod","Downfall","Minty Spire (QoL Compilation)","Quick Restart","StSLib","SuperFastMode"],"gold_per_floor":[99,109,124,124,142,242,296,296,313,213,241,258,285,43,57,160,460,360,377,262,272,283,283,283,302,302,302,7,27,44,89,100,195,195,95,110,121,121,121,140,140,140,165,165,184,195,195,215,235,235,235,269,59,59,59,59],"floor_reached":57,"language":"ZHS","playtime":3558,"items_purged":["Guardian:Strike_Guardian","Guardian:Defend_Guardian","Guardian:Strike_Guardian+1","Guardian:Defend_Guardian"],"score":1350,"play_id":"f9c6a7ad-a64e-4d57-bb79-3f1999e6c2b0","local_time":"20210120183103","is_ascension_mode":false,"campfire_choices":[{"floor":1.0,"key":"RECALL"},{"data":"Guardian:Recover","floor":10.0,"key":"SMITH"},{"data":"Guardian:RevengeProtocol","floor":18.0,"key":"SMITH"},{"data":"Guardian:Clone","floor":23.0,"key":"SMITH"},{"data":"Guardian:BodySlam","floor":35.0,"key":"SMITH"},{"data":"Guardian:PrismaticBarrier","floor":44.0,"key":"SMITH"},{"floor":54,"key":"REST"}],"circlet_count":0,"master_deck":["Guardian:CurlUp","Guardian:TwinSlam+1","Guardian:BodySlam+1","Guardian:SentryBeam+1","Guardian:ArmoredProtocol","Guardian:SpikerProtocol","Guardian:Planning+1","Guardian:ArmoredProtocol","Guardian:SphericShield","Guardian:RevengeProtocol+1","CurseOfTheBell","Guardian:SpikerProtocol+1","Guardian:Clone+1","Guardian:BodySlam+1","Guardian:Repulse","Guardian:PrismaticBarrier+1","Guardian:SphericShield","Guardian:ArmoredProtocol","Guardian:EvasiveProtocol+1","Guardian:DecasProtection","Guardian:RevengeProtocol","Guardian:TemporalShield"],"relics":["Guardian:ModeShifter","Lantern","downfall:HeartBlessingRed","White Beast Statue","Whetstone","Calling Bell","Dream Catcher","Blue Candle","Old Coin","downfall:HeartBlessingGreen","TheAbacus","Empty Cage","downfall:HeartBlessingBlue","Akabeko","Pear","Guardian:PickAxe","Membership Card"],"acts_visited":["Exordium","TheCity","TheBeyond","TheEnding"],"potions_floor_usage":[55,56,56],"damage_taken":[{"damage":5.0,"enemies":"Small Slimes","floor":2.0,"turns":4.0},{"damage":1.0,"enemies":"Jaw Worm","floor":3.0,"turns":6.0},{"damage":6.0,"enemies":"2 Louse","floor":5.0,"turns":3.0},{"damage":18.0,"enemies":"downfall:Heads","floor":6.0,"turns":6.0},{"damage":5.0,"enemies":"Lots of Slimes","floor":9.0,"turns":5.0},{"damage":10.0,"enemies":"Gremlin Nob","floor":11.0,"turns":4.0},{"damage":0.0,"enemies":"Exordium Thugs","floor":12.0,"turns":4.0},{"damage":4.0,"enemies":"Lagavulin","floor":13.0,"turns":6.0},{"damage":0.0,"enemies":"downfall:FleeingMerchant","floor":14.0,"turns":4.0},{"damage":0.0,"enemies":"2 Fungi Beasts","floor":15.0,"turns":3.0},{"damage":6.0,"enemies":"SI_SHIV_ARCHETYPE","floor":16.0,"turns":6.0},{"damage":0.0,"enemies":"3 Byrds","floor":19.0,"turns":1.0},{"damage":0.0,"enemies":"downfall:FleeingMerchant","floor":20.0,"turns":4.0},{"damage":0.0,"enemies":"Shell Parasite","floor":21.0,"turns":3.0},{"damage":2.0,"enemies":"Snake Plant","floor":22.0,"turns":4.0},{"damage":0.0,"enemies":"3 Cultists","floor":25.0,"turns":5.0},{"damage":1.0,"enemies":"downfall:FleeingMerchant","floor":28.0,"turns":4.0},{"damage":1.0,"enemies":"Chosen and Byrds","floor":29.0,"turns":4.0},{"damage":8.0,"enemies":"Snecko","floor":30.0,"turns":7.0},{"damage":0.0,"enemies":"downfall:FleeingMerchant","floor":31.0,"turns":4.0},{"damage":0.0,"enemies":"3 Cultists","floor":32.0,"turns":5.0},{"damage":1.0,"enemies":"WA_ARCHETYPE_CALM","floor":33.0,"turns":8.0},{"damage":0.0,"enemies":"3 Shapes","floor":36.0,"turns":5.0},{"damage":15.0,"enemies":"3 Darklings","floor":37.0,"turns":5.0},{"damage":15.0,"enemies":"4 Shapes","floor":40.0,"turns":7.0},{"damage":14.0,"enemies":"Reptomancer","floor":43.0,"turns":3.0},{"damage":0.0,"enemies":"Spire Growth","floor":45.0,"turns":4.0},{"damage":0.0,"enemies":"Maw","floor":46.0,"turns":5.0},{"damage":4.0,"enemies":"Transient","floor":48.0,"turns":5.0},{"damage":0.0,"enemies":"Writhing Mass","floor":49.0,"turns":6.0},{"damage":0.0,"enemies":"IC_BLOCK_ARCHETYPE","floor":50.0,"turns":8.0},{"damage":15.0,"enemies":"downfall:CharBossMerchant","floor":52.0,"turns":6.0},{"damage":20,"enemies":"downfall:NeowBoss","floor":55,"turns":17},{"damage":76,"enemies":"downfall:NeowBossFinal","floor":56,"turns":10}],"seed_played":"7286923978491947307","potions_obtained":[{"floor":5.0,"key":"DuplicationPotion"},{"floor":9.0,"key":"bronze:BurnAndBuffPotion"},{"floor":11.0,"key":"LiquidBronze"},{"floor":12.0,"key":"Dexterity Potion"},{"floor":13.0,"key":"GamblersBrew"},{"floor":19.0,"key":"Guardian:BlockOnCardUsePotion"},{"floor":26.0,"key":"CultistPotion"},{"floor":36.0,"key":"PowerPotion"},{"floor":43.0,"key":"Fire Potion"},{"floor":52.0,"key":"FearPotion"}],"is_trial":false,"path_per_floor":["R","M","M","?","M","?","T","?","M","R","E","M","E","$","M","B",null,"R","M","$","M","M","R","T","M","?","?","$","M","M","$","M","B",null,"R","M","M","?","?","M","T","?","E","R","M","M","?","M","M","B",null,"E","$","R","B","B",null],"character_chosen":"GUARDIAN","items_purchased":["Guardian:ArmoredProtocol","Guardian:Gem_Blue","TheAbacus","Guardian:Gem_White","Guardian:Repulse","Membership Card","Guardian:TemporalShield","Guardian:BlockOnCardUsePotion"],"campfire_rested":1,"item_purchase_floors":[14,14,28,31,31,53,53,53],"current_hp_per_floor":[88,83,82,87,81,63,63,63,58,58,48,48,44,44,44,38,93,93,93,93,93,91,91,91,91,91,91,90,89,81,81,81,80,93,103,103,88,88,88,73,73,65,61,61,61,61,61,57,57,57,113,98,98,113,93,17],"gold":59,"neow_bonus":"TEN_PERCENT_HP_BONUS","is_daily":false,"chose_seed":false,"campfire_upgraded":5,"win_rate":0.0,"timestamp":1611138663,"path_taken":["R","M","M","?","M","?","T","?","M","R","E","M","E","$","M","BOSS","R","M","$","M","M","R","T","?","?","?","$","M","M","$","M","BOSS","R","M","?","?","?","M","T","?","E","R","?","M","?","M","M","BOSS","E","$","R","BOSS","BOSS"],"items_purchased_type":["Card","Card","Relic","Card","Card","Relic","Card","Potion"],"build_version":"2020-12-22","purchased_purges":4,"victory":true,"max_hp_per_floor":[88,88,88,93,93,93,93,93,93,93,93,93,93,93,93,93,93,93,93,93,93,93,93,93,93,93,93,93,93,93,93,93,93,93,103,103,103,103,103,103,103,103,113,113,113,113,113,113,113,113,113,113,113,113,113,113],"card_choices":[{"not_picked":["Guardian:Gem_Red","Guardian:Preprogram"],"picked":"Guardian:BodySlam","floor":2.0},{"not_picked":["Guardian:Gem_Lightblue","Guardian:PrimingBeam"],"picked":"Guardian:Recover","floor":3.0},{"not_picked":["Guardian:Recover","Guardian:VentSteam","Guardian:PrimingBeam"],"picked":"SKIP","floor":5.0},{"not_picked":["Guardian:WalkerClaw","Guardian:PrismaticBeam"],"picked":"Guardian:Gem_Cyan","floor":6.0},{"not_picked":["Guardian:PiercingHide","Guardian:CrystalBeam"],"picked":"Guardian:Gem_White","floor":9.0},{"not_picked":["Guardian:SentryBeam","Guardian:PrismaticBarrier"],"picked":"Guardian:ArmoredProtocol","floor":11.0},{"not_picked":["Guardian:TimeCapacitor","Guardian:Gem_Lightblue"],"picked":"Guardian:SpikerProtocol","floor":12.0},{"not_picked":["Guardian:PolyBeam","Guardian:GuardianWhirl","Guardian:WalkerClaw"],"picked":"SKIP","floor":13.0},{"not_picked":["Guardian:TimeCapacitor","Guardian:WalkerClaw"],"picked":"Guardian:Planning","floor":14.0},{"not_picked":["Guardian:Emergency","Guardian:ShieldCharger"],"picked":"Guardian:SphericShield","floor":15.0},{"not_picked":["Guardian:FastForward","Guardian:Gem_Synthetic"],"picked":"Guardian:RevengeProtocol","floor":16.0},{"not_picked":["Guardian:ShieldSpikes","Guardian:TimeCapacitor"],"picked":"Guardian:SpikerProtocol","floor":19.0},{"not_picked":["Guardian:VentSteam+1","Guardian:Gem_Yellow"],"picked":"Guardian:Clone","floor":20.0},{"not_picked":["Guardian:TemporalShield","Guardian:Incinerate+1","Guardian:CrystalBeam+1"],"picked":"SKIP","floor":21.0},{"not_picked":["Guardian:PrismaticBeam","Guardian:Preprogram","Guardian:StasisStrike"],"picked":"SKIP","floor":22.0},{"not_picked":["Guardian:CrystalBeam+1","Guardian:Reroute","Guardian:RollAttack"],"picked":"SKIP","floor":25.0},{"not_picked":["Guardian:CrystalBeam","Guardian:PrimingBeam+1"],"picked":"Guardian:BodySlam","floor":28.0},{"not_picked":["Guardian:MultiBeam","Guardian:StasisField"],"picked":"Guardian:Gem_Blue","floor":29.0},{"not_picked":["Guardian:Gem_Cyan","Guardian:Incinerate","Guardian:TemporalShield+1"],"picked":"SKIP","floor":30.0},{"not_picked":["Guardian:Gem_Lightblue","Guardian:ChargeCore+1"],"picked":"Guardian:PiercingHide","floor":31.0},{"not_picked":["Guardian:TimeCapacitor","Guardian:BodySlam"],"picked":"Guardian:PrismaticBarrier","floor":32.0},{"not_picked":["Guardian:StasisField","Guardian:Gem_Orange"],"picked":"Guardian:SphericShield","floor":33.0},{"not_picked":["Guardian:Preprogram","Guardian:Gem_Purple"],"picked":"Guardian:ArmoredProtocol","floor":36.0},{"not_picked":["Guardian:Emergency+1","Guardian:Recover"],"picked":"Guardian:EvasiveProtocol+1","floor":37.0},{"not_picked":["Guardian:Repulse+1","Guardian:Gem_Red","Guardian:VentSteam+1"],"picked":"SKIP","floor":40.0},{"not_picked":["Guardian:RollAttack","Guardian:Gem_Green","Guardian:PrismaticBeam"],"picked":"SKIP","floor":43.0},{"not_picked":["Guardian:PiercingHide+1","Guardian:VentSteam","Guardian:Incinerate+1"],"picked":"SKIP","floor":45.0},{"not_picked":["Guardian:PiercingHide","Guardian:Suspension+1","Guardian:Planning+1"],"picked":"SKIP","floor":46.0},{"not_picked":["Guardian:VentSteam","Guardian:PrimingBeam+1","Guardian:RollAttack+1"],"picked":"SKIP","floor":48.0},{"not_picked":["Guardian:RollAttack","Guardian:TemporalStrike+1"],"picked":"Guardian:DecasProtection","floor":49.0},{"not_picked":["Guardian:TemporalStrike","Guardian:StasisStrike"],"picked":"Guardian:RevengeProtocol","floor":52.0}],"player_experience":300607,"relics_obtained":[{"floor":7.0,"key":"Lantern"},{"floor":11.0,"key":"White Beast Statue"},{"floor":13.0,"key":"Whetstone"},{"floor":17.0,"key":"Dream Catcher"},{"floor":17.0,"key":"Blue Candle"},{"floor":17.0,"key":"Old Coin"},{"floor":41.0,"key":"Akabeko"},{"floor":43.0,"key":"Pear"},{"floor":52.0,"key":"Guardian:PickAxe"}],"event_choices":[{"damage_healed":0.0,"max_hp_gain":5.0,"max_hp_loss":0.0,"gold_gain":0.0,"event_name":"Big Fish","player_choice":"Donut","floor":4.0,"gold_loss":0.0,"damage_taken":0.0},{"cards_removed":["Guardian:Recover"],"damage_healed":0.0,"max_hp_gain":0.0,"max_hp_loss":0.0,"gold_gain":0.0,"event_name":"Falling","player_choice":"Removed Skill","floor":47.0,"gold_loss":0.0,"damage_taken":0.0}],"is_beta":false,"boss_relics":[{"not_picked":["Cursed Key","Astrolabe"],"picked":"Calling Bell"},{"not_picked":["Fusion Hammer","Guardian:StasisSlotReductionRelic"],"picked":"Empty Cage"}],"items_purged_floors":[14,20,28,31],"is_endless":false,"potions_floor_spawned":[5,9,11,12,13,14,15,16,19,20,21,22,25,28,29,30,31,32,33,36,37,40,43,45,46,48,49,52],"ascension_level":0}}