{"host":"hzinic87vu8p95wn","time":1611130425,"event":{"mods":["BaseMod","Minty Spire (QoL Compilation)"],"gold_per_floor":[113,113,113,263,7,7,7,31,31,31,66,66,90,90,90],"floor_reached":14,"language":"ENG","playtime":292,"items_purged":["Doubt"],"score":163,"play_id":"c4a7d9fb-393c-48a6-b624-87ac06b0739e","local_time":"20210120191345","is_ascension_mode":true,"campfire_choices":[{"floor":7.0,"key":"REST"},{"floor":12.0,"key":"REST"}],"circlet_count":0,"master_deck":["AscendersBane","Strike_B","Strike_B","Strike_B","Strike_B","Defend_B","Defend_B","Defend_B","Defend_B","Zap+1","Dualcast","Redo","Gash","Go for the Eyes","Coolheaded","Rebound"],"relics":["Cracked Core","Golden Idol","Membership Card","Calipers","Gambling Chip","Blue Candle","Letter Opener"],"acts_visited":["Exordium"],"potions_floor_usage":[],"damage_taken":[{"damage":1.0,"enemies":"Cultist","floor":1.0,"turns":3.0},{"damage":1.0,"enemies":"2 Louse","floor":8.0,"turns":2.0},{"damage":40.0,"enemies":"3 Sentries","floor":11.0,"turns":7.0},{"damage":3,"enemies":"Small Slimes","floor":13,"turns":2},{"damage":26,"enemies":"Lagavulin","floor":14,"turns":8}],"seed_played":"1491565686857360981","potions_obtained":[{"floor":1.0,"key":"BlessingOfTheForge"},{"floor":8.0,"key":"LiquidMemories"}],"is_trial":false,"path_per_floor":["M","?","?","?","$","?","R","M","T","T","E","R","M","E"],"character_chosen":"DEFECT","items_purchased":["Membership Card","Gash","Go for the Eyes"],"campfire_rested":2,"item_purchase_floors":[5,5,5],"current_hp_per_floor":[63,68,42,42,42,31,53,52,52,52,12,34,31,5,5],"gold":90,"neow_bonus":"UPGRADE_CARD","is_daily":false,"chose_seed":false,"campfire_upgraded":0,"win_rate":0.0,"timestamp":1611130425,"path_taken":["M","?","?","?","$","?","R","M","T","?","E","R","M","E"],"items_purchased_type":["Relic","Card","Card"],"build_version":"2020-12-22","purchased_purges":1,"victory":false,"max_hp_per_floor":[71,76,76,76,76,76,76,76,76,76,76,76,76,76,76],"card_choices":[{"not_picked":["Doom and Gloom","Storm"],"picked":"Redo","floor":1.0},{"not_picked":["Redo","Undo","Steam"],"picked":"SKIP","floor":8.0},{"not_picked":["Chill","Compile Driver"],"picked":"Coolheaded","floor":11.0},{"not_picked":["Leap","Blizzard"],"picked":"Rebound","floor":13}],"player_experience":1587215,"relics_obtained":[{"floor":9.0,"key":"Gambling Chip"},{"floor":10.0,"key":"Blue Candle"},{"floor":11.0,"key":"Letter Opener"}],"event_choices":[{"damage_healed":0.0,"max_hp_gain":5.0,"max_hp_loss":0.0,"gold_gain":0.0,"event_name":"Big Fish","player_choice":"Donut","floor":2.0,"gold_loss":0.0,"damage_taken":0.0},{"damage_healed":0.0,"max_hp_gain":0.0,"max_hp_loss":0.0,"gold_gain":0.0,"event_name":"Golden Idol","player_choice":"Take Damage","floor":3.0,"gold_loss":0.0,"damage_taken":26.0,"relics_obtained":["Golden Idol"]},{"damage_healed":0.0,"max_hp_gain":0.0,"max_hp_loss":0.0,"gold_gain":150.0,"event_name":"Liars Game","player_choice":"AGREE","floor":4.0,"gold_loss":0.0,"damage_taken":0.0,"cards_obtained":["Doubt"]},{"damage_healed":0.0,"max_hp_gain":0.0,"max_hp_loss":0.0,"gold_gain":0.0,"event_name":"Scrap Ooze","player_choice":"Success","floor":6.0,"gold_loss":0.0,"damage_taken":11.0,"relics_obtained":["Calipers"]}],"is_beta":false,"boss_relics":[],"items_purged_floors":[5],"is_endless":false,"potions_floor_spawned":[1,8],"killed_by":"Lagavulin","ascension_level":18}}