{"host":"ekrlb6qcypijffaz","time":1611177777,"event":{"mods":["2.2 Compatiblity","BaseMod","Colored Map","Downfall","Minty Spire (QoL Compilation)","Quick Restart","StSLib"],"gold_per_floor":[99,109,46,46,46,46,46,80,98,98,129,39,58,78,95,95,95,95],"floor_reached":16,"language":"ENG","playtime":1181,"items_purged":["Regret"],"score":143,"play_id":"5532d15d-28e9-4b08-9388-2562d9734007","local_time":"20210120222257","is_ascension_mode":true,"campfire_choices":[{"data":"hexamod:Float","floor":1,"key":"SMITH"},{"data":"hexamod:FlamesFromBeyond","floor":6,"key":"SMITH"},{"data":"hexamod:GhostLash","floor":10,"key":"SMITH"}],"circlet_count":0,"master_deck":["hexamod:Strike","hexamod:Strike","hexamod:Strike","hexamod:Strike","hexamod:Defend","hexamod:Defend","hexamod:Defend","hexamod:Defend","hexamod:Sear","hexamod:Float+1","hexamod:Hexaguard","hexamod:FlamesFromBeyond+1","hexamod:Hexaguard","hexamod:GhostLash+1","hexamod:FirstSeal","hexamod:AdvancingGuard","hexamod:HeatShield"],"relics":["hexamod:SpiritBrand","Ancient Tea Set","PreservedInsect","Lizard Tail","Bottled Flame"],"acts_visited":["Exordium"],"potions_floor_usage":[16],"damage_taken":[{"damage":5,"enemies":"Small Slimes","floor":2,"turns":4},{"damage":0,"enemies":"downfall:FleeingMerchant","floor":3,"turns":4},{"damage":18,"enemies":"3 Sentries","floor":8,"turns":6},{"damage":3,"enemies":"Jaw Worm","floor":9,"turns":3},{"damage":5,"enemies":"Gremlin Nob","floor":11,"turns":3},{"damage":5,"enemies":"downfall:FleeingMerchant","floor":12,"turns":4},{"damage":0,"enemies":"Cultist","floor":13,"turns":3},{"damage":3,"enemies":"Blue Slaver","floor":14,"turns":3},{"damage":2,"enemies":"Exordium Wildlife","floor":15,"turns":3},{"damage":21,"enemies":"IC_STATUS_ARCHETYPE","floor":16,"turns":8}],"seed_played":"2026953401736956137","potions_obtained":[{"floor":9,"key":"DuplicationPotion"},{"floor":11,"key":"SkillPotion"},{"floor":14,"key":"Swift Potion"},{"floor":15,"key":"Slimebound:ThreeZeroPotion"}],"is_trial":false,"path_per_floor":["R","M","$","?","?","R","T","E","M","R","E","$","M","M","M","B"],"character_chosen":"THE_SPIRIT","items_purchased":["hexamod:Hexaguard"],"campfire_rested":0,"item_purchase_floors":[3],"current_hp_per_floor":[70,65,65,65,65,65,65,47,44,44,46,48,55,59,64,43,43,43],"gold":95,"neow_bonus":"TEN_PERCENT_HP_BONUS","is_daily":false,"chose_seed":false,"campfire_upgraded":3,"win_rate":0.0,"timestamp":1611177777,"path_taken":["R","M","$","?","?","R","T","E","M","R","E","$","M","M","M","BOSS"],"items_purchased_type":["Card"],"build_version":"2020-12-22","purchased_purges":1,"victory":false,"max_hp_per_floor":[77,77,77,77,77,77,77,77,77,77,77,77,77,77,77,77,77,77],"card_choices":[{"not_picked":["hexamod:BacktrackSmack","hexamod:SwordOfDarkness"],"picked":"hexamod:Hexaguard","floor":2},{"not_picked":["hexamod:ShieldOfDarkness","hexamod:EtherealExpedition"],"picked":"hexamod:FlamesFromBeyond","floor":3},{"not_picked":["hexamod:SwordOfDarkness","hexamod:HauntingEcho"],"picked":"hexamod:GhostLash","floor":8},{"not_picked":["hexamod:GhostShield","hexamod:BacktrackSmack"],"picked":"hexamod:FirstSeal","floor":9},{"not_picked":["hexamod:DynamicBlow","hexamod:ThermalTransfer"],"picked":"hexamod:AdvancingGuard","floor":11},{"not_picked":["hexamod:AdvancingGuard","hexamod:HauntingEcho","hexamod:GhostOfSpirePast"],"picked":"SKIP","floor":12},{"not_picked":["hexamod:GhostShield","hexamod:FirstSeal","hexamod:StepThrough"],"picked":"SKIP","floor":13},{"not_picked":["hexamod:DynamicBlow","hexamod:FastForward"],"picked":"hexamod:HeatShield","floor":14},{"not_picked":["hexamod:SkipABeat","hexamod:InspiringFlames","hexamod:DynamicBlow"],"picked":"SKIP","floor":15}],"player_experience":1969162,"relics_obtained":[{"floor":7,"key":"PreservedInsect"},{"floor":8,"key":"Lizard Tail"},{"floor":11,"key":"Bottled Flame"}],"event_choices":[{"damage_healed":0,"gold_gain":0,"player_choice":"Box","damage_taken":0,"relics_obtained":["Ancient Tea Set"],"max_hp_gain":0,"max_hp_loss":0,"event_name":"Big Fish","floor":4,"gold_loss":0,"cards_obtained":["Regret"]}],"is_beta":false,"boss_relics":[],"items_purged_floors":[12],"is_endless":false,"potions_floor_spawned":[9,11,14,15],"killed_by":"IC_STATUS_ARCHETYPE","ascension_level":6}}