{"host":"f0dbpmn0khgeoqc0","time":1611112521,"event":{"mods":["2.2 Compatiblity","AchievementEnabler","Act Like it!","Ascension Unlocker","Aspiration","BaseMod","Better Altar","Better Match","Better Sensory Stone","Better Skull","Better Third Choice","BetterRewards","Block Reminder","Colored Map","Colored Powertips","Conspire","DNKmod","Disable Question Mark Monsters","Displayed Cursed Tome","Downfall","Evolution","Friendly Minions","Hermit","Highlight Path","Humility","Infinite Spire","Jorbs\u0027s Wanderer Trilogy","Koishi","Marisa????????","Minty Spire (QoL Compilation)","MostiFishMod","Permanent Neow","Random Character Button","Relic Filter","Relic Stats","Spicy Shops","Spire Arcade","StSLib","Td1madao Mod","The Alterego","The Gatherer","Treasure Hunter","Wandering Minibosses","??????REMEMod"],"gold_per_floor":[115,141,155,80,98,128,128,155,178,178,178,158,169,191,191,186,186,944,944,959,959,974,1005,1005,1030,1030,1061,1061,1071,1101,1112,1112,1184,1184,1200,1200,1211,1223,1248,1288,1307,1338,1338,1353,516,516,516,532,532,532,532,532,103,135,135],"floor_reached":56,"language":"ENG","playtime":3382,"items_purged":[],"score":3444,"play_id":"5cd0a65c-9f0c-4769-85c3-b62324ad8c05","local_time":"20210119221521","is_ascension_mode":true,"campfire_choices":[{"data":"alterego_mod:TrashNCrash","floor":7.0,"key":"SMITH"},{"data":"alterego_mod:Cushion","floor":10.0,"key":"SMITH"},{"data":"alterego_mod:TrashNCrash","floor":28.0,"key":"SMITH"},{"data":"alterego_mod:SakuraLabyrinth","floor":32.0,"key":"SMITH"},{"floor":46.0,"key":"RECALL"},{"data":"infinitespire:NeuralNetwork","floor":49.0,"key":"SMITH"},{"data":"Apotheosis","floor":52,"key":"SMITH"}],"circlet_count":0,"master_deck":["AscendersBane","alterego_mod:Strike","alterego_mod:Strike","alterego_mod:Strike","alterego_mod:Strike","alterego_mod:Defend","alterego_mod:Defend","alterego_mod:Defend","alterego_mod:Impale","alterego_mod:BigMeatyClaws","alterego_mod:BrynhildrsRune","Vault","alterego_mod:GachaTicket","alterego_mod:Birthday","alterego_mod:SakuraPetals","alterego_mod:BiFurious","alterego_mod:DestructionOfProperty","alterego_mod:RocketPunch+1","TH:CursedSword","alterego_mod:TrashNCrash+1","alterego_mod:Stockings","TH:CursedSword","alterego_mod:Cycle","TH:CopperCoins","alterego_mod:Cushion+1","TH:CursedSword","Apotheosis+1","alterego_mod:Cooking","TH:ArmorSpikes","alterego_mod:RocketPunch","alterego_mod:SakuraPetals","alterego_mod:Cushion+1","alterego_mod:TrashNCrash+1","alterego_mod:Swimsuit+1","TH:DeckOfManyThings","alterego_mod:Bounce","TH:DeckOfManyThings","alterego_mod:BiFurious","TH:CursedSword","TH:CopperCoins","alterego_mod:Bunnysuit+1","alterego_mod:BiFurious","TH:CursedSword","alterego_mod:SakuraLabyrinth+1","TH:CursedSword","alterego_mod:Rake","alterego_mod:TrashNCrash+1","TH:BikiniMail","TH:TreasureMap","alterego_mod:Bounce","Parasite","alterego_mod:SakuraFive+1","infinitespire:NeuralNetwork+1","TH:ElvenBoots","alterego_mod:Clap","TH:CursedSword","alterego_mod:Mirror+1","alterego_mod:HighServant+1","alterego_mod:Pet","TH:CursedSword","alterego_mod:Undulate+1"],"relics":["alterego_mod:MasochisticConstitution","EVO:Axolotl","DaveBox","REME_ComplimentaryCards","BionicSphere","Eternal Feather","Frozen Eye","SynthV:TestCard","Ancient Tea Set","Oddly Smooth Stone","WingedGreaves","aspiration:ArtOfWarUpgrade","REME_HandOfSuture","PatriotShield","wanderingMiniBosses:MasterThiefsPresence","Sozu","conspire:DeflatedDodgeball","MostiFishMod:Haymaker","Dream Catcher","Pear","Gremlin Horn","GuanYuAspect","PreservedInsect","Whetstone","ImprovedEquipment","Ornamental Fan","ClockworkSouvenir","Strange Spoon","aspiration:SeaSaltIceCream","Torii","Bottled Lightning","War Paint","Pen Nib"],"acts_visited":["Exordium","TheCity","TheBeyond","TheEnding"],"potions_floor_usage":[55],"damage_taken":[{"damage":0.0,"enemies":"Cultist","floor":1.0,"turns":4.0},{"damage":0.0,"enemies":"2 Louse","floor":3.0,"turns":2.0},{"damage":0.0,"enemies":"Jaw Worm","floor":5.0,"turns":5.0},{"damage":31.0,"enemies":"3 Sentries","floor":6.0,"turns":8.0},{"damage":31.0,"enemies":"Gremlin Nob","floor":8.0,"turns":8.0},{"damage":3.0,"enemies":"Exordium Thugs","floor":12.0,"turns":7.0},{"damage":0.0,"enemies":"Looter","floor":13.0,"turns":3.0},{"damage":23.0,"enemies":"3 Sentries","floor":14.0,"turns":9.0},{"damage":0.0,"enemies":"Hexaghost","floor":16.0,"turns":11.0},{"damage":0.0,"enemies":"conspire:FuzzyDice","floor":18.0,"turns":6.0},{"damage":0.0,"enemies":"3 Byrds","floor":20.0,"turns":4.0},{"damage":0.0,"enemies":"Snake Plant","floor":22.0,"turns":1.0},{"damage":0.0,"enemies":"Gremlin Leader","floor":23.0,"turns":2.0},{"damage":0.0,"enemies":"REME_1_Revenger","floor":25.0,"turns":3.0},{"damage":0.0,"enemies":"Nightmare","floor":27.0,"turns":5.0},{"damage":0.0,"enemies":"Shelled Parasite and Fungi","floor":29.0,"turns":1.0},{"damage":0.0,"enemies":"conspire:SneckoGhost","floor":30.0,"turns":1.0},{"damage":0.0,"enemies":"Cultist and Chosen","floor":31.0,"turns":2.0},{"damage":0.0,"enemies":"Collector","floor":33.0,"turns":2.0},{"damage":0.0,"enemies":"3 Shapes","floor":35.0,"turns":3.0},{"damage":0.0,"enemies":"3 Darklings","floor":37.0,"turns":4.0},{"damage":0.0,"enemies":"Sphere and 2 Shapes","floor":38.0,"turns":1.0},{"damage":0.0,"enemies":"Giant Head","floor":40.0,"turns":8.0},{"damage":0.0,"enemies":"Writhing Mass","floor":41.0,"turns":4.0},{"damage":0.0,"enemies":"Nightmare_Alpha","floor":42.0,"turns":10.0},{"damage":0.0,"enemies":"Maw","floor":44.0,"turns":3.0},{"damage":0.0,"enemies":"Spire Growth","floor":48.0,"turns":2.0},{"damage":0.0,"enemies":"Awakened One","floor":50.0,"turns":8.0},{"damage":0,"enemies":"Shield and Spear","floor":54,"turns":2},{"damage":0,"enemies":"The Heart","floor":55,"turns":6}],"seed_played":"-8959976381057853524","potions_obtained":[{"floor":3.0,"key":"SkillPotion"},{"floor":8.0,"key":"Energy Potion"},{"floor":14.0,"key":"EssenceOfSteel"},{"floor":20.0,"key":"sneckomod:MuddlingPotion"}],"is_trial":false,"path_per_floor":["M","T","M","?","M","E","R","E","T","R","?","M","M","E","R","B",null,"M","?","M","AVR","M","E","R","E","T","NM","R","M","E","M","R","B",null,"M","?","M","M","T","E","M","NM","T","M","$","R","?","M","R","B",null,"R","$","E","B",null],"character_chosen":"The_Alterego","items_purchased":["Eternal Feather","Frozen Eye","alterego_mod:GachaTicket","alterego_mod:Birthday","alterego_mod:SakuraPetals","alterego_mod:BiFurious","Fruit Juice","alterego_mod:DestructionOfProperty","Ornamental Fan","ClockworkSouvenir","Strange Spoon","aspiration:SeaSaltIceCream","alterego_mod:HighServant","Bottled Lightning","War Paint"],"campfire_rested":0,"item_purchase_floors":[0,0,0,0,0,0,0,0,45,45,45,45,45,53,53],"current_hp_per_floor":[66,66,66,66,70,42,54,33,33,48,48,49,49,40,58,63,71,74,74,74,74,74,74,74,74,74,84,84,84,84,84,84,84,42,42,42,42,42,42,42,42,42,42,42,42,42,42,42,42,42,42,42,42,42,42],"gold":135,"neow_bonus":"","is_daily":false,"chose_seed":false,"campfire_upgraded":6,"win_rate":0.0,"timestamp":1611112521,"path_taken":["M","?","M","?","M","E","R","E","T","R","?","M","M","E","R","BOSS","M","?","M","AVR","?","E","R","E","T","NM","R","M","E","M","R","BOSS","M","?","M","M","?","E","M","NM","T","?","$","R","?","M","R","BOSS","R","$","E","BOSS"],"items_purchased_type":["Relic","Relic","Card","Card","Card","Card","Potion","Card","Relic","Relic","Relic","Relic","Card","Relic","Relic"],"build_version":"2020-12-22","purchased_purges":0,"victory":true,"max_hp_per_floor":[70,70,70,70,70,71,71,72,72,72,72,73,73,74,74,74,74,74,74,74,74,74,74,74,74,74,84,84,84,84,84,84,84,42,42,42,42,42,42,42,42,42,42,42,42,42,42,42,42,42,42,42,42,42,42],"relic_stats":{"Gremlin Horn":[15,15],"Torii":0,"counters":[61,266],"Eternal Feather":45,"PreservedInsect":202,"Pen Nib":[1],"Whetstone":["alterego_mod:RocketPunch","alterego_mod:SakuraFive"],"War Paint":["alterego_mod:HighServant","alterego_mod:Mirror"],"Sozu":8,"Strange Spoon":[11],"Dream Catcher":0,"Ornamental Fan":[68],"obtain_stats":[{"PatriotShield":17,"Gremlin Horn":30,"Ginger":0,"Whetstone":42,"EVO:Axolotl":0,"Bottled Tornado":43,"Sozu":21,"Centennial Puzzle":54,"GuanYuAspect":34,"Sundial":29,"MealTicket":39,"aspiration:ArtOfWarUpgrade":24,"Necronomicon":19,"conspire:Dentures":46,"Girya":7,"alterego_mod:MasochisticConstitution":0,"Pear":27,"Guardian:ModeShifter":0,"Oddly Smooth Stone":6,"downfall:HeartsMalice":0,"Eternal Feather":0,"wanderingMiniBosses:MasterThiefsPresence":18,"Pen Nib":54,"aspiration:SeaSaltIceCream":45,"REME_LimitBreaker":9,"War Paint":53,"Akabeko":39,"Shuriken":24,"Bronze Scales":11,"BionicSphere":0,"Pandora\u0027s Box":0,"Pocketwatch":41,"DaveBox":0,"MostiFishMod:Haymaker":23,"Torii":45,"Bag of Preparation":39,"Juzu Bracelet":48,"Ancient Tea Set":2,"ClockworkSouvenir":45,"Frozen Eye":53,"Dream Catcher":9,"WingedGreaves":8,"aspiration:ChemicalBlood":5,"ImprovedEquipment":43,"BrkXgEgg":0,"PreservedInsect":40,"Frozen Egg 2":0,"Mercury Hourglass":39,"Strange Spoon":45,"SynthV:TestCard":1,"infinitespire:WardingShard":0,"wanderingMiniBosses:CarrionFlame":27,"Ornamental Fan":45,"aspiration:WatcherSkillbook":14,"REME_HandOfSuture":47,"Art of War":9,"REME_CardOfGreed":39,"Bottled Lightning":53,"conspire:DeflatedDodgeball":21,"REME_ComplimentaryCards":0},{"PatriotShield":40,"Gremlin Horn":48,"Ginger":8,"Whetstone":56,"EVO:Axolotl":0,"Bottled Tornado":26,"Sozu":42,"Centennial Puzzle":30,"GuanYuAspect":50,"Sundial":20,"MealTicket":25,"aspiration:ArtOfWarUpgrade":44,"Necronomicon":15,"conspire:Dentures":27,"Girya":4,"alterego_mod:MasochisticConstitution":0,"Pear":46,"Guardian:ModeShifter":0,"Oddly Smooth Stone":35,"downfall:HeartsMalice":0,"Eternal Feather":31,"wanderingMiniBosses:MasterThiefsPresence":41,"Pen Nib":60,"aspiration:SeaSaltIceCream":57,"REME_LimitBreaker":11,"War Paint":59,"Akabeko":25,"Shuriken":18,"Bronze Scales":7,"BionicSphere":0,"Pandora\u0027s Box":0,"Pocketwatch":26,"DaveBox":0,"MostiFishMod:Haymaker":44,"Torii":57,"Bag of Preparation":25,"Juzu Bracelet":28,"Ancient Tea Set":32,"ClockworkSouvenir":57,"Frozen Eye":29,"Dream Catcher":6,"WingedGreaves":36,"aspiration:ChemicalBlood":11,"ImprovedEquipment":56,"BrkXgEgg":8,"PreservedInsect":54,"Frozen Egg 2":8,"Mercury Hourglass":25,"Strange Spoon":57,"SynthV:TestCard":1,"infinitespire:WardingShard":8,"wanderingMiniBosses:CarrionFlame":19,"Ornamental Fan":57,"aspiration:WatcherSkillbook":13,"REME_HandOfSuture":28,"Art of War":36,"REME_CardOfGreed":25,"Bottled Lightning":59,"conspire:DeflatedDodgeball":42,"REME_ComplimentaryCards":0},{"PatriotShield":188,"Gremlin Horn":211,"Ginger":20,"Whetstone":245,"EVO:Axolotl":0,"Bottled Tornado":106,"Sozu":198,"Centennial Puzzle":123,"GuanYuAspect":215,"Sundial":71,"MealTicket":99,"aspiration:ArtOfWarUpgrade":201,"Necronomicon":49,"conspire:Dentures":109,"Girya":2,"alterego_mod:MasochisticConstitution":0,"Pear":209,"Guardian:ModeShifter":0,"Oddly Smooth Stone":150,"downfall:HeartsMalice":0,"Eternal Feather":131,"wanderingMiniBosses:MasterThiefsPresence":194,"Pen Nib":260,"aspiration:SeaSaltIceCream":248,"REME_LimitBreaker":31,"War Paint":258,"Akabeko":99,"Shuriken":62,"Bronze Scales":18,"BionicSphere":0,"Pandora\u0027s Box":0,"Pocketwatch":106,"DaveBox":0,"MostiFishMod:Haymaker":201,"Torii":248,"Bag of Preparation":99,"Juzu Bracelet":112,"Ancient Tea Set":135,"ClockworkSouvenir":248,"Frozen Eye":120,"Dream Catcher":13,"WingedGreaves":158,"aspiration:ChemicalBlood":31,"ImprovedEquipment":245,"BrkXgEgg":20,"PreservedInsect":231,"Frozen Egg 2":20,"Mercury Hourglass":99,"Strange Spoon":248,"SynthV:TestCard":0,"infinitespire:WardingShard":20,"wanderingMiniBosses:CarrionFlame":68,"Ornamental Fan":248,"aspiration:WatcherSkillbook":38,"REME_HandOfSuture":112,"Art of War":158,"REME_CardOfGreed":99,"Bottled Lightning":258,"conspire:DeflatedDodgeball":198,"REME_ComplimentaryCards":0}]},"card_choices":[{"not_picked":["alterego_mod:Cooking","alterego_mod:DeftHands"],"picked":"alterego_mod:RocketPunch","floor":1.0},{"not_picked":["TH:BikiniMail","TH:ArmorSpikes","TH:EnergyPotion"],"picked":"TH:CursedSword","floor":2.0},{"not_picked":["alterego_mod:Bloomers","alterego_mod:Schoolgirl","alterego_mod:Collar","alterego_mod:PerceptionDisorder"],"picked":"alterego_mod:TrashNCrash","floor":3.0},{"not_picked":["alterego_mod:Maid","alterego_mod:Mirror","alterego_mod:HighServant","alterego_mod:BreastValley"],"picked":"alterego_mod:Stockings","floor":5.0},{"not_picked":["TH:EnergyPotion","TH:TreasureMap","TH:PixieDust"],"picked":"TH:CursedSword","floor":6.0},{"not_picked":["alterego_mod:PerceptionDisorder","alterego_mod:BiFurious","alterego_mod:PresenceConcealment","alterego_mod:Bloomers"],"picked":"alterego_mod:Cycle","floor":6.0},{"not_picked":["TH:ArmorSpikes","TH:Mimic","TH:PixieDust"],"picked":"TH:CopperCoins","floor":8.0},{"not_picked":["alterego_mod:Belle","alterego_mod:Clones","alterego_mod:BreastValley","alterego_mod:Nekomimi"],"picked":"alterego_mod:Cushion","floor":8.0},{"not_picked":["TH:CopperCoins","TH:DeckOfManyThings","TH:PixieDust"],"picked":"TH:CursedSword","floor":9.0},{"not_picked":["alterego_mod:PresenceConcealment","alterego_mod:RidiculouslyBig","alterego_mod:MagicResistance","alterego_mod:Clones","alterego_mod:Stockings"],"picked":"SKIP","floor":12.0},{"not_picked":["alterego_mod:Skirt","alterego_mod:TrashNCrash","alterego_mod:DustData","alterego_mod:GoddessCore"],"picked":"alterego_mod:Cooking","floor":13.0},{"not_picked":["TH:Mimic","TH:PixieDust","TH:BikiniMail"],"picked":"TH:ArmorSpikes","floor":14.0},{"not_picked":["alterego_mod:Cycle","alterego_mod:DeftHands","alterego_mod:Pet","alterego_mod:SakuraPetals"],"picked":"alterego_mod:RocketPunch","floor":14.0},{"not_picked":["alterego_mod:Bounce","alterego_mod:Smother","alterego_mod:Mirror","alterego_mod:Jiggle"],"picked":"alterego_mod:SakuraPetals","floor":18.0},{"not_picked":["alterego_mod:Rip","alterego_mod:Undulate","alterego_mod:Bunnysuit","alterego_mod:TrashNCrash","alterego_mod:VirginLaserPalladion"],"picked":"SKIP","floor":20.0},{"not_picked":["alterego_mod:Rip","alterego_mod:Undulate","alterego_mod:Bunnysuit","alterego_mod:VirginLaserPalladion"],"picked":"alterego_mod:TrashNCrash","floor":20.0},{"not_picked":["alterego_mod:Jiggle","alterego_mod:RidiculouslyBig","alterego_mod:Lingerie","alterego_mod:1TonWallop"],"picked":"alterego_mod:Swimsuit+1","floor":22.0},{"not_picked":["TH:ElvenBoots","TH:PixieDust","TH:Mimic"],"picked":"TH:DeckOfManyThings","floor":23.0},{"not_picked":["alterego_mod:Maid","alterego_mod:PurpleHair","alterego_mod:DiscoLights","alterego_mod:HighServant"],"picked":"alterego_mod:Bounce","floor":23.0},{"not_picked":["TH:PixieDust","TH:ElvenBoots","TH:EnergyPotion"],"picked":"TH:DeckOfManyThings","floor":25.0},{"not_picked":["alterego_mod:DeftHands","alterego_mod:RocketPunch","alterego_mod:Rip+1","alterego_mod:Cycle"],"picked":"alterego_mod:BiFurious","floor":25.0},{"not_picked":["TH:EnergyPotion","TH:PixieDust","TH:ElvenBoots"],"picked":"TH:CursedSword","floor":26.0},{"not_picked":["TH:TreasureMap","TH:EnergyPotion","TH:ArmorSpikes"],"picked":"TH:CopperCoins","floor":27.0},{"not_picked":["alterego_mod:DiscoLights+1","alterego_mod:Birthday","alterego_mod:Valentines","alterego_mod:DustData"],"picked":"alterego_mod:Bunnysuit+1","floor":27.0},{"not_picked":["alterego_mod:Valentines+1","alterego_mod:1TonWallop","alterego_mod:Undulate","alterego_mod:BeGentle"],"picked":"alterego_mod:BiFurious","floor":29.0},{"not_picked":["TH:BikiniMail","TH:CopperCoins","TH:Mimic"],"picked":"TH:CursedSword","floor":30.0},{"not_picked":["alterego_mod:Cooking","alterego_mod:Nekomimi","alterego_mod:Skirt","alterego_mod:Exercise"],"picked":"alterego_mod:SakuraLabyrinth","floor":30.0},{"not_picked":["alterego_mod:BreastValley","alterego_mod:TrashNCrash","alterego_mod:DeftHands","alterego_mod:Jiggle","alterego_mod:PerceptionDisorder"],"picked":"SKIP","floor":31.0},{"not_picked":["TH:ArmorSpikes","TH:EnergyPotion","TH:BikiniMail"],"picked":"TH:CursedSword","floor":33.0},{"not_picked":["alterego_mod:SideboobHour","alterego_mod:VirginLaserPalladion","alterego_mod:Alter","alterego_mod:Weigh"],"picked":"alterego_mod:Rake","floor":33.0},{"not_picked":["alterego_mod:Clones","alterego_mod:Pet","alterego_mod:HighServant","alterego_mod:Belts","alterego_mod:Punishment"],"picked":"SKIP","floor":35.0},{"not_picked":["alterego_mod:1TonWallop","alterego_mod:GoddessCore+1","alterego_mod:MagicResistance","alterego_mod:Vow","alterego_mod:Table"],"picked":"SKIP","floor":37.0},{"not_picked":["alterego_mod:Smother","alterego_mod:GoddessCore","alterego_mod:Birthday","alterego_mod:Maid+1"],"picked":"alterego_mod:TrashNCrash+1","floor":38.0},{"not_picked":["TH:DeckOfManyThings","TH:Mimic","TH:EnergyPotion"],"picked":"TH:BikiniMail","floor":39.0},{"not_picked":["TH:EnergyPotion","TH:BikiniMail","TH:Mimic"],"picked":"TH:TreasureMap","floor":40.0},{"not_picked":["alterego_mod:Mirror+1","alterego_mod:DustData","alterego_mod:HighServant+1","alterego_mod:Birthday"],"picked":"alterego_mod:Bounce","floor":40.0},{"not_picked":["alterego_mod:Complex","alterego_mod:Bunnysuit+1","alterego_mod:BustOut","alterego_mod:DestructionOfProperty+1"],"picked":"alterego_mod:SakuraFive","floor":41.0},{"not_picked":["infinitespire:Oblivion","infinitespire:Menacing"],"picked":"infinitespire:NeuralNetwork","floor":42.0},{"not_picked":["TH:DeckOfManyThings","TH:CopperCoins","TH:PixieDust"],"picked":"TH:ElvenBoots","floor":42.0},{"not_picked":["alterego_mod:1TonWallop","alterego_mod:TrickOrTreatment","alterego_mod:DiscoLights","alterego_mod:BrynhildrRomantia"],"picked":"alterego_mod:Clap","floor":42.0},{"not_picked":["TH:ArmorSpikes","TH:PixieDust","TH:DeckOfManyThings"],"picked":"TH:CursedSword","floor":43.0},{"not_picked":["alterego_mod:Pet","alterego_mod:Nekomimi","alterego_mod:DeftHands","alterego_mod:Collar"],"picked":"alterego_mod:Mirror","floor":44.0},{"not_picked":["alterego_mod:TrashNCrash","alterego_mod:Skirt","alterego_mod:Lingerie","alterego_mod:DiscoLights"],"picked":"alterego_mod:Pet","floor":48.0},{"not_picked":["TH:PixieDust","TH:TreasureMap","TH:DeckOfManyThings"],"picked":"TH:CursedSword","floor":54},{"not_picked":["alterego_mod:Smother","alterego_mod:Punishment","alterego_mod:Rip","alterego_mod:InsideBaseball"],"picked":"alterego_mod:Undulate+1","floor":54}],"player_experience":576935,"relics_obtained":[{"floor":1.0,"key":"SynthV:TestCard"},{"floor":2.0,"key":"Ancient Tea Set"},{"floor":6.0,"key":"Oddly Smooth Stone"},{"floor":8.0,"key":"WingedGreaves"},{"floor":9.0,"key":"Art of War"},{"floor":14.0,"key":"REME_HandOfSuture"},{"floor":18.0,"key":"wanderingMiniBosses:MasterThiefsPresence"},{"floor":23.0,"key":"MostiFishMod:Haymaker"},{"floor":25.0,"key":"Dream Catcher"},{"floor":27.0,"key":"Pear"},{"floor":30.0,"key":"Gremlin Horn"},{"floor":40.0,"key":"PreservedInsect"},{"floor":42.0,"key":"Whetstone"},{"floor":43.0,"key":"ImprovedEquipment"},{"floor":54,"key":"Pen Nib"}],"event_choices":[{"cards_removed":["alterego_mod:Defend"],"damage_healed":0.0,"max_hp_gain":0.0,"max_hp_loss":0.0,"gold_gain":0.0,"event_name":"The Cleric","player_choice":"Card Removal","floor":4.0,"gold_loss":75.0,"damage_taken":0.0},{"damage_healed":48.0,"max_hp_gain":0.0,"max_hp_loss":72.0,"gold_gain":0.0,"event_name":"betterThird:BetterShining","player_choice":"Embrace","floor":11.0,"gold_loss":0.0,"damage_taken":0.0},{"damage_healed":0.0,"max_hp_gain":0.0,"max_hp_loss":0.0,"gold_gain":0.0,"event_name":"Duplicator","player_choice":"Copied","floor":19.0,"gold_loss":0.0,"damage_taken":0.0,"cards_obtained":["alterego_mod:Cushion"]},{"damage_healed":0.0,"max_hp_gain":0.0,"max_hp_loss":0.0,"gold_gain":0.0,"event_name":"Tomb of Lord Red Mask","player_choice":"Ignored","floor":36.0,"gold_loss":0.0,"damage_taken":0.0}],"is_beta":false,"boss_relics":[{"not_picked":["xbg","aspiration:PoetsPen_weak"],"picked":"PatriotShield"},{"not_picked":["RhineSuit","SynthV:MejaisSoulstealer"],"picked":"GuanYuAspect"}],"items_purged_floors":[],"is_endless":false,"potions_floor_spawned":[3,8,14,20,23,25,27,30,37,42,44,54],"ascension_level":17}}