{"host":"yd6hhqps9de4qmof","time":1611158015,"event":{"mods":["BaseMod","Downfall","Hermit","Highlight Path","Jorbs\u0027s Wanderer Trilogy","Minty Spire (QoL Compilation)","Relic Stats","Shade Mod","StSLib","The Cursed","The Servant 0.9.4"],"gold_per_floor":[99,113,132,132,132,151,151,8,458,475,485,511,411,411,430,430,430,430],"floor_reached":16,"language":"ENG","playtime":533,"items_purged":[],"score":107,"play_id":"bc100355-a090-43a5-bca9-5e85b72e2279","local_time":"20210120165335","is_ascension_mode":true,"campfire_choices":[{"floor":1,"key":"RECALL"},{"data":"bronze:BurnOut","floor":13,"key":"SMITH"}],"circlet_count":0,"master_deck":["bronze:Strike","bronze:Strike","bronze:Strike","bronze:Strike","bronze:Defend","bronze:Defend","bronze:Defend","bronze:Defend","bronze:Replicate","bronze:Goto","bronze:Format","bronze:WhirlingStrike","bronze:Explode","bronze:AlphaBuild","bronze:ChildClass","bronze:Format","bronze:BurnOut+1","bronze:Shield","downfall:Icky","downfall:Icky","downfall:Icky","bronze:DigitalCarnage","bronze:WildBeam","bronze:Branch"],"relics":["bronze:BronzeCore","downfall:BrokenWingStatue","Boot","Prayer Wheel","downfall:HeartBlessingRed","FossilizedHelix"],"acts_visited":["Exordium"],"potions_floor_usage":[15],"damage_taken":[{"damage":0,"enemies":"2 Louse","floor":2,"turns":2},{"damage":6,"enemies":"Jaw Worm","floor":3,"turns":3},{"damage":4,"enemies":"Jaw Worm","floor":4,"turns":2},{"damage":2,"enemies":"Small Slimes","floor":6,"turns":2},{"damage":4,"enemies":"downfall:FleeingMerchant","floor":8,"turns":4},{"damage":0,"enemies":"Exordium Wildlife","floor":10,"turns":4},{"damage":0,"enemies":"Exordium Thugs","floor":11,"turns":4},{"damage":4,"enemies":"3 Sentries","floor":12,"turns":3},{"damage":0,"enemies":"Large Slime","floor":15,"turns":4},{"damage":53,"enemies":"WA_ARCHETYPE_RETAIN","floor":16,"turns":7}],"seed_played":"5984247045655639381","potions_obtained":[{"floor":4,"key":"sneckomod:MuddlingPotion"},{"floor":6,"key":"bronze:FreeFunctionsPotion"},{"floor":10,"key":"Block Potion"},{"floor":12,"key":"Energy Potion"}],"is_trial":false,"path_per_floor":["R","M","M","?","?","M","T","$","?","M","M","E","R","T","M","B"],"character_chosen":"THE_AUTOMATON","items_purchased":["bronze:BurnOut","bronze:Shield"],"campfire_rested":0,"item_purchase_floors":[8,8],"current_hp_per_floor":[70,70,64,60,60,58,58,54,54,54,54,50,50,50,50,0,0,0],"gold":430,"neow_bonus":"ONE_RANDOM_RARE_CARD","is_daily":false,"chose_seed":false,"campfire_upgraded":1,"win_rate":0.0,"timestamp":1611158015,"path_taken":["R","M","M","?","?","M","T","$","?","?","M","E","R","?","M","BOSS"],"items_purchased_type":["Card","Card"],"build_version":"2020-12-22","purchased_purges":0,"victory":false,"max_hp_per_floor":[70,70,70,70,70,70,70,70,70,70,70,70,70,70,70,70,70,70],"relic_stats":{"counters":[10,35],"Prayer Wheel":1,"Boot":[12],"obtain_stats":[{"bronze:BronzeCore":0,"downfall:BrokenWingStatue":5,"downfall:HeartBlessingRed":13,"Prayer Wheel":12,"Boot":7,"FossilizedHelix":14},{"bronze:BronzeCore":0,"downfall:BrokenWingStatue":3,"downfall:HeartBlessingRed":8,"Prayer Wheel":8,"Boot":4,"FossilizedHelix":8},{"bronze:BronzeCore":0,"downfall:BrokenWingStatue":7,"downfall:HeartBlessingRed":24,"Prayer Wheel":24,"Boot":9,"FossilizedHelix":24}]},"card_choices":[{"not_picked":["bronze:Shield","bronze:WildBeam"],"picked":"bronze:WhirlingStrike","floor":2},{"not_picked":["bronze:BitShift","bronze:Optimize","bronze:Fortify"],"picked":"SKIP","floor":3},{"not_picked":[],"picked":"bronze:Explode","floor":4},{"not_picked":["bronze:ForLoop","bronze:Frontload"],"picked":"bronze:AlphaBuild","floor":4},{"not_picked":["bronze:WhirlingStrike","bronze:Repulsor"],"picked":"bronze:ChildClass","floor":6},{"not_picked":["bronze:BuggyMess","bronze:Overheat"],"picked":"bronze:Format","floor":8},{"not_picked":["bronze:WhirlingStrike","bronze:Shield"],"picked":"bronze:DigitalCarnage","floor":10},{"not_picked":["bronze:BuggyMess","bronze:DelayedGuard"],"picked":"bronze:WildBeam","floor":11},{"not_picked":["bronze:Optimize","bronze:ChildClass","bronze:BuggyMess"],"picked":"SKIP","floor":12},{"not_picked":["bronze:Constructor","bronze:BugBarrage"],"picked":"bronze:Branch","floor":15},{"not_picked":["bronze:Deprecate","bronze:BugBarrage","bronze:BuggyMess"],"picked":"SKIP","floor":15}],"player_experience":1156769,"relics_obtained":[{"floor":7,"key":"Boot"},{"floor":12,"key":"Prayer Wheel"},{"floor":14,"key":"FossilizedHelix"}],"event_choices":[],"is_beta":false,"boss_relics":[],"items_purged_floors":[],"is_endless":false,"potions_floor_spawned":[4,6,10,11,12],"killed_by":"WA_ARCHETYPE_RETAIN","ascension_level":1}}