{"host":"8aoim7owc9xd4zca","time":1611181426,"event":{"mods":["AchievementEnabler","BaseMod","Colored Powertips","Downfall","Highlight Path","Minty Spire (QoL Compilation)","Permanent Neow","Rare Cards Sparkle","StSLib","SuperFastMode","The Jungle"],"gold_per_floor":[99,113,172,172,172,187,211,229,253,53,73,83,46,76,91,191,191,91,105,105,116,266,281,305,305,405,41,141,157,157,186,203,307,307,307,322,337,521,521,534,613,245,261,296,296,123,123,75,93,93,93,93,93,93],"floor_reached":52,"language":"ENG","playtime":4517,"items_purged":[],"score":1052,"play_id":"57573001-7ee7-4bd1-b3e7-e40da2e77dea","local_time":"20210120142346","is_ascension_mode":false,"campfire_choices":[{"floor":1.0,"key":"RECALL"},{"floor":10.0,"key":"REST"},{"data":"bronze:Virus","floor":18.0,"key":"SMITH"},{"floor":30.0,"key":"REST"},{"data":"bronze:Format","floor":35.0,"key":"SMITH"},{"floor":47.0,"key":"REST"}],"circlet_count":0,"master_deck":["bronze:Strike","bronze:Strike","bronze:Strike","bronze:Defend","bronze:Defend","bronze:Defend","bronze:Replicate","bronze:Goto","bronze:Mutator","bronze:DelayedSlice","bronze:FollowUp","bronze:DelayedSlice","bronze:BronzeOrb","bronze:Turbo","bronze:ForLoop","bronze:WhirlingStrike","bronze:Format+1","bronze:Virus+1","bronze:Optimize+1","bronze:ClassDefault","bronze:Turbo","bronze:DonuBeam","bronze:SpaghettiCode","bronze:DelayedSlice","bronze:DelayedSlice","bronze:Return","J.A.X.","bronze:ShipIt","bronze:Overload","bronze:DelayedSlice+1","bronze:Iterate","bronze:ChildClass","bronze:SpaghettiCode","bronze:Turbo+1","bronze:Turbo","bronze:BronzeOrb+1","bronze:WhirlingStrike+1","bronze:Backtrace+1","bronze:Philosophize+1","bronze:MaxOutput+1","expansioncontent:AwakenDeath","expansioncontent:YouAreMine","expansioncontent:AwakenDeath","bronze:BitShift+1","Apotheosis+1","bronze:BitShift+1","bronze:ChildClass+1","Jack Of All Trades+1","bronze:Backtrace","bronze:Turbo+1","Parasite","bronze:Allocate+1"],"relics":["bronze:PlatinumCore","HornCleat","bronze:SilverBullet","CultistMask","downfall:HeartBlessingBlue","downfall:HeartBlessingRed","Oddly Smooth Stone","SlaversCollar","downfall:HeartBlessingGreen","Smiling Mask","Tiny Chest","Toolbox","MutagenicStrength","bronze:ProtectiveGoggles","Orrery","Toxic Egg 2","Vajra","White Beast Statue","Lantern"],"acts_visited":["Exordium","TheCity","TheBeyond","TheEnding"],"potions_floor_usage":[50,50,52],"damage_taken":[{"damage":6.0,"enemies":"Jaw Worm","floor":2.0,"turns":3.0},{"damage":13.0,"enemies":"3 Sentries","floor":3.0,"turns":8.0},{"damage":0.0,"enemies":"Small Slimes","floor":6.0,"turns":2.0},{"damage":7.0,"enemies":"2 Louse","floor":8.0,"turns":2.0},{"damage":0.0,"enemies":"Lots of Slimes","floor":11.0,"turns":1.0},{"damage":0.0,"enemies":"Exordium Thugs","floor":12.0,"turns":2.0},{"damage":0.0,"enemies":"downfall:FleeingMerchant","floor":13.0,"turns":4.0},{"damage":10.0,"enemies":"Lagavulin","floor":14.0,"turns":5.0},{"damage":0.0,"enemies":"Large Slime","floor":15.0,"turns":3.0},{"damage":70.0,"enemies":"WA_ARCHETYPE_RETAIN","floor":16.0,"turns":10.0},{"damage":0.0,"enemies":"3 Byrds","floor":19.0,"turns":3.0},{"damage":0.0,"enemies":"Spheric Guardian","floor":21.0,"turns":3.0},{"damage":0.0,"enemies":"Cultist and Chosen","floor":23.0,"turns":4.0},{"damage":0.0,"enemies":"Cultist and Chosen","floor":26.0,"turns":3.0},{"damage":6.0,"enemies":"downfall:FleeingMerchant","floor":27.0,"turns":4.0},{"damage":12.0,"enemies":"downfall:Augmenter","floor":28.0,"turns":4.0},{"damage":1.0,"enemies":"Snake Plant","floor":29.0,"turns":3.0},{"damage":13.0,"enemies":"Gremlin Leader","floor":31.0,"turns":3.0},{"damage":0.0,"enemies":"Snecko","floor":32.0,"turns":3.0},{"damage":40.0,"enemies":"DF_ARCHETYPE_CLAW","floor":33.0,"turns":4.0},{"damage":0.0,"enemies":"Orb Walker","floor":36.0,"turns":1.0},{"damage":0.0,"enemies":"3 Darklings","floor":37.0,"turns":2.0},{"damage":0.0,"enemies":"downfall:FleeingMerchant","floor":38.0,"turns":2.0},{"damage":0.0,"enemies":"Jaw Worm Horde","floor":40.0,"turns":2.0},{"damage":21.0,"enemies":"Maw","floor":43.0,"turns":5.0},{"damage":3.0,"enemies":"Reptomancer","floor":44.0,"turns":2.0},{"damage":8.0,"enemies":"Writhing Mass","floor":49.0,"turns":3.0},{"damage":38,"enemies":"IC_BLOCK_ARCHETYPE","floor":50,"turns":7},{"damage":85,"enemies":"downfall:CharBossMerchant","floor":52,"turns":6}],"seed_played":"2622191883752163343","potions_obtained":[{"floor":2.0,"key":"SkillPotion"},{"floor":3.0,"key":"PowerPotion"},{"floor":8.0,"key":"Fire Potion"},{"floor":15.0,"key":"Fire Potion"},{"floor":16.0,"key":"ColorlessPotion"},{"floor":19.0,"key":"SkillPotion"},{"floor":23.0,"key":"hexamod:SoulburnPotion"},{"floor":31.0,"key":"Fire Potion"},{"floor":33.0,"key":"Ancient Potion"},{"floor":43.0,"key":"ColorlessPotion"},{"floor":49.0,"key":"Ancient Potion"}],"is_trial":false,"path_per_floor":["R","M","?","?","?","M","T","M","T","R","M","M","$","E","M","B",null,"R","M","?","M","?","M","T","?","?","$","?","M","R","E","M","B",null,"R","M","M","$","?","M","T","$","M","E","T","$","R","$","M","B",null,"E"],"character_chosen":"THE_AUTOMATON","items_purchased":["bronze:WhirlingStrike","Tiny Chest","bronze:DelayedSlice","Toolbox","Orrery","Apotheosis+1","bronze:BitShift+1","bronze:ChildClass+1","Jack Of All Trades+1","bronze:Turbo+1","Lantern","SteroidPotion"],"campfire_rested":3,"item_purchase_floors":[13,27,27,27,38,42,42,42,42,46,46,48],"current_hp_per_floor":[70,64,51,48,48,48,48,41,41,75,80,80,80,70,70,10,80,80,80,80,80,80,80,80,65,65,59,47,46,71,58,58,18,85,85,85,85,85,75,75,75,75,54,51,51,51,76,76,68,30,85,0,0,0],"gold":93,"neow_bonus":"ONE_RANDOM_RARE_CARD","is_daily":false,"chose_seed":false,"campfire_upgraded":2,"win_rate":0.0,"timestamp":1611181426,"path_taken":["R","M","?","?","?","?","T","M","?","R","M","M","?","E","M","BOSS","R","M","?","M","?","?","T","?","?","?","?","?","R","E","M","BOSS","R","M","M","$","?","M","T","$","M","E","?","?","R","?","M","BOSS","E"],"items_purchased_type":["Card","Relic","Card","Relic","Relic","Card","Card","Card","Card","Card","Relic","Potion"],"build_version":"2020-12-22","purchased_purges":0,"victory":false,"max_hp_per_floor":[70,70,70,70,70,70,70,70,70,80,80,80,80,80,80,80,80,80,80,80,80,80,80,80,85,85,85,85,85,85,85,85,85,85,85,85,85,85,85,85,85,85,85,85,85,85,85,85,85,85,85,85,85,85],"card_choices":[{"not_picked":["bronze:Safeguard","bronze:Invalidate"],"picked":"bronze:DelayedSlice","floor":2.0},{"not_picked":["bronze:FineTuning","bronze:Repulsor"],"picked":"bronze:FollowUp","floor":3.0},{"not_picked":["bronze:CloningBeam","bronze:BronzeArmor","bronze:DelayedGuard"],"picked":"SKIP","floor":6.0},{"not_picked":["bronze:WildBeam","bronze:Shield"],"picked":"bronze:DelayedSlice","floor":8.0},{"not_picked":["bronze:FineTuning","bronze:ClassDefault"],"picked":"bronze:BronzeOrb","floor":11.0},{"not_picked":["bronze:Frontload","bronze:Overheat"],"picked":"bronze:Turbo","floor":12.0},{"not_picked":["bronze:ForceShield","bronze:Branch"],"picked":"bronze:ForLoop","floor":13.0},{"not_picked":["bronze:Overheat","bronze:BronzeArmor","bronze:DelayedGuard"],"picked":"SKIP","floor":14.0},{"not_picked":["bronze:Frontload","bronze:Shield"],"picked":"bronze:Format","floor":15.0},{"not_picked":["bronze:ShipIt","bronze:HyperBeam"],"picked":"bronze:Virus","floor":16.0},{"not_picked":["bronze:Return","bronze:ChildClass"],"picked":"bronze:Optimize+1","floor":19.0},{"not_picked":["bronze:OilSpill","bronze:Philosophize","bronze:Allocate"],"picked":"SKIP","floor":21.0},{"not_picked":["bronze:Iterate","bronze:BugBarrage"],"picked":"bronze:Turbo","floor":23.0},{"not_picked":[],"picked":"bronze:DonuBeam","floor":26.0},{"not_picked":["bronze:Invalidate","bronze:Shield"],"picked":"bronze:SpaghettiCode","floor":26.0},{"not_picked":["bronze:WildBeam+1","bronze:BuggyMess"],"picked":"bronze:DelayedSlice","floor":27.0},{"not_picked":[],"picked":"J.A.X.","floor":28.0},{"not_picked":["bronze:BuggyMess","bronze:Allocate"],"picked":"bronze:Overload","floor":28.0},{"not_picked":["bronze:BuggyMess","bronze:WhirlingStrike"],"picked":"bronze:DelayedSlice+1","floor":29.0},{"not_picked":["bronze:WhirlingStrike","bronze:Overload"],"picked":"bronze:Iterate","floor":31.0},{"not_picked":["bronze:DarkDash+1","bronze:Repulsor+1"],"picked":"bronze:ChildClass","floor":32.0},{"not_picked":["bronze:ThunderWave","bronze:HardenedForm"],"picked":"bronze:SpaghettiCode","floor":33.0},{"not_picked":["bronze:OilSpill","bronze:Philosophize"],"picked":"bronze:Turbo+1","floor":36.0},{"not_picked":["bronze:DelayedGuard","bronze:Frontload+1","bronze:Allocate"],"picked":"SKIP","floor":37.0},{"not_picked":["bronze:Optimize","bronze:ClassDefault"],"picked":"bronze:Turbo","floor":38.0},{"not_picked":["bronze:HyperBeam","bronze:Frontload+1"],"picked":"bronze:BronzeOrb+1","floor":38.0},{"not_picked":["bronze:HardenedForm","bronze:NullPointer+1"],"picked":"bronze:WhirlingStrike+1","floor":38.0},{"not_picked":["bronze:CutThrough","bronze:BugBarrage+1"],"picked":"bronze:Backtrace+1","floor":38.0},{"not_picked":["bronze:CutThrough","bronze:ItsAFeature"],"picked":"bronze:Philosophize+1","floor":38.0},{"not_picked":["bronze:BitShift+1","bronze:FineTuning+1"],"picked":"bronze:MaxOutput+1","floor":38.0},{"not_picked":["expansioncontent:LastStand","expansioncontent:Hexaburn"],"picked":"expansioncontent:AwakenDeath","floor":39.0},{"not_picked":["expansioncontent:Chronoboost","expansioncontent:GuardianWhirl"],"picked":"expansioncontent:YouAreMine","floor":39.0},{"not_picked":["expansioncontent:LastStand","expansioncontent:Chronoboost"],"picked":"expansioncontent:AwakenDeath","floor":39.0},{"not_picked":["bronze:CloningBeam","bronze:Flail+1"],"picked":"bronze:BitShift+1","floor":40.0},{"not_picked":["bronze:Frontload+1","bronze:Deprecate+1","bronze:Flail+1"],"picked":"SKIP","floor":43.0},{"not_picked":["bronze:Allocate+1","bronze:Return+1"],"picked":"bronze:Backtrace","floor":44.0},{"not_picked":["bronze:DelayedGuard+1","bronze:Invalidate+1"],"picked":"bronze:Allocate+1","floor":49.0}],"player_experience":286616,"relics_obtained":[{"floor":3.0,"key":"HornCleat"},{"floor":9.0,"key":"Toy Ornithopter"},{"floor":14.0,"key":"Oddly Smooth Stone"},{"floor":24.0,"key":"Smiling Mask"},{"floor":28.0,"key":"MutagenicStrength"},{"floor":31.0,"key":"bronze:ProtectiveGoggles"},{"floor":41.0,"key":"Toxic Egg 2"},{"floor":44.0,"key":"Vajra"},{"floor":45.0,"key":"White Beast Statue"}],"event_choices":[{"damage_healed":0.0,"max_hp_gain":0.0,"max_hp_loss":0.0,"gold_gain":0.0,"event_name":"Scrap Ooze","player_choice":"Success","floor":4.0,"gold_loss":0.0,"damage_taken":3.0,"relics_obtained":["bronze:SilverBullet"]},{"damage_healed":0.0,"max_hp_gain":0.0,"max_hp_loss":0.0,"gold_gain":0.0,"event_name":"FaceTrader","player_choice":"Trade","floor":5.0,"gold_loss":0.0,"damage_taken":0.0,"relics_obtained":["CultistMask"]},{"damage_healed":0.0,"max_hp_gain":0.0,"max_hp_loss":0.0,"gold_gain":0.0,"event_name":"The Library","player_choice":"Read","floor":20.0,"gold_loss":0.0,"damage_taken":0.0,"cards_obtained":["bronze:ClassDefault"]}],"is_beta":false,"boss_relics":[{"not_picked":["Sozu","Tiny House"],"picked":"SlaversCollar"},{"not_picked":["Calling Bell","Fusion Hammer"],"picked":"bronze:PlatinumCore"}],"items_purged_floors":[],"is_endless":false,"potions_floor_spawned":[2,3,8,15,16,19,23,31,33,43,49],"killed_by":"downfall:CharBossMerchant","ascension_level":0}}