{"host":"hszimsrtxxc2k25w","time":1611183040,"event":{"mods":["AchievementEnabler","BaseMod","Colored Map","DeckTracker","Minty Spire (QoL Compilation)","Rare Cards Sparkle","SuperFastMode"],"gold_per_floor":[116,116,116,133,152,152,181,181,231,265,280,205,219,230,230,230,230],"floor_reached":16,"language":"KOR","playtime":236,"items_purged":["Strike_P"],"score":179,"play_id":"6cd1e26c-77b3-4b56-ae79-f0299075331f","local_time":"20210121075040","is_ascension_mode":true,"campfire_choices":[{"data":"CrushJoints","floor":6.0,"key":"SMITH"},{"data":"Conclude","floor":8.0,"key":"SMITH"},{"floor":15,"key":"REST"}],"circlet_count":0,"master_deck":["AscendersBane","Strike_P","Strike_P","Strike_P","Defend_P+1","Defend_P","Defend_P+1","Defend_P","Eruption+1","Vigilance","CrushJoints+1","Conclude+1"],"relics":["PureWater","NeowsBlessing","Toy Ornithopter","War Paint","Kunai"],"acts_visited":["Exordium"],"potions_floor_usage":[],"damage_taken":[{"damage":0.0,"enemies":"Small Slimes","floor":1.0,"turns":1.0},{"damage":0.0,"enemies":"Cultist","floor":4.0,"turns":1.0},{"damage":0.0,"enemies":"Jaw Worm","floor":5.0,"turns":1.0},{"damage":22.0,"enemies":"3 Sentries","floor":7.0,"turns":6.0},{"damage":40.0,"enemies":"Lagavulin","floor":10.0,"turns":3.0},{"damage":0.0,"enemies":"Looter","floor":11.0,"turns":2.0},{"damage":3,"enemies":"Blue Slaver","floor":13,"turns":3},{"damage":6,"enemies":"Red Slaver","floor":14,"turns":2},{"damage":29,"enemies":"Hexaghost","floor":16,"turns":2}],"seed_played":"-5455149130435166596","potions_obtained":[{"floor":4.0,"key":"SpeedPotion"},{"floor":5.0,"key":"LiquidMemories"},{"floor":13,"key":"BottledMiracle"}],"is_trial":false,"path_per_floor":["M","?","?","M","M","R","E","R","T","E","M","$","M","M","R","B"],"character_chosen":"WATCHER","items_purchased":[],"campfire_rested":1,"item_purchase_floors":[],"current_hp_per_floor":[65,65,72,72,72,72,50,50,50,10,15,15,12,6,27,0,0],"gold":230,"neow_bonus":"THREE_ENEMY_KILL","is_daily":false,"chose_seed":false,"campfire_upgraded":2,"win_rate":0.0,"timestamp":1611183040,"path_taken":["M","?","?","M","?","R","E","R","T","E","M","$","M","M","R","BOSS"],"items_purchased_type":[],"build_version":"2020-12-22","purchased_purges":1,"victory":false,"max_hp_per_floor":[72,72,72,72,72,72,72,72,72,72,72,72,72,72,72,72,72],"card_choices":[{"not_picked":["BowlingBash","EmptyFist","Evaluate"],"picked":"SKIP","floor":1.0},{"not_picked":["BattleHymn","SashWhip"],"picked":"CrushJoints","floor":4.0},{"not_picked":["EmptyFist","Vengeance"],"picked":"Conclude","floor":5.0},{"not_picked":["FollowUp","Devotion","DeceiveReality"],"picked":"SKIP","floor":7.0},{"not_picked":["Protect","ForeignInfluence","FlyingSleeves"],"picked":"SKIP","floor":10.0},{"not_picked":["ClearTheMind","LikeWater","Crescendo"],"picked":"SKIP","floor":11.0},{"not_picked":["CutThroughFate","Prostrate","Swivel"],"picked":"SKIP","floor":13},{"not_picked":["Protect","Indignation","FlyingSleeves"],"picked":"SKIP","floor":14}],"player_experience":630759,"relics_obtained":[{"floor":7.0,"key":"Toy Ornithopter"},{"floor":9.0,"key":"War Paint"},{"floor":10.0,"key":"Kunai"}],"event_choices":[{"damage_healed":0.0,"max_hp_gain":0.0,"max_hp_loss":0.0,"gold_gain":0.0,"event_name":"Living Wall","player_choice":"Grow","floor":2.0,"gold_loss":0.0,"damage_taken":0.0,"cards_upgraded":["Eruption"]},{"damage_healed":7.0,"max_hp_gain":0.0,"max_hp_loss":0.0,"gold_gain":0.0,"event_name":"Wheel of Change","player_choice":"Full Heal","floor":3.0,"gold_loss":0.0,"damage_taken":0.0}],"is_beta":false,"boss_relics":[],"items_purged_floors":[12],"is_endless":false,"potions_floor_spawned":[4,5,7,13],"killed_by":"Hexaghost","ascension_level":12}}