{"host":"8efry9zhj4tjp5kw","time":1611168746,"event":{"mods":["Act Like it!","Aspiration","Bard","BaseMod","Beaked The Cultist","Colored Map","Colored Powertips","Conspire","Downfall","Glutton Mod","Halation","Hallownest","Hermit","Highlight Path","Hubris","Infinite Spire","Jedi Mod","Jorbs\u0027s Wanderer Trilogy","Koishi","Mad Scientist","Marisa????????","Mimic Mod","Minty Spire (QoL Compilation)","Reworked Bosses","Shop Mod","StSLib","The Administrix","The Construct","The Disciple","The Elementalist","The Factory","The Jungle","The Mystic","The Necromancer","The Runesmith","The Servant 0.9.4","Unceasing Turn Reminder"],"gold_per_floor":[99,110,110,110,120,131,157,170,198,198,225,225,256,279,293,293,293,293],"floor_reached":16,"language":"ENG","playtime":2461,"items_purged":[],"score":120,"play_id":"6e358dd4-42f5-4c75-81c3-e2629d6c14f0","local_time":"20210120195226","is_ascension_mode":false,"campfire_choices":[{"data":"hexamod:Float","floor":1,"key":"SMITH"},{"floor":10,"key":"REST"},{"floor":12,"key":"REST"}],"circlet_count":0,"master_deck":["hexamod:Strike","hexamod:Strike","hexamod:Strike","hexamod:Strike","hexamod:Defend","hexamod:Defend","hexamod:Defend","hexamod:Defend","hexamod:Sear","hexamod:Float+1","hexamod:UnleashSpirits","hexamod:ThermalTransfer","hexamod:SwordOfDarkness","hexamod:GhostflameBarrier","hexamod:Firestarter","hexamod:AdvancingGuard","hexamod:Rewind"],"relics":["hexamod:SpiritBrand","hexamod:MatchstickCase","Shuriken","Bag of Marbles","hubris:Metronome","Orichalcum"],"acts_visited":["Exordium"],"potions_floor_usage":[9,16],"damage_taken":[{"damage":0,"enemies":"Jaw Worm","floor":2,"turns":4},{"damage":12,"enemies":"Small Slimes","floor":5,"turns":4},{"damage":0,"enemies":"Cultist","floor":6,"turns":4},{"damage":0,"enemies":"3 Louse","floor":8,"turns":4},{"damage":12,"enemies":"Lagavulin","floor":9,"turns":6},{"damage":17,"enemies":"3 Sentries","floor":11,"turns":8},{"damage":11,"enemies":"Lagavulin","floor":13,"turns":6},{"damage":4,"enemies":"conspire:2 RoseBushes","floor":15,"turns":6},{"damage":36,"enemies":"DF_ARCHETYPE_STREAMLINE","floor":16,"turns":5}],"seed_played":"4425138137434877065","potions_obtained":[{"floor":5,"key":"FearPotion"},{"floor":9,"key":"DuplicationPotion"},{"floor":11,"key":"champ:CounterPotion"}],"is_trial":false,"path_per_floor":["R","M","?","?","M","M","T","M","E","R","E","R","E","T","M","B"],"character_chosen":"THE_SPIRIT","items_purchased":[],"campfire_rested":2,"item_purchase_floors":[],"current_hp_per_floor":[49,49,49,49,37,37,37,37,25,46,29,50,39,39,35,0,0,0],"gold":293,"neow_bonus":"THREE_RARE_CARDS","is_daily":false,"chose_seed":false,"campfire_upgraded":1,"win_rate":0.0,"timestamp":1611168746,"path_taken":["R","M","?","?","M","?","T","M","E","R","E","R","E","?","M","BOSS"],"items_purchased_type":[],"build_version":"2020-12-22","purchased_purges":0,"victory":false,"max_hp_per_floor":[70,70,70,70,70,70,70,70,70,70,70,70,70,70,70,70,70,70],"card_choices":[{"not_picked":["hexamod:GhostflameInferno","hexamod:FlameSwitch"],"picked":"hexamod:UnleashSpirits","floor":0},{"not_picked":["hexamod:FastForward","hexamod:RecurringNightmare"],"picked":"hexamod:ThermalTransfer","floor":2},{"not_picked":["hexamod:PhantomCloak","hexamod:StepThrough"],"picked":"hexamod:SwordOfDarkness","floor":5},{"not_picked":["hexamod:HauntingEcho","hexamod:SpectersWail"],"picked":"hexamod:GhostflameBarrier","floor":6},{"not_picked":["hexamod:PhantomFireball","hexamod:FirstSeal"],"picked":"hexamod:Firestarter","floor":8},{"not_picked":["hexamod:Firestarter","hexamod:SwordOfDarkness"],"picked":"hexamod:AdvancingGuard","floor":9},{"not_picked":["hexamod:ApocalypticArmor","hexamod:HeatMetal"],"picked":"hexamod:Rewind","floor":11},{"not_picked":["hexamod:NightmareGuise","hexamod:Firestarter","hexamod:SuperheatedStrike"],"picked":"SKIP","floor":13},{"not_picked":["hexamod:HeatShield","hexamod:HauntingEcho","hexamod:NightmareGuise"],"picked":"SKIP","floor":15}],"player_experience":1100390,"relics_obtained":[{"floor":7,"key":"hexamod:MatchstickCase"},{"floor":9,"key":"Shuriken"},{"floor":11,"key":"Bag of Marbles"},{"floor":13,"key":"hubris:Metronome"},{"floor":14,"key":"Orichalcum"}],"event_choices":[],"is_beta":false,"boss_relics":[],"items_purged_floors":[],"is_endless":false,"potions_floor_spawned":[5,9,11],"killed_by":"DF_ARCHETYPE_STREAMLINE","ascension_level":0}}