{"host":"fmb9x04chdot191d","time":1611137218,"event":{"mods":["2.2 Compatiblity","AchievementEnabler","BaseMod","Downfall","Hermit","Highlight Path","Marisa（霧雨　魔理沙）","Minty Spire (QoL Compilation)","Quick Restart","Rare Cards Sparkle","StSLib","The Cursed"],"gold_per_floor":[111,127,147,222,222,222,241,259,282,282,282,299,299,324,324,324,324],"floor_reached":16,"language":"ENG","playtime":986,"items_purged":[],"score":102,"play_id":"aeb412c3-4aed-41eb-b7c3-eb1e394bf1ae","local_time":"20210120230658","is_ascension_mode":false,"campfire_choices":[{"floor":6,"key":"REST"},{"data":"BigCrunch","floor":10,"key":"SMITH"},{"floor":13,"key":"REST"},{"data":"BinaryStars","floor":15,"key":"SMITH"}],"circlet_count":0,"master_deck":["Strike_MRS+1","Strike_MRS","Strike_MRS","Strike_MRS","Defend_MRS","Defend_MRS","Defend_MRS","Defend_MRS","MasterSpark","UpSweep","BigCrunch+1","ChargingUp+1","SuperPerseids","StarDustReverie","BinaryStars+1"],"relics":["MiniHakkero","Nunchaku","Orichalcum","Boot"],"acts_visited":["Exordium"],"potions_floor_usage":[16,16],"damage_taken":[{"damage":1,"enemies":"Cultist","floor":1,"turns":3},{"damage":8,"enemies":"Small Slimes","floor":2,"turns":3},{"damage":1,"enemies":"Jaw Worm","floor":3,"turns":3},{"damage":7,"enemies":"3 Louse","floor":7,"turns":3},{"damage":14,"enemies":"Blue Slaver","floor":8,"turns":3},{"damage":5,"enemies":"Lots of Slimes","floor":12,"turns":2},{"damage":7,"enemies":"3 Sentries","floor":14,"turns":3},{"damage":51,"enemies":"The Guardian","floor":16,"turns":12}],"seed_played":"-8002418595874216926","potions_obtained":[{"floor":1,"key":"AttackPotion"},{"floor":2,"key":"Weak Potion"},{"floor":8,"key":"LiquidBronze"},{"floor":14,"key":"PowerPotion"}],"is_trial":false,"path_per_floor":["M","M","M","?","?","R","M","M","T","R","?","M","R","E","R","B"],"character_chosen":"MARISA","items_purchased":[],"campfire_rested":2,"item_purchase_floors":[],"current_hp_per_floor":[74,66,65,54,39,61,54,40,40,40,40,35,57,50,50,0,0],"gold":324,"neow_bonus":"ONE_RANDOM_RARE_CARD","is_daily":false,"chose_seed":false,"campfire_upgraded":2,"win_rate":0.0,"timestamp":1611137218,"path_taken":["M","?","M","?","?","R","M","M","T","R","?","M","R","E","R","BOSS"],"items_purchased_type":[],"build_version":"2020-12-22","purchased_purges":0,"victory":false,"max_hp_per_floor":[75,75,75,75,75,75,75,75,75,75,75,75,75,75,75,75,75],"card_choices":[{"not_picked":["AlicesGift","ManaConvection"],"picked":"ChargingUp","floor":1},{"not_picked":["AsteroidBelt","WitchLeyline","DC"],"picked":"SKIP","floor":2},{"not_picked":["ShootingEcho","MilkyWay"],"picked":"SuperPerseids","floor":3},{"not_picked":["AsteroidBelt","RefractionSpark","Acceleration"],"picked":"SKIP","floor":7},{"not_picked":["MilkyWay","6A"],"picked":"StarDustReverie","floor":8},{"not_picked":["Robbery","DragonMeteor","DoubleSpark"],"picked":"SKIP","floor":12},{"not_picked":["OrrerysSun","OneTimeOff"],"picked":"BinaryStars","floor":14}],"player_experience":9258,"relics_obtained":[{"floor":9,"key":"Nunchaku"},{"floor":14,"key":"Boot"}],"event_choices":[{"damage_healed":0,"gold_gain":75,"player_choice":"Gather Gold","damage_taken":11,"max_hp_gain":0,"max_hp_loss":0,"event_name":"World of Goop","floor":4,"gold_loss":0},{"damage_healed":0,"gold_gain":0,"player_choice":"Entered Light","damage_taken":15,"max_hp_gain":0,"max_hp_loss":0,"event_name":"Shining Light","floor":5,"gold_loss":0,"cards_upgraded":["Strike_MRS","ChargingUp"]},{"damage_healed":0,"gold_gain":0,"player_choice":"Searched \u00272\u0027 times","damage_taken":0,"relics_obtained":["Orichalcum"],"max_hp_gain":0,"max_hp_loss":0,"event_name":"Dead Adventurer","floor":11,"gold_loss":0}],"is_beta":false,"boss_relics":[],"items_purged_floors":[],"is_endless":false,"potions_floor_spawned":[1,2,8,14],"killed_by":"The Guardian","ascension_level":0}}