{"host":"l5xpox9cbdko122s","time":1611186496,"event":{"mods":["AchievementEnabler","BaseMod","Better Skull","Colored Map","Colored Powertips","Curses Come First","Displayed Cursed Tome","Hermit","Highlight Path","Minty Spire (QoL Compilation)","Quick Restart","Shop Mod","StSLib"],"gold_per_floor":[115,65,65,78,88,88,114,114,114,127,127,153,153,169,169,270,320,340,439,245,256,276,276,294,294,319,336,286,286,297,297,297,297,297],"floor_reached":33,"language":"ENG","playtime":2201,"items_purged":["hermit:Snapshot","hermit:FullyLoaded+1"],"score":247,"play_id":"06e2c7ad-4c7c-495f-a911-67077d511d41","local_time":"20210120184816","is_ascension_mode":false,"campfire_choices":[{"data":"hermit:FullyLoaded","floor":6.0,"key":"SMITH"},{"floor":15.0,"key":"RECALL"},{"floor":23,"key":"REST"},{"floor":25,"key":"REST"},{"floor":32,"key":"REST"}],"circlet_count":0,"master_deck":["hermit:Strike_Hermit","hermit:Strike_Hermit","hermit:Strike_Hermit","hermit:Strike_Hermit","hermit:Defend_Hermit+1","hermit:Defend_Hermit","hermit:Defend_Hermit","hermit:Defend_Hermit","hermit:Maintenance+1","hermit:Maintenance+1","hermit:HighNoon"],"relics":["Blood Vial","Juzu Bracelet","Membership Card","MerchantsRug","Tiny Chest","Bronze Scales","hermit:RyeStalk"],"acts_visited":["Exordium","TheCity"],"potions_floor_usage":[21,22,33,33],"damage_taken":[{"damage":2.0,"enemies":"2 Louse","floor":1.0,"turns":2.0},{"damage":2.0,"enemies":"Small Slimes","floor":4.0,"turns":3.0},{"damage":1.0,"enemies":"Cultist","floor":5.0,"turns":3.0},{"damage":25.0,"enemies":"3 Sentries","floor":7.0,"turns":11.0},{"damage":6.0,"enemies":"Exordium Wildlife","floor":10.0,"turns":3.0},{"damage":2.0,"enemies":"Blue Slaver","floor":14.0,"turns":3.0},{"damage":64.0,"enemies":"Slime Boss","floor":16.0,"turns":20.0},{"damage":14.0,"enemies":"Spheric Guardian","floor":18.0,"turns":4.0},{"damage":29,"enemies":"3 Byrds","floor":21,"turns":5},{"damage":15,"enemies":"Snake Plant","floor":22,"turns":5},{"damage":18,"enemies":"Shelled Parasite and Fungi","floor":24,"turns":9},{"damage":2,"enemies":"Sentry and Sphere","floor":27,"turns":10},{"damage":0,"enemies":"Chosen and Byrds","floor":30,"turns":8},{"damage":79,"enemies":"Collector","floor":33,"turns":7}],"seed_played":"5146332137542803858","potions_obtained":[{"floor":4.0,"key":"SkillPotion"},{"floor":14.0,"key":"SpeedPotion"},{"floor":16.0,"key":"Explosive Potion"},{"floor":17.0,"key":"Swift Potion"},{"floor":18.0,"key":"Fire Potion"},{"floor":27,"key":"BlessingOfTheForge"},{"floor":30,"key":"AttackPotion"}],"is_trial":false,"path_per_floor":["M","?","$","M","M","R","E","?","T","M","?","T","?","M","R","B",null,"M","?","$","M","M","R","M","R","T","M","$","?","M","?","R","B"],"character_chosen":"HERMIT","items_purchased":["Membership Card","MerchantsRug","Tiny Chest","Bronze Scales"],"campfire_rested":3,"item_purchase_floors":[20,20,20,20],"current_hp_per_floor":[73,73,73,71,70,70,45,45,45,41,41,41,75,73,73,11,80,66,66,66,39,26,50,34,58,58,58,58,58,60,45,70,0,0],"gold":297,"neow_bonus":"BOSS_RELIC","is_daily":false,"chose_seed":false,"campfire_upgraded":1,"win_rate":0.0,"timestamp":1611186496,"path_taken":["M","?","$","M","M","R","E","?","T","?","?","?","?","M","R","BOSS","M","?","$","M","M","R","M","R","T","M","$","?","M","?","R","BOSS"],"items_purchased_type":["Relic","Relic","Relic","Relic"],"build_version":"2020-12-22","purchased_purges":2,"victory":false,"max_hp_per_floor":[75,75,75,75,75,75,75,75,75,75,75,75,75,75,75,75,80,80,80,80,80,80,80,80,80,80,80,80,80,80,85,85,85,85],"card_choices":[{"not_picked":["hermit:Headshot","hermit:LowProfile","hermit:ItchyTrigger"],"picked":"SKIP","floor":1.0},{"not_picked":["hermit:Feint","hermit:EyeOfTheStorm","hermit:FlashPowder"],"picked":"SKIP","floor":4.0},{"not_picked":["hermit:Enervate","hermit:Manifest"],"picked":"hermit:FullyLoaded","floor":5.0},{"not_picked":["hermit:BodyArmor","hermit:GoldenBullet","hermit:Quickdraw"],"picked":"SKIP","floor":7.0},{"not_picked":["hermit:Snipe","hermit:Dive","hermit:Virtue"],"picked":"SKIP","floor":10.0},{"not_picked":["hermit:BodyArmor","hermit:Feint","hermit:FlashPowder"],"picked":"SKIP","floor":14.0},{"not_picked":["hermit:Cheat","hermit:Feint"],"picked":"hermit:Maintenance+1","floor":18.0},{"not_picked":["hermit:Feint","hermit:Misfire","hermit:Ricochet"],"picked":"SKIP","floor":21},{"not_picked":["hermit:Combo+1","hermit:Brawl","hermit:BodyArmor+1"],"picked":"SKIP","floor":22},{"not_picked":["hermit:ItchyTrigger","hermit:Roulette"],"picked":"hermit:Maintenance+1","floor":24},{"not_picked":["hermit:LoneWolf+1","hermit:CalledShot+1","hermit:GoldenBullet"],"picked":"SKIP","floor":27},{"not_picked":["hermit:ItchyTrigger","hermit:FromBeyond","hermit:Snipe+1"],"picked":"SKIP","floor":30}],"player_experience":165668,"relics_obtained":[{"floor":7.0,"key":"Blood Vial"},{"floor":12.0,"key":"Juzu Bracelet"},{"floor":26,"key":"hermit:RyeStalk"}],"event_choices":[{"cards_removed":["hermit:Covet"],"damage_healed":0.0,"max_hp_gain":0.0,"max_hp_loss":0.0,"gold_gain":0.0,"event_name":"The Cleric","player_choice":"Card Removal","floor":2.0,"gold_loss":50.0,"damage_taken":0.0},{"damage_healed":0.0,"max_hp_gain":0.0,"max_hp_loss":0.0,"gold_gain":0.0,"event_name":"The Woman in Blue","player_choice":"Bought 0 Potions","floor":8.0,"gold_loss":0.0,"damage_taken":0.0},{"damage_healed":0.0,"max_hp_gain":0.0,"max_hp_loss":0.0,"gold_gain":0.0,"event_name":"Dead Adventurer","player_choice":"Searched \u00271\u0027 times","floor":11.0,"gold_loss":0.0,"damage_taken":0.0,"relics_obtained":["Letter Opener"]},{"damage_healed":34.0,"max_hp_gain":0.0,"max_hp_loss":0.0,"gold_gain":0.0,"event_name":"Wheel of Change","player_choice":"Full Heal","floor":13.0,"gold_loss":0.0,"damage_taken":0.0},{"damage_healed":0.0,"max_hp_gain":0.0,"max_hp_loss":0.0,"gold_gain":99.0,"event_name":"Nest","player_choice":"Stole From Cult","floor":19.0,"gold_loss":0.0,"damage_taken":0.0},{"damage_healed":0,"gold_gain":0,"player_choice":"Read","damage_taken":0,"max_hp_gain":0,"max_hp_loss":0,"event_name":"The Library","floor":29,"gold_loss":0,"cards_obtained":["hermit:HighNoon"]},{"damage_healed":0,"gold_gain":0,"player_choice":"Shed Blood","damage_taken":20,"max_hp_gain":5,"max_hp_loss":0,"event_name":"Forgotten Altar","floor":31,"gold_loss":0}],"is_beta":false,"boss_relics":[{"not_picked":["Philosopher\u0027s Stone","Runic Dome"],"picked":"Tiny House"}],"items_purged_floors":[20,28],"is_endless":false,"potions_floor_spawned":[4,14,16,18,27,30],"killed_by":"Collector","ascension_level":0}}