{"host":"h4qgcirtxz6qax9j","time":1611156125,"event":{"mods":["AchievementEnabler","BaseMod","Colored Powertips","Hermit","Minty Spire (QoL Compilation)","StSLib","SuperFastMode","The Servant 0.9.4"],"gold_per_floor":[110,210,67,85,35,68,68,102,102,114,114,114,114,124,124,124,124],"floor_reached":16,"language":"KOR","playtime":296,"items_purged":[],"score":153,"play_id":"955793da-7f6c-4b5d-b5f7-e1ca3f844086","local_time":"20210121002205","is_ascension_mode":true,"campfire_choices":[{"data":"Collapse","floor":7,"key":"SMITH"},{"floor":13,"key":"REST"},{"floor":15,"key":"REST"}],"circlet_count":0,"master_deck":["Strike_S","Strike_S","Strike_S","Strike_S","Defend_S","Defend_S","Defend_S","Defend_S","KidneyShot","Exchange","Sabotage","Collapse+1","Contraction","TimeWarp","TimeWarp","Deny+1","Replace+1","Contraction+1"],"relics":["Uniform","NeowsBlessing","Frozen Egg 2","Toxic Egg 2","White Beast Statue"],"acts_visited":["Exordium"],"potions_floor_usage":[16,16,16],"damage_taken":[{"damage":0,"enemies":"Jaw Worm","floor":1,"turns":1},{"damage":0,"enemies":"Cultist","floor":4,"turns":1},{"damage":0,"enemies":"Lagavulin","floor":6,"turns":1},{"damage":54,"enemies":"Gremlin Nob","floor":8,"turns":6},{"damage":5,"enemies":"2 Louse","floor":10,"turns":3},{"damage":14,"enemies":"Red Slaver","floor":14,"turns":4},{"damage":71,"enemies":"Slime Boss","floor":16,"turns":13}],"seed_played":"-8355543692627295892","potions_obtained":[{"floor":6,"key":"GamblersBrew"},{"floor":10,"key":"Regen Potion"},{"floor":14,"key":"SpeedPotion"}],"is_trial":false,"path_per_floor":["M","?","$","M","$","E","R","E","T","M","?","?","R","M","R","B"],"character_chosen":"THE_SERVANT","items_purchased":["Collapse","Contraction","TimeWarp"],"campfire_rested":2,"item_purchase_floors":[3,3,5],"current_hp_per_floor":[65,65,65,65,65,65,65,11,11,6,27,27,46,32,51,0,0],"gold":124,"neow_bonus":"THREE_ENEMY_KILL","is_daily":false,"chose_seed":false,"campfire_upgraded":1,"win_rate":0.0,"timestamp":1611156125,"path_taken":["M","?","?","?","$","E","R","E","T","M","?","?","R","M","R","BOSS"],"items_purchased_type":["Card","Card","Card"],"build_version":"2020-12-22","purchased_purges":0,"victory":false,"max_hp_per_floor":[65,65,65,65,65,65,65,65,65,65,65,65,65,65,65,65,65],"card_choices":[{"not_picked":["Starlight","Rewind"],"picked":"Sabotage","floor":1},{"not_picked":["Spin","Defy","Replace"],"picked":"SKIP","floor":4},{"not_picked":["Ricochet","Replace"],"picked":"TimeWarp","floor":6},{"not_picked":["Unruled","Spin"],"picked":"Deny+1","floor":8},{"not_picked":["Spin","Barrier+1"],"picked":"Replace+1","floor":10},{"not_picked":["TimeTheft+1","BestPractice+1"],"picked":"Contraction+1","floor":14}],"player_experience":86743,"relics_obtained":[{"floor":6,"key":"Frozen Egg 2"},{"floor":8,"key":"Toxic Egg 2"},{"floor":9,"key":"White Beast Statue"}],"event_choices":[{"damage_healed":0,"gold_gain":100,"player_choice":"Pray","damage_taken":0,"max_hp_gain":0,"max_hp_loss":0,"event_name":"Golden Shrine","floor":2,"gold_loss":0},{"damage_healed":21,"gold_gain":0,"player_choice":"Banana","damage_taken":0,"max_hp_gain":0,"max_hp_loss":0,"event_name":"Big Fish","floor":11,"gold_loss":0},{"damage_healed":0,"gold_gain":0,"player_choice":"Ignored","damage_taken":0,"max_hp_gain":0,"max_hp_loss":0,"event_name":"Purifier","floor":12,"gold_loss":0}],"is_beta":false,"boss_relics":[],"items_purged_floors":[],"is_endless":false,"potions_floor_spawned":[6,10,14],"killed_by":"Slime Boss","ascension_level":3}}