{"host":"xm0tf1maiknh0fp9","time":1611115603,"event":{"mods":["BaseMod","Colored Map","Colored Powertips","Googly Eyes","Minty Spire (QoL Compilation)","Replay The Spire","StSLib"],"gold_per_floor":[114,39,4,4,27,27,65,65,65,88,88,88,88,103,103,229,229,250,250,274,274,299,299,330,330,330,351,106,144,144,84,84,212,212,225,246,7,268,268,268,331,331,331,345,360,360,398,412,412,412],"floor_reached":51,"language":"ENG","playtime":2002,"items_purged":["ReplayTheSpireMod:Restless Dread","Bite"],"score":1107,"play_id":"e20c81f3-865a-43c8-8933-53eb64fae2e9","local_time":"20210119230643","is_ascension_mode":true,"campfire_choices":[{"data":"Prepared","floor":6.0,"key":"SMITH"},{"floor":8.0,"key":"REST"},{"data":"Blade Dance","floor":12.0,"key":"SMITH"},{"data":"Phantasmal Killer","floor":15.0,"key":"SMITH"},{"floor":23.0,"key":"REST"},{"floor":25.0,"key":"REST"},{"data":"ReplayTheSpireMod:Scrap Shanks","floor":30,"key":"SMITH"},{"data":"Neutralize","floor":40,"key":"SMITH"},{"data":"Venomology","floor":42,"key":"SMITH"},{"data":"Prepared","floor":46,"key":"SMITH"},{"data":"Flash of Steel","floor":49,"key":"SMITH"}],"circlet_count":0,"master_deck":["AscendersBane","Defend_G","Defend_G","Defend_G","Defend_G","Defend_G","Survivor","Neutralize+1","Prepared+1","Blade Dance+1","Phantasmal Killer+1","Venomology+1","ReplayTheSpireMod:Scrap Shanks+1","Bite","Bite","Bite","Bite","Predator+1","Flash of Steel+1","Prepared+1"],"relics":["Ring of the Snake","Thread and Needle","Golden Idol","Snake Skull","Du-Vu Doll","Toy Ornithopter","Busted Crown","Replay:Mystery Machine","Prayer Wheel","Oddly Smooth Stone","Bottled Flame","SlaversCollar","Anchor","Tough Bandages","FossilizedHelix","Nunchaku"],"acts_visited":["Exordium","TheCity","TheBeyond"],"potions_floor_usage":[27,27,29,29,33,33,33,35,35,39,44,45,45,47,47,48,50,50,50,50],"damage_taken":[{"damage":4.0,"enemies":"Small Slimes","floor":1.0,"turns":5.0},{"damage":0.0,"enemies":"Jaw Worm","floor":5.0,"turns":6.0},{"damage":24.0,"enemies":"3 Sentries","floor":7.0,"turns":14.0},{"damage":0.0,"enemies":"2 Louse","floor":10.0,"turns":3.0},{"damage":13.0,"enemies":"Exordium Thugs","floor":14.0,"turns":6.0},{"damage":39.0,"enemies":"The Guardian","floor":16.0,"turns":9.0},{"damage":12.0,"enemies":"Shell Parasite","floor":18.0,"turns":5.0},{"damage":9.0,"enemies":"Spheric Guardian","floor":20.0,"turns":4.0},{"damage":26.0,"enemies":"Snake Plant","floor":22.0,"turns":5.0},{"damage":21.0,"enemies":"Gremlin Leader","floor":24.0,"turns":5.0},{"damage":27,"enemies":"Chosen and Byrds","floor":27,"turns":5},{"damage":5,"enemies":"Replay:Snechameleon","floor":29,"turns":5},{"damage":32,"enemies":"Collector","floor":33,"turns":9},{"damage":12,"enemies":"Orb Walker","floor":35,"turns":4},{"damage":19,"enemies":"3 Shapes","floor":36,"turns":4},{"damage":0,"enemies":"Spire Growth","floor":39,"turns":2},{"damage":0,"enemies":"Mind Bloom Boss Battle","floor":41,"turns":3},{"damage":0,"enemies":"Maw","floor":44,"turns":7},{"damage":0,"enemies":"3 Darklings","floor":45,"turns":5},{"damage":0,"enemies":"Nemesis","floor":47,"turns":5},{"damage":1,"enemies":"Spire Growth","floor":48,"turns":4},{"damage":57,"enemies":"Awakened One","floor":50,"turns":11}],"seed_played":"-8419183985145039392","potions_obtained":[{"floor":1.0,"key":"Fire Potion"},{"floor":7.0,"key":"EntropicBrew"},{"floor":18.0,"key":"Doom Potion"},{"floor":24.0,"key":"Milkshake"},{"floor":32,"key":"GhostInAJar"},{"floor":32,"key":"SmokeBomb"},{"floor":33,"key":"Weak Potion"},{"floor":36,"key":"Dexterity Potion"},{"floor":45,"key":"SkillPotion"},{"floor":48,"key":"AttackPotion"}],"is_trial":false,"path_per_floor":["M","$","?","?","M","R","E","R","T","M","T","R","?","M","R","B",null,"M","?","M","?","M","R","E","R","T","M","$","E","R","?","R_BF","B",null,"M","M","$","?","M","R","?","R","T","M","M","R","E","M","R","B",null],"character_chosen":"THE_SILENT","items_purchased":["Oddly Smooth Stone","Anchor","Flash of Steel"],"campfire_rested":3,"item_purchase_floors":[28,37,37],"current_hp_per_floor":[59,59,70,53,53,53,29,50,50,50,50,50,43,40,40,6,54,42,42,44,44,36,49,34,48,48,26,26,43,43,43,43,36,46,39,32,32,32,37,37,47,47,47,49,49,49,49,49,49,16],"gold":412,"neow_bonus":"ONE_RARE_RELIC","is_daily":false,"chose_seed":false,"campfire_upgraded":8,"win_rate":0.0,"timestamp":1611115603,"path_taken":["M","$","?","?","M","R","E","R","T","M","?","R","?","M","R","BOSS","BOSS","M","?","M","?","?","R","E","R","T","M","$","E","R","?","R_BF","BOSS","M","M","$","?","M","R","?","R","T","M","M","R","E","M","R","BOSS"],"items_purchased_type":["Relic","Relic","Card"],"build_version":"2020-12-22","purchased_purges":2,"victory":true,"max_hp_per_floor":[70,70,70,70,70,70,70,70,70,70,70,70,70,70,70,70,70,70,49,49,49,49,49,49,49,49,49,49,49,49,49,49,49,49,49,49,49,49,49,49,49,49,49,49,49,49,49,49,49,49],"card_choices":[{"not_picked":["Blade Dance","Leg Sweep","ReplayTheSpireMod:The Works"],"picked":"SKIP","floor":1.0},{"not_picked":["Noxious Fumes","Sucker Punch"],"picked":"Prepared","floor":5.0},{"not_picked":["Sucker Punch","Quick Slash","Leg Sweep"],"picked":"SKIP","floor":7.0},{"not_picked":["Setup","Outmaneuver"],"picked":"Blade Dance","floor":10.0},{"not_picked":["Leg Sweep","Escape Plan"],"picked":"Phantasmal Killer","floor":14.0},{"not_picked":["Unload","Glass Knife"],"picked":"Venomology","floor":16.0},{"not_picked":[],"picked":"ReplayTheSpireMod:Scrap Shanks","floor":18.0},{"not_picked":["Riddle With Holes"],"picked":"SKIP","floor":20.0},{"not_picked":["Deflect"],"picked":"SKIP","floor":22.0},{"not_picked":["Tactician"],"picked":"SKIP","floor":24.0},{"not_picked":["Deadly Poison"],"picked":"SKIP","floor":27},{"not_picked":["Poisoned Stab"],"picked":"SKIP","floor":27},{"not_picked":["Draining Mist"],"picked":"SKIP","floor":29},{"not_picked":[],"picked":"Predator+1","floor":35},{"not_picked":["Slice"],"picked":"SKIP","floor":35},{"not_picked":["Backflip"],"picked":"SKIP","floor":36},{"not_picked":["Sucker Punch+1"],"picked":"SKIP","floor":36},{"not_picked":["Underhanded Strike"],"picked":"SKIP","floor":44},{"not_picked":["Sucker Punch+1"],"picked":"SKIP","floor":44},{"not_picked":[],"picked":"Prepared","floor":45},{"not_picked":["Blade Dance"],"picked":"SKIP","floor":45},{"not_picked":["Bane"],"picked":"SKIP","floor":47},{"not_picked":["Slice+1"],"picked":"SKIP","floor":48},{"not_picked":["Bullet Time"],"picked":"SKIP","floor":48}],"player_experience":146792,"relics_obtained":[{"floor":7.0,"key":"Snake Skull"},{"floor":9.0,"key":"Du-Vu Doll"},{"floor":11.0,"key":"Toy Ornithopter"},{"floor":24.0,"key":"Replay:Mystery Machine"},{"floor":26.0,"key":"Prayer Wheel"},{"floor":29,"key":"Bottled Flame"},{"floor":41,"key":"Tough Bandages"},{"floor":43,"key":"FossilizedHelix"},{"floor":47,"key":"Nunchaku"}],"event_choices":[{"damage_healed":17.0,"max_hp_gain":0.0,"max_hp_loss":0.0,"gold_gain":0.0,"event_name":"The Cleric","player_choice":"Healed","floor":3.0,"gold_loss":35.0,"damage_taken":0.0},{"damage_healed":0.0,"max_hp_gain":0.0,"max_hp_loss":0.0,"gold_gain":0.0,"event_name":"Golden Idol","player_choice":"Take Damage","floor":4.0,"gold_loss":0.0,"damage_taken":17.0,"relics_obtained":["Golden Idol"]},{"cards_removed":["Strike_G"],"damage_healed":0.0,"max_hp_gain":0.0,"max_hp_loss":0.0,"gold_gain":0.0,"event_name":"Golden Wing","player_choice":"Card Removal","floor":13.0,"gold_loss":0.0,"damage_taken":7.0},{"damage_healed":0.0,"max_hp_gain":0.0,"max_hp_loss":21.0,"gold_gain":0.0,"event_name":"Vampires","player_choice":"Became a vampire","floor":19.0,"gold_loss":0.0,"damage_taken":0.0,"cards_obtained":["Bite","Bite","Bite","Bite","Bite"]},{"damage_healed":0.0,"max_hp_gain":0.0,"max_hp_loss":0.0,"gold_gain":0.0,"event_name":"Lab","player_choice":"Got Potions","floor":21.0,"gold_loss":0.0,"damage_taken":0.0},{"damage_healed":0,"gold_gain":0,"player_choice":"Fight","damage_taken":0,"max_hp_gain":0,"max_hp_loss":0,"event_name":"MindBloom","floor":41,"gold_loss":0}],"is_beta":false,"boss_relics":[{"not_picked":["Runic Pyramid","Replay:Grab Bag"],"picked":"Busted Crown"},{"not_picked":["Coffee Dripper","Sozu"],"picked":"SlaversCollar"}],"items_purged_floors":[2,28],"is_endless":false,"potions_floor_spawned":[1,7,18,24,33,36,44,45,48],"ascension_level":10}}