{"host":"zkqorkqsr6o67e8b","time":1611122124,"event":{"mods":["BaseMod","Better Vampires","Downfall","Minty Spire (QoL Compilation)","StSLib","The Alterego","¡¾ÒÅÎï¿¨ÅÆ¡¿REMEMod"],"gold_per_floor":[99,110,124,136,136,46,91,117,132,32,17,43,61,94,106,206,206,106,124,124,224,239,239,319,319,319,61,88,98,98,149,168,263,263,263,282,332,385,403,45,45,45,61,61,76,311,346,193,210,210],"floor_reached":51,"language":"ZHS","playtime":3988,"items_purged":["Guardian:Strike_Guardian","Guardian:Gem_Green","Pride"],"score":1273,"play_id":"270bbf50-60ba-4c35-b0e7-4f15c7a04495","local_time":"20210120135524","is_ascension_mode":true,"campfire_choices":[{"data":"Phantasmal Killer","floor":1.0,"key":"SMITH"},{"data":"Guardian:CompilePackage","floor":10.0,"key":"SMITH"},{"data":"Guardian:BodySlam","floor":18.0,"key":"SMITH"},{"data":"Guardian:CompilePackage","floor":26.0,"key":"SMITH"},{"floor":35.0,"key":"RECALL"},{"data":"downfall:Aged","floor":44.0,"key":"PURGE"}],"circlet_count":0,"master_deck":["AscendersBane","Guardian:Defend_Guardian+1","Guardian:Defend_Guardian+1","Guardian:CurlUp","Guardian:TwinSlam+1","Phantasmal Killer+1","Guardian:CompilePackage+1","Guardian:CompilePackage+1","Guardian:SentryBeam","Guardian:StasisEngine","Guardian:BodySlam+1","Guardian:GemFinder","Guardian:SentryBeam","Guardian:Gem_Cyan","Guardian:ArmoredProtocol","expansioncontent:Chronoboost","Guardian:ChargeUp","Guardian:CompilePackage","Guardian:TimeSifter","Guardian:AncientConstruct+1","Guardian:SentryBeam+1","Guardian:BronzeArmor","Guardian:TimeCapacitor+1"],"relics":["Guardian:ModeShifter","REME_ComplimentaryCards","Art of War","downfall:HeartBlessingBlue","War Paint","Whetstone","Busted Crown","downfall:HeartBlessingGreen","Potion Belt","Molten Egg 2","Bottled Lightning","Peace Pipe","Toy Ornithopter","Astrolabe","Incense Burner","TungstenRod","InkBottle","Meat on the Bone","Guardian:StasisEgg","Juzu Bracelet","REME_CardOfGreed"],"acts_visited":[],"potions_floor_usage":[46,50,50,50],"damage_taken":[{"damage":0.0,"enemies":"Cultist","floor":2.0,"turns":3.0},{"damage":1.0,"enemies":"2 Louse","floor":3.0,"turns":3.0},{"damage":0.0,"enemies":"Small Slimes","floor":4.0,"turns":3.0},{"damage":10.0,"enemies":"downfall:FleeingMerchant","floor":6.0,"turns":4.0},{"damage":10.0,"enemies":"Lagavulin","floor":8.0,"turns":8.0},{"damage":10.0,"enemies":"Gremlin Gang","floor":9.0,"turns":4.0},{"damage":2.0,"enemies":"downfall:FleeingMerchant","floor":11.0,"turns":4.0},{"damage":15.0,"enemies":"3 Sentries","floor":12.0,"turns":7.0},{"damage":0.0,"enemies":"Large Slime","floor":13.0,"turns":4.0},{"damage":0.0,"enemies":"Gremlin Nob","floor":14.0,"turns":3.0},{"damage":9.0,"enemies":"Red Slaver","floor":15.0,"turns":2.0},{"damage":0.0,"enemies":"downfall:Watcher","floor":16.0,"turns":5.0},{"damage":0.0,"enemies":"Chosen","floor":19.0,"turns":4.0},{"damage":7.0,"enemies":"downfall:LadyInBlue","floor":21.0,"turns":6.0},{"damage":14.0,"enemies":"Snake Plant","floor":22.0,"turns":5.0},{"damage":5.0,"enemies":"downfall:FleeingMerchant","floor":27.0,"turns":4.0},{"damage":12.0,"enemies":"REME_1_Revenger","floor":28.0,"turns":4.0},{"damage":0.0,"enemies":"Centurion and Healer","floor":29.0,"turns":5.0},{"damage":0.0,"enemies":"Chosen and Byrds","floor":32.0,"turns":4.0},{"damage":21.0,"enemies":"downfall:Silent","floor":33.0,"turns":8.0},{"damage":0.0,"enemies":"Orb Walker","floor":36.0,"turns":4.0},{"damage":3.0,"enemies":"Orb Walker","floor":37.0,"turns":7.0},{"damage":16.0,"enemies":"2 Orb Walkers","floor":38.0,"turns":5.0},{"damage":7.0,"enemies":"3 Darklings","floor":39.0,"turns":6.0},{"damage":0.0,"enemies":"downfall:FleeingMerchant","floor":40.0,"turns":4.0},{"damage":14.0,"enemies":"Sphere and 2 Shapes","floor":43.0,"turns":4.0},{"damage":23.0,"enemies":"Transient","floor":45.0,"turns":5.0},{"damage":0,"enemies":"downfall:FleeingMerchant","floor":46,"turns":4},{"damage":0,"enemies":"Giant Head","floor":47,"turns":6},{"damage":1,"enemies":"Jaw Worm Horde","floor":49,"turns":4},{"damage":2,"enemies":"DF_ARCHETYPE_ORBS","floor":50,"turns":9}],"seed_played":"3975176107655932499","potions_obtained":[{"floor":2.0,"key":"Fire Potion"},{"floor":8.0,"key":"Swift Potion"},{"floor":9.0,"key":"Fire Potion"},{"floor":12.0,"key":"LiquidBronze"},{"floor":19.0,"key":"Ancient Potion"},{"floor":21.0,"key":"champ:CounterPotion"},{"floor":21.0,"key":"REME_GoldPotion"},{"floor":21.0,"key":"Explosive Potion"},{"floor":21.0,"key":"DuplicationPotion"},{"floor":28.0,"key":"EssenceOfSteel"},{"floor":36.0,"key":"REME_GoldPotion"},{"floor":37.0,"key":"Fire Potion"},{"floor":47,"key":"Weak Potion"}],"is_trial":false,"path_per_floor":["R","M","M","M","?","$","T","E","M","R","$","E","M","E","M","B",null,"R","M","?","?","M","?","T","?","R","$","E","M","?","T","M","B",null,"R","M","?","?","M","$","T","?","M","R","M","$","E","$","M","B",null],"character_chosen":"GUARDIAN","items_purchased":["Guardian:SentryBeam","expansioncontent:Chronoboost","Guardian:ChargeUp","InkBottle","REME_CardOfGreed"],"campfire_rested":0,"item_purchase_floors":[6,27,27,40,48],"current_hp_per_floor":[51,51,50,50,50,40,40,30,20,30,28,13,13,13,4,4,69,69,69,69,62,48,48,48,48,48,43,31,31,31,31,36,20,73,73,73,75,59,52,57,57,57,55,55,44,49,49,49,48,61],"gold":210,"neow_bonus":"THREE_RARE_CARDS","is_daily":false,"chose_seed":false,"campfire_upgraded":4,"win_rate":0.0,"timestamp":1611122124,"path_taken":["R","M","M","?","?","$","T","E","M","R","?","E","M","E","M","BOSS","R","M","?","?","?","?","T","?","R","$","E","M","?","?","M","BOSS","R","M","?","?","M","$","T","?","M","R","?","$","E","?","M","BOSS"],"items_purchased_type":["Card","Card","Card","Relic","Relic"],"build_version":"2020-12-22","purchased_purges":3,"victory":true,"max_hp_per_floor":[80,80,80,80,80,80,80,80,80,90,90,90,90,90,90,90,90,90,90,90,90,90,90,90,90,90,90,90,90,90,90,90,90,90,90,90,90,90,90,90,90,90,90,90,90,90,90,90,90,90],"card_choices":[{"not_picked":["Guardian:StasisField","Guardian:GatlingBeam"],"picked":"Guardian:CompilePackage","floor":0.0},{"not_picked":["Guardian:Incinerate","Guardian:TemporalShield"],"picked":"Guardian:Gem_Cyan","floor":2.0},{"not_picked":["Guardian:CrystalBeam","Guardian:Planning","Guardian:Repulse"],"picked":"SKIP","floor":3.0},{"not_picked":["Guardian:Gem_Cyan","Guardian:BodySlam"],"picked":"Guardian:Gem_White","floor":4.0},{"not_picked":["Guardian:CrystalBeam","Guardian:PrimingBeam"],"picked":"Guardian:Gem_Orange","floor":6.0},{"not_picked":["Guardian:Planning","Guardian:RollAttack","Guardian:BronzeOrb"],"picked":"SKIP","floor":8.0},{"not_picked":["Guardian:Gem_Cyan","Guardian:PiercingHide","Guardian:FuturePlans"],"picked":"SKIP","floor":9.0},{"not_picked":["Guardian:TemporalStrike","Guardian:PolyBeam"],"picked":"Guardian:StasisEngine","floor":11.0},{"not_picked":["Guardian:PrimingBeam","Guardian:Gem_Green"],"picked":"Guardian:BodySlam","floor":12.0},{"not_picked":["Guardian:ShieldSpikes","Guardian:PrimingBeam","Guardian:VentSteam"],"picked":"SKIP","floor":13.0},{"not_picked":["Guardian:RefractedBeam","Guardian:Gem_Purple","Guardian:PrimingBeam"],"picked":"SKIP","floor":14.0},{"not_picked":["Guardian:Reroute","Guardian:FuturePlans","Guardian:DecasProtection"],"picked":"SKIP","floor":15.0},{"not_picked":["Guardian:PiercingHide+1"],"picked":"SKIP","floor":19.0},{"not_picked":[],"picked":"Guardian:Gem_Cyan","floor":21.0},{"not_picked":[],"picked":"Guardian:ArmoredProtocol","floor":22.0},{"not_picked":["Guardian:Gem_Cyan"],"picked":"SKIP","floor":27.0},{"not_picked":[],"picked":"Guardian:CompilePackage","floor":28.0},{"not_picked":["Guardian:WalkerClaw+1"],"picked":"SKIP","floor":29.0},{"not_picked":["Guardian:Gem_Green"],"picked":"SKIP","floor":32.0},{"not_picked":[],"picked":"Guardian:TimeSifter","floor":33.0},{"not_picked":["Guardian:Planning"],"picked":"SKIP","floor":36.0},{"not_picked":[],"picked":"Guardian:BronzeArmor","floor":38.0},{"not_picked":["Guardian:Gem_Yellow"],"picked":"SKIP","floor":39.0},{"not_picked":["Guardian:Harden"],"picked":"SKIP","floor":40.0},{"not_picked":["Guardian:GuardianWhirl+1"],"picked":"SKIP","floor":43.0},{"not_picked":[],"picked":"Guardian:TimeCapacitor+1","floor":45.0},{"not_picked":["Guardian:ChargeUp"],"picked":"SKIP","floor":46},{"not_picked":["Guardian:BodySlam+1"],"picked":"SKIP","floor":47},{"not_picked":["Guardian:Gem_Blue"],"picked":"SKIP","floor":49}],"player_experience":539990,"relics_obtained":[{"floor":8.0,"key":"Art of War"},{"floor":12.0,"key":"War Paint"},{"floor":14.0,"key":"Whetstone"},{"floor":21.0,"key":"Potion Belt"},{"floor":24.0,"key":"Molten Egg 2"},{"floor":28.0,"key":"Bottled Lightning"},{"floor":31.0,"key":"Toy Ornithopter"},{"floor":37.0,"key":"Incense Burner"},{"floor":38.0,"key":"TungstenRod"},{"floor":41.0,"key":"Meat on the Bone"},{"floor":47,"key":"Juzu Bracelet"}],"event_choices":[{"damage_healed":0.0,"max_hp_gain":0.0,"max_hp_loss":0.0,"gold_gain":0.0,"cards_transformed":["Guardian:Strike_Guardian","Guardian:Strike_Guardian"],"event_name":"Drug Dealer","player_choice":"Became Test Subject","floor":20.0,"gold_loss":0.0,"damage_taken":0.0,"cards_obtained":["Guardian:GemFinder","Guardian:SentryBeam"]},{"damage_healed":0.0,"max_hp_gain":0.0,"max_hp_loss":0.0,"gold_gain":0.0,"event_name":"Vampires","player_choice":"Ignored","floor":25.0,"gold_loss":0.0,"damage_taken":0.0},{"damage_healed":0.0,"max_hp_gain":0.0,"max_hp_loss":0.0,"gold_gain":0.0,"event_name":"Addict","player_choice":"Stole Relic","floor":30.0,"gold_loss":0.0,"damage_taken":0.0,"relics_obtained":["Peace Pipe"],"cards_obtained":["Pride"]},{"damage_healed":0.0,"max_hp_gain":0.0,"max_hp_loss":0.0,"gold_gain":0.0,"event_name":"Mysterious Sphere","player_choice":"Fight","floor":38.0,"gold_loss":0.0,"damage_taken":0.0}],"is_beta":false,"boss_relics":[{"not_picked":["Black Star","Runic Dome"],"picked":"Busted Crown"},{"not_picked":["Fusion Hammer","SacredBark"],"picked":"Astrolabe"}],"items_purged_floors":[27,40,46],"is_endless":false,"potions_floor_spawned":[2,4,8,9,12,19,21,28,36,37,47],"ascension_level":10}}