{"host":"tjjuwi3liievx0vu","time":1611134892,"event":{"mods":["BaseMod","Colored Map","Downfall","Minty Spire (QoL Compilation)","StSLib"],"gold_per_floor":[99,113,129,141,141,126,126,141,156,156,306,306,306,136,146,248,248,248,264,279,291,366,366,443,463,492,492,117,144,155,155,174,174,174,174],"floor_reached":33,"language":"ENG","playtime":1879,"items_purged":["Pain"],"score":304,"play_id":"992e2ae9-aef8-47b1-9dfb-a1b05f938073","local_time":"20210120102812","is_ascension_mode":false,"campfire_choices":[{"data":"bronze:Goto","floor":1,"key":"SMITH"},{"data":"bronze:Spike","floor":10,"key":"SMITH"},{"floor":12,"key":"REST"},{"data":"bronze:Fortify","floor":18,"key":"SMITH"},{"data":"bronze:Assembly","floor":23,"key":"SMITH"},{"data":"bronze:Boost","floor":27,"key":"SMITH"}],"circlet_count":0,"master_deck":["bronze:Strike","bronze:Strike","bronze:Strike","bronze:Strike","bronze:Defend","bronze:Defend","bronze:Defend","bronze:Defend","bronze:Replicate+1","bronze:Goto+1","bronze:Separator","bronze:Shield","bronze:Spike+1","bronze:DelayedSlice","bronze:ForceShield","bronze:Fortify+1","downfall:Icky","Decay","CurseOfTheBell","bronze:FindAndReplace","bronze:RecursiveStrike","bronze:Boost+1","bronze:Frontload","bronze:InfiniteLoop","bronze:OilSpill","bronze:Assembly+1","bronze:Fortify","bronze:Repulsor","bronze:BronzeOrb"],"relics":["bronze:BronzeCore","Darkstone Periapt","Calling Bell","Bronze Scales","Mercury Hourglass","Ice Cream","Runic Dome","Letter Opener","HornCleat","bronze:CableSpool","CeramicFish"],"acts_visited":["Exordium","TheCity"],"potions_floor_usage":[26,29,33],"damage_taken":[{"damage":1,"enemies":"2 Louse","floor":2,"turns":3},{"damage":6,"enemies":"Jaw Worm","floor":3,"turns":2},{"damage":0,"enemies":"Small Slimes","floor":4,"turns":3},{"damage":20,"enemies":"Small Slimes","floor":5,"turns":7},{"damage":0,"enemies":"downfall:FleeingMerchant","floor":6,"turns":4},{"damage":7,"enemies":"Blue Slaver","floor":8,"turns":3},{"damage":11,"enemies":"Large Slime","floor":9,"turns":4},{"damage":14,"enemies":"downfall:FleeingMerchant","floor":14,"turns":4},{"damage":0,"enemies":"Lots of Slimes","floor":15,"turns":2},{"damage":49,"enemies":"WA_ARCHETYPE_RETAIN","floor":16,"turns":9},{"damage":5,"enemies":"3 Byrds","floor":19,"turns":3},{"damage":13,"enemies":"3 Cultists","floor":20,"turns":4},{"damage":0,"enemies":"Cultist and Chosen","floor":21,"turns":4},{"damage":12,"enemies":"Snake Plant","floor":25,"turns":2},{"damage":32,"enemies":"Slavers","floor":26,"turns":3},{"damage":0,"enemies":"downfall:FleeingMerchant","floor":28,"turns":4},{"damage":25,"enemies":"Gremlin Leader","floor":29,"turns":9},{"damage":0,"enemies":"3 Cultists","floor":30,"turns":4},{"damage":9,"enemies":"Centurion and Healer","floor":32,"turns":6},{"damage":25,"enemies":"DF_ARCHETYPE_CLAW","floor":33,"turns":3}],"seed_played":"2429120173678444776","potions_obtained":[{"floor":2,"key":"Dexterity Potion"},{"floor":4,"key":"Ancient Potion"},{"floor":5,"key":"bronze:BuildAFunctionPotion"},{"floor":9,"key":"Regen Potion"},{"floor":26,"key":"bronze:FreeFunctionsPotion"},{"floor":29,"key":"Dexterity Potion"}],"is_trial":false,"path_per_floor":["R","M","M","M","?","$","T","M","M","R","?","R","?","$","M","B",null,"R","M","M","M","?","R","T","M","E","R","$","E","M","?","M","B"],"character_chosen":"THE_AUTOMATON","items_purchased":["bronze:Boost","bronze:CableSpool","bronze:Fortify","bronze:Repulsor"],"campfire_rested":1,"item_purchase_floors":[14,28,28,28],"current_hp_per_floor":[70,69,63,63,43,43,43,36,25,25,31,53,71,57,57,8,94,94,89,76,76,94,94,94,82,59,59,59,34,34,34,25,0,0,0],"gold":174,"neow_bonus":"UPGRADE_CARD","is_daily":false,"chose_seed":false,"campfire_upgraded":5,"win_rate":0.0,"timestamp":1611134892,"path_taken":["R","M","M","M","?","$","T","M","M","R","?","R","?","?","M","BOSS","R","M","M","M","?","R","T","M","E","R","$","E","?","?","M","BOSS"],"items_purchased_type":["Card","Relic","Card","Card"],"build_version":"2020-12-22","purchased_purges":1,"victory":false,"max_hp_per_floor":[70,70,70,70,70,70,70,70,70,70,76,76,94,94,94,94,94,94,94,94,94,94,94,94,94,94,94,94,94,94,94,94,94,94,94],"card_choices":[{"not_picked":["bronze:WildBeam","bronze:Invalidate"],"picked":"bronze:Separator","floor":2},{"not_picked":["bronze:DarkDash","bronze:Branch"],"picked":"bronze:Shield","floor":3},{"not_picked":["bronze:WildBeam","bronze:Philosophize","bronze:Shield"],"picked":"SKIP","floor":4},{"not_picked":[],"picked":"bronze:Spike","floor":5},{"not_picked":["bronze:BuggyMess","bronze:Invalidate"],"picked":"bronze:DelayedSlice","floor":5},{"not_picked":["bronze:Iterate","bronze:Turbo"],"picked":"bronze:ForceShield","floor":6},{"not_picked":["bronze:ChosenStrike","bronze:Iterate"],"picked":"bronze:Fortify","floor":8},{"not_picked":["bronze:Iterate","bronze:WildBeam","bronze:Allocate"],"picked":"SKIP","floor":9},{"not_picked":["bronze:Shell","bronze:Shield"],"picked":"bronze:RecursiveStrike","floor":14},{"not_picked":["bronze:FineTuning","bronze:WildBeam"],"picked":"bronze:Frontload","floor":15},{"not_picked":["bronze:AlphaBuild","bronze:Virus"],"picked":"bronze:InfiniteLoop","floor":16},{"not_picked":["bronze:WildBeam","bronze:NullPointer+1","bronze:DelayedGuard"],"picked":"SKIP","floor":19},{"not_picked":["bronze:Constructor","bronze:BuggyMess+1"],"picked":"bronze:OilSpill","floor":20},{"not_picked":["bronze:BitShift+1","bronze:DarkDash"],"picked":"bronze:Assembly","floor":21},{"not_picked":["bronze:CutThrough","bronze:GetLatest","bronze:Invalidate"],"picked":"SKIP","floor":25},{"not_picked":["bronze:ChosenStrike","bronze:ForLoop","bronze:DelayedSlice"],"picked":"SKIP","floor":26},{"not_picked":["bronze:Iterate+1","bronze:DarkDash","bronze:ChosenStrike"],"picked":"SKIP","floor":28},{"not_picked":["bronze:WildBeam+1","bronze:HyperBeam","bronze:Branch"],"picked":"SKIP","floor":29},{"not_picked":["bronze:Turbo","bronze:CloningBeam","bronze:Constructor"],"picked":"SKIP","floor":30},{"not_picked":["bronze:Allocate","bronze:Turbo"],"picked":"bronze:BronzeOrb","floor":32}],"player_experience":835610,"relics_obtained":[{"floor":7,"key":"Darkstone Periapt"},{"floor":13,"key":"Bronze Scales"},{"floor":13,"key":"Mercury Hourglass"},{"floor":13,"key":"Ice Cream"},{"floor":24,"key":"Letter Opener"},{"floor":26,"key":"HornCleat"},{"floor":29,"key":"CeramicFish"}],"event_choices":[],"is_beta":false,"boss_relics":[{"not_picked":["Snecko Eye","Runic Pyramid"],"picked":"Runic Dome"}],"items_purged_floors":[14],"is_endless":false,"potions_floor_spawned":[2,4,5,9,16,21,25,26,29],"killed_by":"DF_ARCHETYPE_CLAW","ascension_level":0}}