{"host":"1c7jotkkc04esl4v","time":1611146356,"event":{"mods":["BaseMod","Downfall","Minty Spire (QoL Compilation)","StSLib","The Alterego"],"gold_per_floor":[200,210,226,226,226,126,126,138,158,187,187,207,207,207,226,326,326,326,336,336,321,321,341,341,241,241,241],"floor_reached":26,"language":"ENG","playtime":828,"items_purged":[],"score":334,"play_id":"455628ec-70c1-4833-8976-8b6f06328a2f","local_time":"20210120063916","is_ascension_mode":true,"campfire_choices":[{"floor":1,"key":"RECALL"},{"data":"alterego_mod:BrynhildrsRune","floor":6,"key":"SMITH"},{"data":"alterego_mod:Impale","floor":11,"key":"SMITH"},{"data":"alterego_mod:1TonWallop","floor":13,"key":"SMITH"},{"data":"alterego_mod:Weigh","floor":18,"key":"SMITH"},{"data":"alterego_mod:ChallengeComplete","floor":25,"key":"SMITH"}],"circlet_count":0,"master_deck":["alterego_mod:Strike","alterego_mod:Strike","alterego_mod:Strike","alterego_mod:Strike","alterego_mod:Defend","alterego_mod:Defend","alterego_mod:Defend","alterego_mod:Defend","alterego_mod:Impale+1","alterego_mod:BigMeatyClaws","alterego_mod:BrynhildrsRune+1","alterego_mod:ChallengeComplete+1","alterego_mod:Jiggle","alterego_mod:Skirt","alterego_mod:Mirror","alterego_mod:Mirror","alterego_mod:ChallengeComplete","alterego_mod:Undulate","alterego_mod:1TonWallop+1","Panacea","alterego_mod:Undulate","alterego_mod:Weigh+1","alterego_mod:Rip+1","Pain"],"relics":["alterego_mod:MasochisticConstitution","downfall:HeartBlessingRed","Bottled Flame","Gambling Chip","Snecko Eye","Du-Vu Doll","downfall:HeartBlessingBlue"],"acts_visited":["TheCity"],"potions_floor_usage":[21],"damage_taken":[{"damage":3,"enemies":"Jaw Worm","floor":2,"turns":6},{"damage":4,"enemies":"Small Slimes","floor":3,"turns":5},{"damage":4,"enemies":"Cultist","floor":8,"turns":5},{"damage":11,"enemies":"Red Slaver","floor":9,"turns":5},{"damage":9,"enemies":"Lagavulin","floor":10,"turns":8},{"damage":6,"enemies":"3 Louse","floor":12,"turns":2},{"damage":17,"enemies":"Lots of Slimes","floor":15,"turns":3},{"damage":0,"enemies":"WA_ARCHETYPE_RETAIN","floor":16,"turns":1},{"damage":4,"enemies":"Shell Parasite","floor":19,"turns":3},{"damage":8,"enemies":"downfall:FleeingMerchant","floor":21,"turns":4},{"damage":33,"enemies":"Spheric Guardian","floor":23,"turns":4},{"damage":4,"enemies":"downfall:FleeingMerchant","floor":26,"turns":1}],"seed_played":"7024482207698312190","potions_obtained":[{"floor":10,"key":"FairyPotion"},{"floor":15,"key":"EssenceOfSteel"},{"floor":16,"key":"LiquidBronze"},{"floor":23,"key":"Ancient Potion"}],"is_trial":false,"path_per_floor":["R","M","M","?","?","R","T","M","M","E","R","M","R","?","M","B",null,"R","M","?","$","?","M","T","R","$"],"character_chosen":"The_Alterego","items_purchased":[],"campfire_rested":0,"item_purchase_floors":[],"current_hp_per_floor":[70,71,72,72,72,72,72,73,70,62,62,57,57,57,41,41,77,77,78,78,71,71,39,39,49,45,45],"gold":241,"neow_bonus":"HUNDRED_GOLD","is_daily":false,"chose_seed":false,"campfire_upgraded":5,"win_rate":0.0,"timestamp":1611146356,"path_taken":["R","M","M","?","?","R","T","M","M","E","R","?","R","?","M","BOSS","R","M","?","$","?","M","T","R","$"],"items_purchased_type":[],"build_version":"2020-12-22","purchased_purges":0,"victory":false,"max_hp_per_floor":[70,71,72,72,72,72,72,73,74,75,75,76,76,76,77,77,77,77,78,78,79,79,80,80,90,90,90],"card_choices":[{"not_picked":["alterego_mod:Jiggle","alterego_mod:Punishment","alterego_mod:TrashNCrash"],"picked":"SKIP","floor":2},{"not_picked":["alterego_mod:TrashNCrash","alterego_mod:Pet"],"picked":"alterego_mod:ChallengeComplete","floor":3},{"not_picked":["alterego_mod:TrashNCrash","alterego_mod:Maid"],"picked":"alterego_mod:ChallengeComplete","floor":8},{"not_picked":["alterego_mod:TrashNCrash","alterego_mod:Jiggle"],"picked":"alterego_mod:Undulate","floor":9},{"not_picked":["alterego_mod:Antipathy","alterego_mod:GoddessCore"],"picked":"alterego_mod:1TonWallop","floor":10},{"not_picked":["alterego_mod:Mirror","alterego_mod:Cushion"],"picked":"alterego_mod:Belle","floor":12},{"not_picked":["alterego_mod:Complex","alterego_mod:GoddessCore"],"picked":"alterego_mod:Undulate","floor":15},{"not_picked":["alterego_mod:Venus","alterego_mod:SideboobHour"],"picked":"alterego_mod:Weigh","floor":16},{"not_picked":["alterego_mod:GachaTicket","alterego_mod:Punishment"],"picked":"alterego_mod:Rip+1","floor":19},{"not_picked":["alterego_mod:Mirror","alterego_mod:Punishment","alterego_mod:DeftHands+1"],"picked":"SKIP","floor":23}],"player_experience":345148,"relics_obtained":[{"floor":7,"key":"Bottled Flame"},{"floor":10,"key":"Gambling Chip"}],"event_choices":[{"cards_removed":["alterego_mod:BreastValley"],"damage_healed":0,"gold_gain":0,"player_choice":"Offered Uncommon","damage_taken":0,"max_hp_gain":0,"max_hp_loss":0,"event_name":"Bonfire Elementals","floor":5,"gold_loss":0},{"damage_healed":0,"gold_gain":0,"player_choice":"Ignored","damage_taken":0,"max_hp_gain":0,"max_hp_loss":0,"event_name":"Ghosts","floor":20,"gold_loss":0}],"is_beta":false,"boss_relics":[{"not_picked":["Calling Bell","Fusion Hammer"],"picked":"Snecko Eye"}],"items_purged_floors":[],"is_endless":false,"potions_floor_spawned":[10,15,16,23],"killed_by":"downfall:FleeingMerchant","ascension_level":2}}