{"host":"vfh4a5lsno7fg1vy","time":1611163321,"event":{"mods":["BaseMod","Minty Spire (QoL Compilation)","StSLib","Synergy Search"],"gold_per_floor":[109,29,29,29,52,52,96,126,209,241,8,183,183,207,207,328,328,346,362,277,277,277],"floor_reached":21,"language":"KOR","playtime":1120,"items_purged":[],"score":197,"play_id":"739c7fa7-9399-4ddc-b874-b39868528f6d","local_time":"20210121022201","is_ascension_mode":true,"campfire_choices":[{"data":"Anger","floor":6.0,"key":"SMITH"},{"floor":13.0,"key":"REST"},{"floor":15.0,"key":"REST"}],"circlet_count":0,"master_deck":["Strike_R","Strike_R","Strike_R","Strike_R","Strike_R","Defend_R","Defend_R","Defend_R","Defend_R","Bash+1","Anger+1","Rupture+1","Injury","Sword Boomerang","Whirlwind","Cleave","Infernal Blade","Impervious","Corruption","Metallicize","Clothesline","Clothesline","Uppercut","Doubt","Carnage","Bludgeon","Infernal Blade","Pommel Strike+1"],"relics":["Burning Blood","Golden Idol","MawBank","Matryoshka","Orrery","Black Star","Regal Pillow"],"acts_visited":["Exordium","TheCity"],"potions_floor_usage":[21],"damage_taken":[{"damage":22.0,"enemies":"2 Louse","floor":1.0,"turns":3.0},{"damage":7.0,"enemies":"Jaw Worm","floor":5.0,"turns":3.0},{"damage":52.0,"enemies":"3 Sentries","floor":7.0,"turns":9.0},{"damage":8.0,"enemies":"Small Slimes","floor":8.0,"turns":3.0},{"damage":1.0,"enemies":"2 Fungi Beasts","floor":10.0,"turns":4.0},{"damage":22.0,"enemies":"Exordium Thugs","floor":14.0,"turns":5.0},{"damage":50.0,"enemies":"The Guardian","floor":16.0,"turns":11.0},{"damage":24.0,"enemies":"Chosen","floor":18.0,"turns":6.0},{"damage":33.0,"enemies":"Spheric Guardian","floor":19.0,"turns":4.0},{"damage":38,"enemies":"3 Cultists","floor":21,"turns":4}],"seed_played":"3096792438017941234","potions_obtained":[{"floor":1.0,"key":"LiquidMemories"},{"floor":7.0,"key":"EssenceOfSteel"},{"floor":14.0,"key":"AttackPotion"},{"floor":16.0,"key":"Fruit Juice"},{"floor":19.0,"key":"Swift Potion"}],"is_trial":false,"path_per_floor":["M","$","?","?","M","R","E","M","T","M","$","?","R","M","R","B",null,"M","M","?","M"],"character_chosen":"IRONCLAD","items_purchased":["Rupture","Orrery","AttackPotion","Uppercut"],"campfire_rested":2,"item_purchase_floors":[2,11,11,11],"current_hp_per_floor":[64,64,64,64,63,63,17,15,15,20,20,20,44,28,52,8,80,62,35,35,0,0],"gold":277,"neow_bonus":"UPGRADE_CARD","is_daily":false,"chose_seed":false,"campfire_upgraded":1,"win_rate":0.0,"timestamp":1611163321,"path_taken":["M","$","?","?","M","R","E","M","T","M","$","?","R","M","R","BOSS","M","M","?","M"],"items_purchased_type":["Card","Relic","Potion","Card"],"build_version":"2020-12-22","purchased_purges":0,"victory":false,"max_hp_per_floor":[80,80,80,80,80,80,80,80,80,80,80,80,80,80,80,80,80,80,80,80,80,80],"card_choices":[{"not_picked":["Headbutt","Clash"],"picked":"Anger","floor":1.0},{"not_picked":["Ghostly Armor","Shrug It Off"],"picked":"Sword Boomerang","floor":5.0},{"not_picked":["Hemokinesis","Shrug It Off"],"picked":"Whirlwind","floor":7.0},{"not_picked":["Seeing Red","Pommel Strike"],"picked":"Cleave","floor":8.0},{"not_picked":["Twin Strike","Combust"],"picked":"Infernal Blade","floor":10.0},{"not_picked":["Pummel","Headbutt"],"picked":"Impervious","floor":11.0},{"not_picked":["Intimidate","Anger"],"picked":"Corruption","floor":11.0},{"not_picked":["Sword Boomerang","Heavy Blade"],"picked":"Metallicize","floor":11.0},{"not_picked":["True Grit","Thunderclap"],"picked":"Clothesline","floor":11.0},{"not_picked":["Seeing Red","Havoc"],"picked":"Clothesline","floor":11.0},{"not_picked":["Sentinel","True Grit"],"picked":"Carnage","floor":14.0},{"not_picked":["Juggernaut","Berserk"],"picked":"Bludgeon","floor":16.0},{"not_picked":["Sword Boomerang","Ghostly Armor"],"picked":"Infernal Blade","floor":18.0},{"not_picked":["Searing Blow","Sword Boomerang+1"],"picked":"Pommel Strike+1","floor":19.0}],"player_experience":219516,"relics_obtained":[{"floor":7.0,"key":"MawBank"},{"floor":9.0,"key":"Matryoshka"}],"event_choices":[{"damage_healed":0.0,"max_hp_gain":0.0,"max_hp_loss":0.0,"gold_gain":0.0,"event_name":"Golden Idol","player_choice":"Take Wound","floor":3.0,"gold_loss":0.0,"damage_taken":0.0,"relics_obtained":["Golden Idol"],"cards_obtained":["Injury"]},{"damage_healed":0.0,"max_hp_gain":0.0,"max_hp_loss":0.0,"gold_gain":0.0,"event_name":"Living Wall","player_choice":"Grow","floor":4.0,"gold_loss":0.0,"damage_taken":0.0,"cards_upgraded":["Rupture"]},{"damage_healed":0.0,"max_hp_gain":0.0,"max_hp_loss":0.0,"gold_gain":175.0,"event_name":"Liars Game","player_choice":"AGREE","floor":12.0,"gold_loss":0.0,"damage_taken":0.0,"cards_obtained":["Doubt"]},{"damage_healed":0.0,"max_hp_gain":0.0,"max_hp_loss":0.0,"gold_gain":0.0,"event_name":"Addict","player_choice":"Obtained Relic","floor":20.0,"gold_loss":85.0,"damage_taken":0.0,"relics_obtained":["Regal Pillow"]}],"is_beta":false,"boss_relics":[{"not_picked":["Runic Dome","Snecko Eye"],"picked":"Black Star"}],"items_purged_floors":[],"is_endless":false,"potions_floor_spawned":[1,7,14,16,19],"killed_by":"3 Cultists","ascension_level":2}}