{"host":"hfxp6ue4pvwo3fit","time":1611121467,"event":{"mods":["AchievementEnabler","BaseMod","Colored Map","Colored Powertips","Highlight Path","Minty Spire (QoL Compilation)","Relic Stats","StSLib","SuperFastMode"],"gold_per_floor":[99,10,10,10,10,10,10,10,10,10,10,10,10,10,10,10,10,0,0,0,0,0,0,0,0,0,0,0,0,0,0,0,0,0,0,0,0,0,0,0,0,0,0],"floor_reached":42,"language":"ENG","playtime":1492,"items_purged":[],"score":962,"play_id":"07330714-bf5a-49e4-a554-8ce6eb4e3834","local_time":"20210119234427","is_ascension_mode":true,"campfire_choices":[{"data":"Entrench","floor":6,"key":"SMITH"},{"data":"Barricade","floor":8,"key":"SMITH"},{"floor":12,"key":"REST"},{"floor":15,"key":"REST"},{"floor":23,"key":"REST"},{"data":"Havoc","floor":25,"key":"SMITH"},{"data":"True Grit","floor":32,"key":"SMITH"},{"data":"Ghostly","floor":40,"key":"SMITH"}],"circlet_count":0,"master_deck":["AscendersBane","Strike_R","Strike_R","Strike_R","Strike_R","Strike_R","Defend_R+1","Defend_R","Defend_R","Defend_R","Bash","Twin Strike","Barricade+1","Cleave","Bludgeon","Entrench+1","Dropkick","Havoc+1","Feed","Inflame+1","Entrench+1","Body Slam","Ghostly","Ghostly+1","Ghostly+1","True Grit+1","Offering","Feed"],"relics":["Ectoplasm","White Beast Statue","Self Forming Clay","Smiling Mask","Runic Pyramid","Enchiridion","Bronze Scales","War Paint","Singing Bowl","Runic Cube"],"acts_visited":["Exordium","TheCity","TheBeyond"],"potions_floor_usage":[14,16,16,18,22,22,27,33,38,42,42,42,42],"damage_taken":[{"damage":7,"enemies":"Jaw Worm","floor":1,"turns":4},{"damage":6,"enemies":"2 Louse","floor":3,"turns":2},{"damage":6,"enemies":"Cultist","floor":4,"turns":3},{"damage":0,"enemies":"2 Fungi Beasts","floor":5,"turns":3},{"damage":10,"enemies":"Lagavulin","floor":7,"turns":7},{"damage":13,"enemies":"Exordium Wildlife","floor":10,"turns":2},{"damage":19,"enemies":"3 Sentries","floor":14,"turns":5},{"damage":6,"enemies":"The Guardian","floor":16,"turns":14},{"damage":24,"enemies":"2 Thieves","floor":18,"turns":4},{"damage":12,"enemies":"Spheric Guardian","floor":19,"turns":5},{"damage":16,"enemies":"Snake Plant","floor":22,"turns":5},{"damage":6,"enemies":"Shelled Parasite and Fungi","floor":27,"turns":6},{"damage":0,"enemies":"Centurion and Healer","floor":28,"turns":5},{"damage":0,"enemies":"Snecko","floor":30,"turns":5},{"damage":18,"enemies":"Automaton","floor":33,"turns":18},{"damage":2,"enemies":"Orb Walker","floor":35,"turns":4},{"damage":18,"enemies":"3 Darklings","floor":38,"turns":7},{"damage":92,"enemies":"Giant Head","floor":42,"turns":9}],"seed_played":"-4828026351822547655","potions_obtained":[{"floor":4,"key":"Swift Potion"},{"floor":5,"key":"Swift Potion"},{"floor":10,"key":"PowerPotion"},{"floor":14,"key":"SkillPotion"},{"floor":16,"key":"Weak Potion"},{"floor":18,"key":"Swift Potion"},{"floor":19,"key":"ColorlessPotion"},{"floor":22,"key":"SpeedPotion"},{"floor":27,"key":"Fire Potion"},{"floor":28,"key":"Energy Potion"},{"floor":33,"key":"Dexterity Potion"},{"floor":35,"key":"BloodPotion"},{"floor":38,"key":"EntropicBrew"}],"is_trial":false,"path_per_floor":["M","$","M","M","M","R","E","R","T","M","?","R","$","E","R","B",null,"M","M","?","?","M","R","?","R","T","M","M","T","M","T","R","B",null,"M","?","$","M","?","R","?","E"],"character_chosen":"IRONCLAD","items_purchased":["Barricade"],"campfire_rested":3,"item_purchase_floors":[2],"current_hp_per_floor":[61,61,55,49,49,49,39,39,39,26,26,48,48,29,51,45,68,47,38,17,17,4,29,29,29,29,26,29,29,32,32,32,17,45,48,50,50,32,32,32,32,0,0],"gold":0,"neow_bonus":"BOSS_RELIC","is_daily":false,"chose_seed":false,"campfire_upgraded":5,"win_rate":0.0,"timestamp":1611121467,"path_taken":["M","$","M","M","M","R","E","R","T","M","?","R","$","E","R","BOSS","M","M","?","?","?","R","?","R","T","M","M","?","?","?","R","BOSS","M","?","$","M","?","R","?","E"],"items_purchased_type":["Card"],"build_version":"2020-12-22","purchased_purges":0,"victory":false,"max_hp_per_floor":[75,75,75,75,75,75,75,75,75,75,75,75,75,75,75,75,75,78,81,81,81,84,84,42,42,42,45,48,48,51,51,51,54,54,59,61,61,61,58,58,58,58,58],"relic_stats":{"Singing Bowl":4,"counters":[18,108],"Self Forming Clay":[132],"Bronze Scales":[156],"Ectoplasm":432,"War Paint":["Ghostly","Defend_R"],"Smiling Mask":0,"obtain_stats":[{"Singing Bowl":31,"Self Forming Clay":9,"Bronze Scales":26,"Enchiridion":20,"Ectoplasm":0,"War Paint":29,"Smiling Mask":14,"Burning Blood":0,"White Beast Statue":7,"Runic Pyramid":17,"Runic Cube":34},{"Singing Bowl":14,"Self Forming Clay":5,"Bronze Scales":11,"Enchiridion":10,"Ectoplasm":0,"War Paint":13,"Smiling Mask":7,"Burning Blood":0,"White Beast Statue":5,"Runic Pyramid":8,"Runic Cube":15},{"Singing Bowl":70,"Self Forming Clay":19,"Bronze Scales":54,"Enchiridion":49,"Ectoplasm":0,"War Paint":65,"Smiling Mask":26,"Burning Blood":0,"White Beast Statue":19,"Runic Pyramid":40,"Runic Cube":88}],"Runic Cube":[9]},"card_choices":[{"not_picked":["Warcry","Headbutt"],"picked":"Twin Strike","floor":1},{"not_picked":["Seeing Red","Heavy Blade"],"picked":"Cleave","floor":3},{"not_picked":["Second Wind","Iron Wave"],"picked":"Bludgeon","floor":4},{"not_picked":["Anger","Body Slam"],"picked":"Entrench","floor":5},{"not_picked":["Heavy Blade","Flex"],"picked":"Dropkick","floor":7},{"not_picked":["Perfected Strike","Sever Soul"],"picked":"Havoc","floor":10},{"not_picked":["Sword Boomerang","Cleave","Flex"],"picked":"SKIP","floor":14},{"not_picked":["Fiend Fire","Double Tap"],"picked":"Feed","floor":16},{"not_picked":["Searing Blow+1","Armaments"],"picked":"Inflame+1","floor":18},{"not_picked":["Heavy Blade","Havoc","Power Through"],"picked":"SKIP","floor":19},{"not_picked":["Inflame","Rage+1"],"picked":"Body Slam","floor":22},{"not_picked":["Reckless Charge","Metallicize"],"picked":"True Grit","floor":27},{"not_picked":["Pummel","Body Slam","Clash"],"picked":"SKIP","floor":28},{"not_picked":["Wild Strike","Sword Boomerang"],"picked":"Offering","floor":30},{"not_picked":["Fiend Fire","Exhume"],"picked":"Feed","floor":33},{"not_picked":["Perfected Strike","Clash","Fire Breathing+1"],"picked":"Singing Bowl","floor":35},{"not_picked":["Blind","Madness","Enlightenment"],"picked":"Singing Bowl","floor":36},{"not_picked":["Flex","Entrench"],"picked":"Feel No Pain","floor":38}],"player_experience":501771,"relics_obtained":[{"floor":7,"key":"White Beast Statue"},{"floor":9,"key":"Self Forming Clay"},{"floor":14,"key":"Smiling Mask"},{"floor":20,"key":"Enchiridion"},{"floor":26,"key":"Bronze Scales"},{"floor":29,"key":"War Paint"},{"floor":31,"key":"Singing Bowl"}],"event_choices":[{"damage_healed":0,"gold_gain":0,"player_choice":"Ignored","damage_taken":0,"max_hp_gain":0,"max_hp_loss":0,"event_name":"Liars Game","floor":11,"gold_loss":0},{"damage_healed":0,"gold_gain":0,"player_choice":"Obtained Book","damage_taken":21,"max_hp_gain":0,"max_hp_loss":0,"event_name":"Cursed Tome","floor":20,"gold_loss":0},{"damage_healed":0,"gold_gain":0,"player_choice":"Copied","damage_taken":0,"max_hp_gain":0,"max_hp_loss":0,"event_name":"Duplicator","floor":21,"gold_loss":0,"cards_obtained":["Entrench"]},{"damage_healed":0,"gold_gain":0,"player_choice":"Became a Ghost","damage_taken":0,"max_hp_gain":0,"max_hp_loss":42,"event_name":"Ghosts","floor":24,"gold_loss":0,"cards_obtained":["Ghostly","Ghostly","Ghostly"]},{"damage_healed":0,"gold_gain":0,"player_choice":"Memory 1","damage_taken":0,"max_hp_gain":0,"max_hp_loss":0,"event_name":"SensoryStone","floor":36,"gold_loss":0},{"damage_healed":0,"gold_gain":0,"player_choice":"Max HP","damage_taken":0,"max_hp_gain":0,"max_hp_loss":3,"event_name":"Winding Halls","floor":39,"gold_loss":0},{"cards_removed":["Feel No Pain"],"damage_healed":0,"gold_gain":0,"player_choice":"Removed Power","damage_taken":0,"max_hp_gain":0,"max_hp_loss":0,"event_name":"Falling","floor":41,"gold_loss":0}],"is_beta":false,"boss_relics":[{"not_picked":["Busted Crown","Tiny House"],"picked":"Runic Pyramid"},{"not_picked":["Runic Dome","Calling Bell"],"picked":"Runic Cube"}],"items_purged_floors":[],"is_endless":false,"potions_floor_spawned":[4,5,10,14,16,18,19,22,27,28,30,33,35,38],"killed_by":"Giant Head","ascension_level":20}}