{"host":"0fm1w3v00gid44jl","time":1611184572,"event":{"mods":["AchievementEnabler","BaseMod","Colored Map","Colored Powertips","Displayed Cursed Tome","Downfall","Googly Eyes","Highlight Path","Minty Spire (QoL Compilation)","Permanent Neow","Relic Stats","StSLib","SuperFastMode","slay the spire mod where everything is the same but ironclad has a cowboy hat"],"gold_per_floor":[99,118,77,89,29,47,47,47,32,32,47,147,161,189,201,201,201,201],"floor_reached":16,"language":"ENG","playtime":753,"items_purged":[],"score":102,"play_id":"ab357619-bb50-4bc4-9f0d-2190a33da40e","local_time":"20210120171612","is_ascension_mode":false,"campfire_choices":[{"data":"bronze:Virus","floor":1,"key":"SMITH"},{"data":"bronze:Invalidate","floor":8,"key":"SMITH"},{"data":"bronze:Goto","floor":10,"key":"SMITH"}],"circlet_count":0,"master_deck":["bronze:Strike","bronze:Strike","bronze:Strike","bronze:Strike","bronze:Defend","bronze:Defend","bronze:Defend","bronze:Defend","bronze:Replicate","bronze:Goto+1","bronze:Virus+1","bronze:Constructor","bronze:Separator","bronze:DelayedGuard","bronze:Repair","bronze:Invalidate+1","bronze:Iterate","bronze:BronzeArmor","bronze:ThunderWave","bronze:DelayedGuard","bronze:FineTuning","bronze:WhirlingStrike","bronze:WhirlingStrike"],"relics":["bronze:BronzeCore","Ginger","Omamori"],"acts_visited":["Exordium"],"potions_floor_usage":[],"damage_taken":[{"damage":0,"enemies":"Jaw Worm","floor":2,"turns":1},{"damage":0,"enemies":"downfall:FleeingMerchant","floor":3,"turns":4},{"damage":0,"enemies":"2 Louse","floor":4,"turns":2},{"damage":0,"enemies":"downfall:FleeingMerchant","floor":5,"turns":4},{"damage":6,"enemies":"Small Slimes","floor":6,"turns":3},{"damage":13,"enemies":"downfall:FleeingMerchant","floor":9,"turns":4},{"damage":1,"enemies":"3 Louse","floor":11,"turns":3},{"damage":0,"enemies":"Large Slime","floor":13,"turns":4},{"damage":3,"enemies":"3 Sentries","floor":14,"turns":4},{"damage":8,"enemies":"Blue Slaver","floor":15,"turns":4},{"damage":69,"enemies":"SI_SHIV_ARCHETYPE","floor":16,"turns":6}],"seed_played":"-4626514885147198866","potions_obtained":[{"floor":6,"key":"SpeedPotion"},{"floor":11,"key":"Block Potion"},{"floor":14,"key":"Dexterity Potion"}],"is_trial":false,"path_per_floor":["R","M","$","M","$","M","T","R","$","R","M","?","M","E","M","B"],"character_chosen":"THE_AUTOMATON","items_purchased":["bronze:DelayedGuard","bronze:Iterate"],"campfire_rested":0,"item_purchase_floors":[3,5],"current_hp_per_floor":[70,70,70,70,70,70,70,70,64,64,63,63,70,70,62,0,0,0],"gold":201,"neow_bonus":"ONE_RANDOM_RARE_CARD","is_daily":false,"chose_seed":false,"campfire_upgraded":3,"win_rate":0.0,"timestamp":1611184572,"path_taken":["R","M","$","M","$","M","T","R","$","R","M","?","M","E","M","BOSS"],"items_purchased_type":["Card","Card"],"build_version":"2020-12-22","purchased_purges":0,"victory":false,"max_hp_per_floor":[70,70,70,70,70,70,70,70,70,70,70,70,70,70,70,70,70,70],"relic_stats":{"counters":[11,39],"Ginger":[6],"obtain_stats":[{"bronze:BronzeCore":0,"Omamori":14,"Ginger":7},{"bronze:BronzeCore":0,"Omamori":9,"Ginger":5},{"bronze:BronzeCore":0,"Omamori":29,"Ginger":14}]},"card_choices":[{"not_picked":["bronze:Separator","bronze:DarkDash"],"picked":"bronze:Constructor","floor":2},{"not_picked":["bronze:Deprecate","bronze:DarkDash"],"picked":"bronze:Separator","floor":3},{"not_picked":["bronze:ForceShield","bronze:DelayedGuard"],"picked":"bronze:Repair","floor":4},{"not_picked":["bronze:CutThrough","bronze:Overload"],"picked":"bronze:Invalidate","floor":5},{"not_picked":["bronze:Invalidate","bronze:Iterate"],"picked":"bronze:BronzeArmor","floor":6},{"not_picked":["bronze:Turbo","bronze:ForLoop"],"picked":"bronze:ThunderWave","floor":9},{"not_picked":["bronze:WildBeam","bronze:BugBarrage"],"picked":"bronze:DelayedGuard","floor":11},{"not_picked":["bronze:DelayedSlice","bronze:Iterate"],"picked":"bronze:FineTuning","floor":13},{"not_picked":["bronze:Return","bronze:Invalidate"],"picked":"bronze:WhirlingStrike","floor":14},{"not_picked":["bronze:ChosenStrike","bronze:WildBeam"],"picked":"bronze:WhirlingStrike","floor":15}],"player_experience":1479097,"relics_obtained":[{"floor":7,"key":"Ginger"},{"floor":14,"key":"Omamori"}],"event_choices":[],"is_beta":false,"boss_relics":[],"items_purged_floors":[],"is_endless":false,"potions_floor_spawned":[6,11,14,15],"killed_by":"SI_SHIV_ARCHETYPE","ascension_level":0}}