{"host":"znvnxllcillb3rtw","time":1611140268,"event":{"mods":["Arknights The Spire","BaseMod","DeckTracker","Minty Spire (QoL Compilation)","Relic Stats","StSLib","SuperFastMode","everything is the same but u backflip on backflip"],"gold_per_floor":[111,111,36,111,125,125,157,57,84,103,118,132,193,224,224,319,319,333,333,208,224,243,243,260,278,278,278,278],"floor_reached":27,"language":"KOR","playtime":1551,"items_purged":["ats:Defend","ats:Defend","ats:Strike C"],"score":250,"play_id":"128cd716-2dde-41df-b43a-3083e4a2b136","local_time":"20210120195748","is_ascension_mode":false,"campfire_choices":[{"data":"ats:Thorns","floor":6,"key":"SMITH"},{"data":"ats:Encircling Forest","floor":15,"key":"SMITH"},{"data":"ats:Flexible Camouflage","floor":23,"key":"SMITH"}],"circlet_count":0,"master_deck":["ats:Strike S","ats:Strike V","ats:Armor Crushing Shot","ats:Defend","ats:Defend","ats:Emotion Absorption","ats:Thorns+1","ats:Shell Defense","ats:Demon Strength","ats:Poison Spread","ats:Consecutive Shot Auto","ats:Encircling Forest+1","ats:Very Hot Blade","ats:Disruption Kick","ats:Flexible Camouflage+1","ats:Beaten Up+1"],"relics":["ats:Sanity Plus","NeowsBlessing","ats:Originium","Oddly Smooth Stone","Happy Flower","Meat on the Bone","Ornamental Fan","Mango"],"acts_visited":["Exordium","TheCity"],"potions_floor_usage":[13,16,24,27],"damage_taken":[{"damage":0,"enemies":"Jaw Worm","floor":1,"turns":1},{"damage":0,"enemies":"2 Louse","floor":5,"turns":1},{"damage":0,"enemies":"3 Sentries","floor":7,"turns":3},{"damage":0,"enemies":"Cultist","floor":10,"turns":3},{"damage":1,"enemies":"2 Fungi Beasts","floor":11,"turns":4},{"damage":4,"enemies":"Looter","floor":12,"turns":3},{"damage":0,"enemies":"Gremlin Nob","floor":13,"turns":3},{"damage":24,"enemies":"Gremlin Nob","floor":14,"turns":5},{"damage":27,"enemies":"The Guardian","floor":16,"turns":11},{"damage":10,"enemies":"Spheric Guardian","floor":18,"turns":3},{"damage":16,"enemies":"3 Byrds","floor":21,"turns":6},{"damage":18,"enemies":"Centurion and Healer","floor":22,"turns":7},{"damage":45,"enemies":"Snake Plant","floor":24,"turns":5},{"damage":12,"enemies":"Sentry and Sphere","floor":25,"turns":4},{"damage":42,"enemies":"Masked Bandits","floor":27,"turns":3}],"seed_played":"4938964939516799673","potions_obtained":[{"floor":1,"key":"DistilledChaos"},{"floor":10,"key":"SkillPotion"},{"floor":12,"key":"ats:Emergency Sanity Potion"},{"floor":14,"key":"Swift Potion"},{"floor":16,"key":"Strength Potion"},{"floor":21,"key":"LiquidBronze"},{"floor":25,"key":"DuplicationPotion"}],"is_trial":false,"path_per_floor":["M","?","$","?","M","R","E","$","T","M","M","M","?","E","R","B",null,"M","?","$","M","M","R","M","M","T","?"],"character_chosen":"DOCTOR_CLASS","items_purchased":[],"campfire_rested":0,"item_purchase_floors":[],"current_hp_per_floor":[72,72,72,61,61,61,61,61,61,63,65,61,61,37,37,33,72,62,76,76,68,56,56,26,26,26,0,0],"gold":278,"neow_bonus":"THREE_ENEMY_KILL","is_daily":false,"chose_seed":false,"campfire_upgraded":3,"win_rate":0.0,"timestamp":1611140268,"path_taken":["M","?","$","?","M","R","E","$","T","M","M","M","?","E","R","BOSS","M","?","$","M","M","R","M","?","T","?"],"items_purchased_type":[],"build_version":"2020-12-22","purchased_purges":3,"victory":false,"max_hp_per_floor":[72,72,72,72,72,72,72,72,72,72,72,72,72,72,72,72,72,72,86,86,86,86,86,86,86,86,86,86],"relic_stats":{"Happy Flower":[19],"counters":[15,62],"Ornamental Fan":[32],"obtain_stats":[{"ats:Sanity Plus":17,"NeowsBlessing":0,"ats:Originium":7,"Happy Flower":9,"Ornamental Fan":14,"Oddly Smooth Stone":7,"Mango":19,"ats:Sanity":0,"Meat on the Bone":13},{"ats:Sanity Plus":9,"NeowsBlessing":0,"ats:Originium":3,"Happy Flower":3,"Ornamental Fan":8,"Oddly Smooth Stone":3,"Mango":10,"ats:Sanity":0,"Meat on the Bone":6},{"ats:Sanity Plus":34,"NeowsBlessing":0,"ats:Originium":5,"Happy Flower":5,"Ornamental Fan":23,"Oddly Smooth Stone":5,"Mango":37,"ats:Sanity":0,"Meat on the Bone":15}],"Meat on the Bone":36},"card_choices":[{"not_picked":["ats:Demon Strength","ats:Counter Healing Mode"],"picked":"ats:Thorns","floor":1},{"not_picked":["ats:Support Order","ats:Encircling Forest"],"picked":"ats:Shell Defense","floor":5},{"not_picked":["ats:Collapsing Strike","ats:Powerful Strike"],"picked":"ats:Demon Strength","floor":7},{"not_picked":["ats:Leaping Hammer","ats:Hook Shot","ats:Curse Doll"],"picked":"SKIP","floor":10},{"not_picked":["ats:Hammer On","ats:Consecutive Shot Auto"],"picked":"ats:Poison Spread","floor":11},{"not_picked":["ats:Fractured Body","ats:Directed Diagnosis"],"picked":"ats:Consecutive Shot Auto","floor":12},{"not_picked":["ats:Assault Order","ats:Beaten Up"],"picked":"ats:Encircling Forest","floor":13},{"not_picked":["ats:Volcano","ats:Consecutive Shot Auto"],"picked":"ats:Very Hot Blade","floor":14},{"not_picked":["ats:Rat Pack","ats:Volcano"],"picked":"ats:Disruption Kick","floor":16},{"not_picked":["ats:Revitalization","ats:LN2 Cannon","ats:Leaping Hammer"],"picked":"SKIP","floor":18},{"not_picked":["ats:Revitalization","ats:LN2 Cannon","ats:Leaping Hammer"],"picked":"SKIP","floor":18},{"not_picked":["ats:Leaping Hammer","ats:Directed Diagnosis","ats:Revitalization"],"picked":"SKIP","floor":21},{"not_picked":["ats:Childhood Dance","ats:Curse Doll"],"picked":"ats:Flexible Camouflage","floor":22},{"not_picked":["ats:Encircling Forest","ats:Flexible Camouflage","ats:Revitalization"],"picked":"SKIP","floor":24},{"not_picked":["ats:Closed Bolt Burst Fire","ats:Revitalization"],"picked":"ats:Beaten Up+1","floor":25}],"player_experience":2887037,"relics_obtained":[{"floor":7,"key":"ats:Originium"},{"floor":7,"key":"Oddly Smooth Stone"},{"floor":9,"key":"Happy Flower"},{"floor":14,"key":"ats:Originium"},{"floor":14,"key":"Ornamental Fan"}],"event_choices":[{"cards_removed":["ats:Strike G"],"damage_healed":0,"gold_gain":0,"player_choice":"Forget","damage_taken":0,"max_hp_gain":0,"max_hp_loss":0,"event_name":"Living Wall","floor":2,"gold_loss":0},{"damage_healed":0,"gold_gain":75,"player_choice":"Gather Gold","damage_taken":11,"max_hp_gain":0,"max_hp_loss":0,"event_name":"World of Goop","floor":4,"gold_loss":0},{"damage_healed":0,"gold_gain":0,"player_choice":"Searched \u00272\u0027 times","damage_taken":0,"relics_obtained":["Meat on the Bone"],"max_hp_gain":0,"max_hp_loss":0,"event_name":"Dead Adventurer","floor":13,"gold_loss":0},{"damage_healed":0,"gold_gain":0,"player_choice":"Gave Potion","damage_taken":0,"relics_obtained":["Mango"],"max_hp_gain":0,"max_hp_loss":0,"event_name":"WeMeetAgain","floor":19,"gold_loss":0},{"damage_healed":0,"gold_gain":0,"player_choice":"Fought Bandits","damage_taken":0,"max_hp_gain":0,"max_hp_loss":0,"event_name":"Masked Bandits","floor":27,"gold_loss":0}],"is_beta":false,"boss_relics":[{"not_picked":["Busted Crown","Runic Dome"],"picked":"ats:Sanity Plus"}],"items_purged_floors":[3,8,20],"is_endless":false,"potions_floor_spawned":[1,10,12,14,16,21,22,25],"killed_by":"Masked Bandits","ascension_level":0}}