{"host":"p9t7qd83igtcp2bh","time":1611121956,"event":{"mods":["2.2 Compatiblity","AchievementEnabler","BaseMod","Colored Map","Colored Powertips","Custom Start","DeckTracker","Keyboard Shortcuts","Minty Spire (QoL Compilation)","Permanent Neow","StSLib","SuperFastMode","everything is the same but u backflip on backflip"],"gold_per_floor":[118,133,144,144,157,157,157],"floor_reached":6,"language":"KOR","playtime":119,"items_purged":[],"score":76,"play_id":"20ecfa5c-1ddc-4572-9ebb-66fbbd8c60f5","local_time":"20210120145236","is_ascension_mode":true,"campfire_choices":[],"circlet_count":0,"master_deck":["AscendersBane","Strike_B","Strike_B","Strike_B","Strike_B","Defend_B","Defend_B","Defend_B","Defend_B","Zap","Dualcast","Sweeping Beam","Capacitor+1","Heatsinks+1","Barrage"],"relics":["Cracked Core","Frozen Egg 2","DataDisk","Golden Idol"],"acts_visited":["Exordium"],"potions_floor_usage":[6],"damage_taken":[{"damage":5,"enemies":"Small Slimes","floor":1,"turns":3},{"damage":1,"enemies":"Cultist","floor":2,"turns":3},{"damage":10,"enemies":"2 Louse","floor":3,"turns":3},{"damage":8,"enemies":"2 Fungi Beasts","floor":5,"turns":4},{"damage":56,"enemies":"Gremlin Nob","floor":6,"turns":4}],"seed_played":"-6118184353908686110","potions_obtained":[{"floor":2,"key":"FearPotion"}],"is_trial":false,"path_per_floor":["M","M","M","?","M","E"],"character_chosen":"DEFECT","items_purchased":[],"campfire_rested":0,"item_purchase_floors":[],"current_hp_per_floor":[59,58,48,48,40,0,0],"gold":157,"neow_bonus":"RANDOM_COMMON_RELIC","is_daily":false,"chose_seed":false,"campfire_upgraded":0,"win_rate":0.0,"timestamp":1611121956,"path_taken":["M","M","M","?","M","E"],"items_purchased_type":[],"build_version":"2020-12-22","purchased_purges":0,"victory":false,"max_hp_per_floor":[71,71,71,64,64,64,64],"card_choices":[{"not_picked":["Hologram","Ball Lightning"],"picked":"Sweeping Beam","floor":1},{"not_picked":["Coolheaded","Genetic Algorithm"],"picked":"Capacitor+1","floor":2},{"not_picked":["Compile Driver","Tempest"],"picked":"Heatsinks+1","floor":3},{"not_picked":["Redo","Cold Snap"],"picked":"Barrage","floor":5}],"player_experience":664272,"relics_obtained":[],"event_choices":[{"damage_healed":0,"gold_gain":0,"player_choice":"Lose Max HP","damage_taken":0,"relics_obtained":["Golden Idol"],"max_hp_gain":0,"max_hp_loss":7,"event_name":"Golden Idol","floor":4,"gold_loss":0}],"is_beta":false,"boss_relics":[],"items_purged_floors":[],"is_endless":false,"potions_floor_spawned":[2],"killed_by":"Gremlin Nob","ascension_level":20}}