{"host":"bf9sa99gaumonoeu","time":1611166846,"event":{"mods":["AchievementEnabler","Act Like it!","Aspiration","BaseMod","Bestiary","Better Note","Block Reminder","Colored Map","Colored Powertips","Downfall","Fox Events","Friendly Minions","Gensokyo","GifTheSpireLib","Googly Eyes","Hallownest","Hermit","Highlight Path","Jorbs\u0027s Wanderer Trilogy","KinomotoSakuraMod(????)","Koishi","Marisa????????","Minty Spire (QoL Compilation)","Rare Cards Sparkle","Relic Stats","Spire Arcade","StSLib","The Administrix","The Animator","The Bug Knight","The Construct","The Cursed","The Hierophant","The Mystic","The Necromancer","The Poker Player","The Runesmith","The Senshi","The Servant 0.9.4","ojb\u0027s Info Mod"],"gold_per_floor":[114,127,146,164,184,184,195,195,195],"floor_reached":8,"language":"ENG","playtime":491,"items_purged":[],"score":104,"play_id":"a14b0a1a-03c1-4a8b-9c5c-1bc64758a33c","local_time":"20210120162046","is_ascension_mode":true,"campfire_choices":[{"data":"Wraith Form v2","floor":6.0,"key":"SMITH"}],"circlet_count":0,"master_deck":["AscendersBane","Strike_G","Strike_G","Strike_G","Strike_G","Strike_G","Defend_G","Defend_G","Defend_G","Defend_G","Defend_G","Survivor","Neutralize","Blade Dance","Wraith Form v2+1","Dagger Throw","Dash","Predator","Bane"],"relics":["Ring of the Snake","aspiration:Nostalgia","bronze:BronzeCore"],"acts_visited":["Exordium"],"potions_floor_usage":[8],"damage_taken":[{"damage":0.0,"enemies":"Jaw Worm","floor":1.0,"turns":6.0},{"damage":1.0,"enemies":"Cultist","floor":2.0,"turns":3.0},{"damage":10.0,"enemies":"2 Louse","floor":3.0,"turns":4.0},{"damage":3.0,"enemies":"Lots of Slimes","floor":4.0,"turns":6.0},{"damage":9.0,"enemies":"2 Fungi Beasts","floor":5.0,"turns":4.0},{"damage":0.0,"enemies":"Looter","floor":7.0,"turns":2.0},{"damage":39,"enemies":"Gremlin Nob","floor":8,"turns":3}],"seed_played":"-8844229661947454860","potions_obtained":[{"floor":3.0,"key":"LiquidBronze"},{"floor":4.0,"key":"SkillPotion"},{"floor":7.0,"key":"Fire Potion"}],"is_trial":false,"path_per_floor":["M","M","M","M","M","R","M","E"],"character_chosen":"THE_SILENT","items_purchased":[],"campfire_rested":0,"item_purchase_floors":[],"current_hp_per_floor":[59,58,48,45,36,36,36,0,0],"gold":195,"neow_bonus":"NOSTALGIA","is_daily":false,"chose_seed":false,"campfire_upgraded":1,"win_rate":0.0,"timestamp":1611166846,"path_taken":["M","M","M","M","M","R","M","E"],"items_purchased_type":[],"build_version":"2020-12-22","purchased_purges":0,"victory":false,"max_hp_per_floor":[66,66,66,66,66,66,66,66,66],"relic_stats":{"counters":[7,28],"obtain_stats":[{"bronze:BronzeCore":0,"aspiration:Nostalgia":0,"Ring of the Snake":0},{"bronze:BronzeCore":0,"aspiration:Nostalgia":0,"Ring of the Snake":0},{"bronze:BronzeCore":0,"aspiration:Nostalgia":0,"Ring of the Snake":0}],"Ring of the Snake":[14]},"card_choices":[{"not_picked":["Dagger Throw","Riddle With Holes"],"picked":"Blade Dance","floor":1.0},{"not_picked":["Quick Slash","Setup"],"picked":"Wraith Form v2","floor":2.0},{"not_picked":["Catalyst","PiercingWail"],"picked":"Dagger Throw","floor":3.0},{"not_picked":["Dagger Spray","Acrobatics"],"picked":"Dash","floor":4.0},{"not_picked":["Flying Knee","Flechettes"],"picked":"Predator","floor":5.0},{"not_picked":["Outmaneuver","Endless Agony"],"picked":"Bane","floor":7.0}],"player_experience":1084156,"relics_obtained":[],"event_choices":[],"is_beta":false,"boss_relics":[],"items_purged_floors":[],"is_endless":false,"potions_floor_spawned":[3,4,7],"killed_by":"Gremlin Nob","ascension_level":20}}