{"host":"3jhxjeq8h3mqaq9s","time":1611111378,"event":{"mods":["BaseMod","Bestiary","Colored Map","Downfall","Highlight Path","Minty Spire (QoL Compilation)","Rare Cards Sparkle","Relic Stats","StSLib","everything is the same but u backflip on backflip","slay the spire mod where everything is the same but ironclad has a cowboy hat"],"gold_per_floor":[99,111,129,129,149,184,184,94,94,106,116,216,16,16,27,122,122,22,41,41,61,46,79,79,79,91,105,90,90,90,90,100,197,197,197,263,273,373,391,411,411,41,41,91,141,158,188,208,225,225,225,255,105,105,105,105,105,105],"floor_reached":56,"language":"ENG","playtime":3070,"items_purged":["champ:Defend","champ:Execute","champ:Strike","champ:Strike"],"score":851,"play_id":"1f835fd1-b629-40dc-86e9-9163e7ab01ad","local_time":"20210119215618","is_ascension_mode":false,"campfire_choices":[{"floor":1.0,"key":"RECALL"},{"data":"champ:PerfectedStrike","floor":9.0,"key":"SMITH"},{"data":"champ:PerfectedStrike","floor":13.0,"key":"SMITH"},{"data":"champ:TripleStrike","floor":18,"key":"SMITH"},{"data":"champ:StanceDance","floor":25,"key":"SMITH"},{"data":"champ:PerfectedStrike","floor":30,"key":"SMITH"},{"data":"champ:TripleStrike","floor":35,"key":"SMITH"},{"data":"champ:PerfectedStrike","floor":43,"key":"SMITH"},{"floor":54,"key":"REST"}],"circlet_count":0,"master_deck":["champ:Defend","champ:Defend","champ:Taunt","champ:AdrenalArmor","champ:PerfectedStrike+1","champ:StanceDance+1","champ:CrookedStrike","champ:Backstep","champ:PerfectedStrike+1","champ:FlashCut","champ:TripleStrike+1","champ:IronFortress","champ:PerfectedStrike+1","champ:FlashCut","champ:TripleStrike+1","champ:RisingSlash+1","champ:BladeFlurry+1","champ:FlashCut+1","champ:PerfectedStrike+1","champ:FlashCut+1"],"relics":["champ:ChampionCrown","Kunai","downfall:HeartBlessingBlue","downfall:HeartBlessingRed","Sozu","downfall:HeartBlessingGreen","champ:DefensiveTrainingManual","MealTicket","SsserpentHead","Empty Cage","Bag of Preparation","Shuriken","Pantograph","White Beast Statue","Toy Ornithopter","Centennial Puzzle"],"acts_visited":["Exordium","TheCity","TheBeyond","TheEnding"],"potions_floor_usage":[52],"damage_taken":[{"damage":27.0,"enemies":"Small Slimes","floor":2.0,"turns":4.0},{"damage":22.0,"enemies":"Cultist","floor":3.0,"turns":4.0},{"damage":5.0,"enemies":"2 Louse","floor":5.0,"turns":2.0},{"damage":28.0,"enemies":"3 Sentries","floor":6.0,"turns":7.0},{"damage":30.0,"enemies":"downfall:FleeingMerchant","floor":8.0,"turns":4.0},{"damage":10.0,"enemies":"Blue Slaver","floor":10.0,"turns":2.0},{"damage":10.0,"enemies":"3 Louse","floor":11.0,"turns":2.0},{"damage":23.0,"enemies":"Gremlin Gang","floor":15.0,"turns":4.0},{"damage":54,"enemies":"DF_ARCHETYPE_STREAMLINE","floor":16,"turns":9},{"damage":20,"enemies":"Shell Parasite","floor":19,"turns":3},{"damage":0,"enemies":"3 Cultists","floor":21,"turns":4},{"damage":25,"enemies":"downfall:FleeingMerchant","floor":22,"turns":4},{"damage":10,"enemies":"Gremlin Leader","floor":23,"turns":5},{"damage":18,"enemies":"Centurion and Healer","floor":26,"turns":4},{"damage":10,"enemies":"Shelled Parasite and Fungi","floor":27,"turns":2},{"damage":4,"enemies":"downfall:FleeingMerchant","floor":28,"turns":4},{"damage":0,"enemies":"Chosen and Byrds","floor":32,"turns":4},{"damage":15,"enemies":"WA_ARCHETYPE_CALM","floor":33,"turns":5},{"damage":6,"enemies":"Orb Walker","floor":36,"turns":2},{"damage":37,"enemies":"3 Darklings","floor":37,"turns":5},{"damage":0,"enemies":"downfall:FleeingMerchant","floor":38,"turns":1},{"damage":5,"enemies":"4 Shapes","floor":39,"turns":4},{"damage":16,"enemies":"Jaw Worm Horde","floor":40,"turns":3},{"damage":0,"enemies":"Transient","floor":46,"turns":5},{"damage":45,"enemies":"Nemesis","floor":47,"turns":5},{"damage":11,"enemies":"Sphere and 2 Shapes","floor":48,"turns":3},{"damage":0,"enemies":"Jaw Worm Horde","floor":49,"turns":2},{"damage":17,"enemies":"SI_POISON_ARCHETYPE","floor":50,"turns":8},{"damage":90,"enemies":"downfall:CharBossMerchant","floor":52,"turns":7},{"damage":33,"enemies":"downfall:NeowBoss","floor":55,"turns":15},{"damage":123,"enemies":"downfall:NeowBossFinal","floor":56,"turns":8}],"seed_played":"7541162756737785058","potions_obtained":[{"floor":2.0,"key":"LiquidBronze"},{"floor":3.0,"key":"SpeedPotion"},{"floor":4.0,"key":"SmokeBomb"},{"floor":4.0,"key":"SkillPotion"},{"floor":16,"key":"ColorlessPotion"}],"is_trial":false,"path_per_floor":["R","M","M","?","M","E","T","$","R","M","M","?","R","?","M","B",null,"R","M","?","M","$","E","T","R","M","M","$","?","R","?","M","B",null,"R","M","M","$","M","M","T","$","R","?","T","M","E","M","M","B",null,"E","$","R","B","B"],"character_chosen":"THE_CHAMP","items_purchased":["Bag of Preparation","Pantograph"],"campfire_rested":1,"item_purchase_floors":[38,42],"current_hp_per_floor":[99,92,90,90,85,77,77,77,77,77,77,77,87,87,74,40,109,109,109,109,109,109,109,109,109,96,96,105,105,105,105,105,105,109,109,103,91,106,101,100,100,109,109,109,109,109,94,83,83,91,109,59,74,106,86,0,0,0],"gold":105,"neow_bonus":"TEN_PERCENT_HP_BONUS","is_daily":false,"chose_seed":false,"campfire_upgraded":7,"win_rate":0.0,"timestamp":1611111378,"path_taken":["R","M","M","?","?","E","T","$","R","?","M","?","R","?","M","BOSS","R","M","?","M","$","E","T","R","M","M","$","?","R","?","M","BOSS","R","?","M","$","M","M","T","$","R","?","?","M","E","M","M","BOSS","E","$","R","BOSS","BOSS"],"items_purchased_type":["Relic","Relic"],"build_version":"2020-12-22","purchased_purges":4,"victory":false,"max_hp_per_floor":[99,99,99,99,99,99,99,99,99,99,99,99,109,109,109,109,109,109,109,109,109,109,109,109,109,109,109,109,109,109,109,109,109,109,109,109,109,109,109,109,109,109,109,109,109,109,109,109,109,109,109,109,109,109,109,109,109,109],"relic_stats":{"Sozu":10,"SsserpentHead":150,"Centennial Puzzle":[6],"counters":[31,141],"Shuriken":[34],"Pantograph":51,"MealTicket":52,"Bag of Preparation":[20],"Kunai":[60],"obtain_stats":[{"downfall:HeartBlessingRed":13,"champ:ChampionCrown":0,"downfall:HeartBlessingGreen":18,"Bag of Preparation":38,"Empty Cage":34,"White Beast Statue":45,"Sozu":17,"SsserpentHead":31,"Centennial Puzzle":52,"downfall:HeartBlessingBlue":13,"champ:DefensiveTrainingManual":23,"Shuriken":41,"Pantograph":42,"MealTicket":24,"Kunai":6,"Toy Ornithopter":47},{"downfall:HeartBlessingRed":7,"champ:ChampionCrown":0,"downfall:HeartBlessingGreen":9,"Bag of Preparation":21,"Empty Cage":18,"White Beast Statue":23,"Sozu":9,"SsserpentHead":16,"Centennial Puzzle":29,"downfall:HeartBlessingBlue":7,"champ:DefensiveTrainingManual":13,"Shuriken":23,"Pantograph":23,"MealTicket":13,"Kunai":4,"Toy Ornithopter":25},{"downfall:HeartBlessingRed":25,"champ:ChampionCrown":0,"downfall:HeartBlessingGreen":38,"Bag of Preparation":81,"Empty Cage":73,"White Beast Statue":88,"Sozu":38,"SsserpentHead":64,"Centennial Puzzle":118,"downfall:HeartBlessingBlue":25,"champ:DefensiveTrainingManual":54,"Shuriken":88,"Pantograph":88,"MealTicket":54,"Kunai":17,"Toy Ornithopter":98}],"Toy Ornithopter":5},"card_choices":[{"not_picked":["champ:Circumvent","champ:ShieldWall"],"picked":"champ:AdrenalArmor","floor":2.0},{"not_picked":["champ:FlashCut","champ:PreciseThrust"],"picked":"champ:PerfectedStrike","floor":3.0},{"not_picked":["champ:CrownThrow","champ:FancyFootwork"],"picked":"champ:StanceDance","floor":5.0},{"not_picked":["champ:RisingSlash","champ:Devastate"],"picked":"champ:CrookedStrike","floor":6.0},{"not_picked":["champ:FocusedBerserking","champ:GutPunch"],"picked":"champ:Backstep","floor":8.0},{"not_picked":["champ:Duel","champ:DefensiveShout"],"picked":"champ:PerfectedStrike","floor":10.0},{"not_picked":["champ:RecklessLeap","champ:Duel"],"picked":"champ:FlashCut","floor":11.0},{"not_picked":["champ:Endure","champ:BerserkersShout","champ:DeathBlow"],"picked":"SKIP","floor":15.0},{"not_picked":["champ:Devastate","champ:SteelEdge"],"picked":"champ:TripleStrike","floor":16},{"not_picked":["champ:AdrenalArmor","champ:Haymaker"],"picked":"champ:IronFortress","floor":19},{"not_picked":["champ:Shatter","champ:Endure","champ:BringItOn+1"],"picked":"SKIP","floor":21},{"not_picked":["champ:BringItOn","champ:FalseCounter","champ:Duel"],"picked":"SKIP","floor":22},{"not_picked":["champ:EnragedBash+1","champ:GladiatorStyle"],"picked":"champ:PerfectedStrike","floor":23},{"not_picked":["champ:GladiatorStyle","champ:BerserkersShout+1","champ:DefensiveShout+1"],"picked":"SKIP","floor":26},{"not_picked":["champ:FancyFootwork","champ:Endure","champ:PreciseThrust"],"picked":"SKIP","floor":27},{"not_picked":["champ:Circumvent","champ:TornadoPunch"],"picked":"champ:FlashCut","floor":28},{"not_picked":["champ:SkillfulDodge","champ:ShieldSlam","champ:SetATrap"],"picked":"SKIP","floor":32},{"not_picked":["champ:LastStand","champ:VampiricStrike"],"picked":"champ:TripleStrike","floor":33},{"not_picked":["champ:GladiatorStyle","champ:TornadoPunch","champ:CrownThrow+1"],"picked":"SKIP","floor":36},{"not_picked":["champ:CalledShot+1","champ:Backstep+1"],"picked":"champ:RisingSlash+1","floor":37},{"not_picked":["champ:CrownThrow","champ:BringItOn"],"picked":"champ:BladeFlurry+1","floor":38},{"not_picked":["champ:BerserkersShout+1","champ:ShieldWall"],"picked":"champ:FlashCut+1","floor":39},{"not_picked":["champ:BerserkersShout","champ:BladeFlurry+1"],"picked":"champ:PerfectedStrike","floor":40},{"not_picked":["champ:Backstep+1","champ:HeartStrike+1","champ:Shatter+1"],"picked":"SKIP","floor":46},{"not_picked":["champ:ShieldThrow","champ:DefensiveShout+1","champ:IgnorePain"],"picked":"SKIP","floor":47},{"not_picked":["champ:CrownThrow","champ:FanOfKnives+1","champ:Backstep+1"],"picked":"SKIP","floor":48},{"not_picked":["champ:Backstep+1","champ:Circumvent+1","champ:PreciseThrust"],"picked":"SKIP","floor":49},{"not_picked":["champ:TornadoPunch+1","champ:Backstep"],"picked":"champ:FlashCut+1","floor":52}],"player_experience":2601621,"relics_obtained":[{"floor":6.0,"key":"Kunai"},{"floor":23,"key":"champ:DefensiveTrainingManual"},{"floor":24,"key":"MealTicket"},{"floor":41,"key":"Shuriken"},{"floor":45,"key":"White Beast Statue"},{"floor":47,"key":"Toy Ornithopter"},{"floor":52,"key":"Centennial Puzzle"}],"event_choices":[{"damage_healed":0.0,"max_hp_gain":0.0,"max_hp_loss":0.0,"gold_gain":0.0,"event_name":"Lab","player_choice":"Got Potions","floor":4.0,"gold_loss":0.0,"damage_taken":0.0},{"damage_healed":0,"gold_gain":0,"player_choice":"Ignored","damage_taken":0,"max_hp_gain":0,"max_hp_loss":0,"event_name":"Ghosts","floor":20,"gold_loss":0},{"damage_healed":0,"gold_gain":0,"player_choice":"Trade","damage_taken":0,"relics_obtained":["SsserpentHead"],"max_hp_gain":0,"max_hp_loss":0,"event_name":"FaceTrader","floor":31,"gold_loss":0}],"is_beta":false,"boss_relics":[{"not_picked":["Black Star","Tiny House"],"picked":"Sozu"},{"not_picked":["SlaversCollar","Cursed Key"],"picked":"Empty Cage"}],"items_purged_floors":[8,38,42,53],"is_endless":false,"potions_floor_spawned":[2,3,10,16,21,26,27,33,36,40,46,47,48,49,52],"killed_by":"downfall:NeowBossFinal","ascension_level":0}}