{"host":"1a3cjta80tad0aqj","time":1611134847,"event":{"mods":["2.2 Compatiblity","AchievementEnabler","BaseMod","Colored Map","DeckTracker","KOR Keyword Fix","Keyboard Shortcuts","Minty Spire (QoL Compilation)","Permanent Neow","Quick Restart","Random Character Button","StSLib","SuperFastMode","everything is the same but u backflip on backflip"],"gold_per_floor":[118,130,130,130,150,150,165,175,175,175,16,16,35,59,59,136,136,153,153,153,93,107,107,117,117,117,117,11,25,25,36,36,36,36],"floor_reached":33,"language":"KOR","playtime":1380,"items_purged":["Strike_P"],"score":474,"play_id":"888c55cd-395d-4992-b558-de973c0fde44","local_time":"20210120182727","is_ascension_mode":true,"campfire_choices":[{"data":"Eruption","floor":6.0,"key":"SMITH"},{"data":"Adaptation","floor":10.0,"key":"SMITH"},{"data":"Defend_P","floor":12.0,"key":"PURGE"},{"data":"Strike_P","floor":15.0,"key":"PURGE"},{"floor":23,"key":"REST"},{"floor":25,"key":"REST"},{"data":"Blasphemy","floor":27,"key":"SMITH"},{"data":"Defend_P","floor":32,"key":"PURGE"}],"circlet_count":0,"master_deck":["AscendersBane","Strike_P","Strike_P","Defend_P","Eruption+1","Vigilance","FlurryOfBlows","EmptyBody","Meditate","Adaptation+1","FearNoEvil","Judgement","Blasphemy+1","Halt","Wallop","Tantrum","TalkToTheHand"],"relics":["PureWater","Lantern","The Courier","Peace Pipe","Lee\u0027s Waffle","Regal Pillow","Philosopher\u0027s Stone","Nilry\u0027s Codex","Eternal Feather"],"acts_visited":["Exordium","TheCity"],"potions_floor_usage":[29,33],"damage_taken":[{"damage":4.0,"enemies":"Cultist","floor":1.0,"turns":4.0},{"damage":9.0,"enemies":"Jaw Worm","floor":2.0,"turns":4.0},{"damage":0.0,"enemies":"Small Slimes","floor":5.0,"turns":2.0},{"damage":6.0,"enemies":"Exordium Wildlife","floor":7.0,"turns":4.0},{"damage":1.0,"enemies":"Looter","floor":8.0,"turns":3.0},{"damage":11.0,"enemies":"Lots of Slimes","floor":13.0,"turns":6.0},{"damage":48.0,"enemies":"The Guardian","floor":16.0,"turns":8.0},{"damage":15.0,"enemies":"Spheric Guardian","floor":18.0,"turns":4.0},{"damage":8,"enemies":"Chosen","floor":22,"turns":6},{"damage":44,"enemies":"Snake Plant","floor":24,"turns":5},{"damage":13,"enemies":"Chosen and Byrds","floor":29,"turns":5},{"damage":1,"enemies":"Snecko","floor":31,"turns":4},{"damage":99999,"enemies":"Collector","floor":33,"turns":3}],"seed_played":"4166431645150448326","potions_obtained":[{"floor":1.0,"key":"SteroidPotion"},{"floor":8.0,"key":"Fire Potion"},{"floor":16.0,"key":"GamblersBrew"},{"floor":29,"key":"DistilledChaos"}],"is_trial":false,"path_per_floor":["M","M","?","?","M","R","M","M","T","R","$","R","M","T","R","B",null,"M","?","?","$","M","R","M","R","T","R","$","M","?","M","R","B"],"character_chosen":"WATCHER","items_purchased":["FearNoEvil","Lee\u0027s Waffle","Wallop","FearPotion"],"campfire_rested":2,"item_purchase_floors":[11,11,28,28],"current_hp_per_floor":[57,48,48,43,43,43,37,36,36,36,75,75,64,64,64,16,60,45,24,24,24,16,53,9,46,46,55,55,42,42,41,50,0,0],"gold":36,"neow_bonus":"RANDOM_COMMON_RELIC","is_daily":false,"chose_seed":false,"campfire_upgraded":3,"win_rate":0.0,"timestamp":1611134847,"path_taken":["M","M","?","?","M","R","M","M","T","R","?","R","M","?","R","BOSS","M","?","?","?","M","R","M","R","T","R","$","M","?","M","R","BOSS"],"items_purchased_type":["Card","Relic","Card","Potion"],"build_version":"2020-12-22","purchased_purges":1,"victory":false,"max_hp_per_floor":[68,68,68,68,68,68,68,68,68,68,75,75,75,75,75,75,75,75,75,75,75,75,75,75,75,75,75,75,75,75,75,75,75,75],"card_choices":[{"not_picked":["Vengeance","PathToVictory","Prostrate"],"picked":"SKIP","floor":1.0},{"not_picked":["Consecrate","JustLucky"],"picked":"FlurryOfBlows","floor":2.0},{"not_picked":["FlyingSleeves","Worship"],"picked":"EmptyBody","floor":5.0},{"not_picked":["Prostrate","Crescendo"],"picked":"Meditate","floor":7.0},{"not_picked":["CutThroughFate","EmptyFist"],"picked":"Adaptation","floor":8.0},{"not_picked":["JustLucky","Crescendo"],"picked":"Judgement","floor":13.0},{"not_picked":["SpiritShield","Judgement"],"picked":"Blasphemy","floor":16.0},{"not_picked":["LikeWater","ForeignInfluence","FearNoEvil"],"picked":"SKIP","floor":18.0},{"not_picked":["JustLucky","ThirdEye"],"picked":"Halt","floor":22},{"not_picked":["CrushJoints+1","Protect","Crescendo"],"picked":"SKIP","floor":24},{"not_picked":["CarveReality","Protect","SashWhip"],"picked":"SKIP","floor":29},{"not_picked":["FollowUp+1","Vengeance"],"picked":"TalkToTheHand","floor":31}],"player_experience":806806,"relics_obtained":[{"floor":9.0,"key":"Peace Pipe"},{"floor":14.0,"key":"Regal Pillow"},{"floor":19.0,"key":"Nilry\u0027s Codex"},{"floor":26,"key":"Eternal Feather"}],"event_choices":[{"damage_healed":0.0,"max_hp_gain":0.0,"max_hp_loss":0.0,"gold_gain":0.0,"event_name":"Liars Game","player_choice":"Ignored","floor":3.0,"gold_loss":0.0,"damage_taken":0.0},{"damage_healed":0.0,"max_hp_gain":0.0,"max_hp_loss":0.0,"gold_gain":0.0,"event_name":"Scrap Ooze","player_choice":"Success","floor":4.0,"gold_loss":0.0,"damage_taken":5.0,"relics_obtained":["The Courier"]},{"damage_healed":0.0,"max_hp_gain":0.0,"max_hp_loss":0.0,"gold_gain":0.0,"event_name":"Cursed Tome","player_choice":"Obtained Book","floor":19.0,"gold_loss":0.0,"damage_taken":21.0},{"damage_healed":0.0,"max_hp_gain":0.0,"max_hp_loss":0.0,"gold_gain":0.0,"event_name":"The Mausoleum","player_choice":"Ignored","floor":20.0,"gold_loss":0.0,"damage_taken":0.0},{"damage_healed":0,"gold_gain":0,"cards_transformed":["Defend_P"],"player_choice":"Transformed","damage_taken":0,"max_hp_gain":0,"max_hp_loss":0,"event_name":"Transmorgrifier","floor":30,"gold_loss":0,"cards_obtained":["Tantrum"]}],"is_beta":false,"boss_relics":[{"not_picked":["Snecko Eye","Runic Pyramid"],"picked":"Philosopher\u0027s Stone"}],"items_purged_floors":[21],"is_endless":false,"potions_floor_spawned":[1,8,16,29],"killed_by":"Collector","ascension_level":20}}