{"host":"ewfe3cr33ktd9xzj","time":1611125652,"event":{"mods":["AchievementEnabler","Arknights The Spire","BaseMod","Colored Map","Custom Start","DeckTracker","Minty Spire (QoL Compilation)","Permanent Neow","Quick Restart","Rare Cards Sparkle","StSLib","everything is the same but u backflip on backflip"],"gold_per_floor":[114,130,130,145,155,155,180,180,180,180,180,200,229,240,240,343,343,355,355,228,228,228,228,228,228],"floor_reached":24,"language":"KOR","playtime":597,"items_purged":["ats:Armor Crushing Shot"],"score":267,"play_id":"a082e83a-7715-4f19-9392-8511ffd021d8","local_time":"20210120155412","is_ascension_mode":true,"campfire_choices":[{"data":"ats:Poison Spread","floor":6.0,"key":"SMITH"},{"data":"ats:Soul Rend","floor":8.0,"key":"SMITH"},{"floor":10.0,"key":"REST"},{"data":"Pain","floor":15.0,"key":"PURGE"},{"data":"ats:Ignite","floor":23,"key":"SMITH"}],"circlet_count":0,"master_deck":["ats:Strike C","ats:Strike G+1","ats:Defend","ats:Defend","ats:Defend","ats:Defend","ats:Emotion Absorption+1","ats:Poison Spread+1","ats:Sunburst","ats:Soul Rend+1","ats:Neurotoxin","ats:Hammer On","ats:Volcano","ats:Sunburst","ats:Shell Defense","ats:Cat Scratch","ats:Ignite+1","ats:Flame Of Heaven"],"relics":["Sozu","ats:Originium","Dream Catcher","Singing Bowl","WarpedTongs","Peace Pipe","Black Star","Pen Nib"],"acts_visited":["Exordium","TheCity"],"potions_floor_usage":[],"damage_taken":[{"damage":0.0,"enemies":"Small Slimes","floor":1.0,"turns":3.0},{"damage":0.0,"enemies":"2 Louse","floor":2.0,"turns":2.0},{"damage":0.0,"enemies":"Cultist","floor":4.0,"turns":3.0},{"damage":5.0,"enemies":"Looter","floor":5.0,"turns":3.0},{"damage":16.0,"enemies":"Lagavulin","floor":7.0,"turns":5.0},{"damage":11.0,"enemies":"Blue Slaver","floor":12.0,"turns":4.0},{"damage":12.0,"enemies":"3 Sentries","floor":13.0,"turns":6.0},{"damage":18.0,"enemies":"Exordium Wildlife","floor":14.0,"turns":5.0},{"damage":0.0,"enemies":"Slime Boss","floor":16.0,"turns":6.0},{"damage":21.0,"enemies":"Spheric Guardian","floor":18.0,"turns":4.0},{"damage":43,"enemies":"Slavers","floor":24,"turns":4}],"seed_played":"6501683391801812756","potions_obtained":[],"is_trial":false,"path_per_floor":["M","M","?","M","M","R","E","R","T","R","?","M","E","M","R","B",null,"M","?","$","?","T","R","E"],"character_chosen":"DOCTOR_CLASS","items_purchased":["ats:Ignite"],"campfire_rested":1,"item_purchase_floors":[20],"current_hp_per_floor":[72,72,58,58,53,53,37,37,37,60,60,53,43,29,29,31,76,57,57,57,57,57,57,16,16],"gold":228,"neow_bonus":"BOSS_RELIC","is_daily":false,"chose_seed":false,"campfire_upgraded":3,"win_rate":0.0,"timestamp":1611125652,"path_taken":["M","M","?","M","M","R","E","R","T","R","?","M","E","M","R","BOSS","M","?","$","?","?","R","E"],"items_purchased_type":["Card"],"build_version":"2020-12-22","purchased_purges":1,"victory":false,"max_hp_per_floor":[72,72,72,72,72,72,72,72,72,74,74,74,76,76,76,76,76,76,76,76,76,76,76,76,76],"card_choices":[{"not_picked":["ats:Flexible Camouflage","ats:Counter Healing Mode","ats:Apocalypse"],"picked":"SKIP","floor":1.0},{"not_picked":["ats:Ignite","ats:Powerful Strike"],"picked":"ats:Poison Spread","floor":2.0},{"not_picked":["ats:Defend Order","ats:Soul Absorption"],"picked":"ats:Sunburst","floor":4.0},{"not_picked":["ats:Childhood Dance","ats:Flexible Camouflage","ats:Demon Strength"],"picked":"SKIP","floor":5.0},{"not_picked":["ats:Red Shift","ats:Consecutive Shot Auto"],"picked":"ats:Soul Rend","floor":7.0},{"not_picked":["ats:Overload","ats:Poison Spread","ats:Leaping Hammer"],"picked":"Singing Bowl","floor":10.0},{"not_picked":["ats:Revitalization","ats:Sword Rain"],"picked":"ats:Neurotoxin","floor":12.0},{"not_picked":["ats:Apocalypse","ats:Revitalization","ats:Childhood Dance"],"picked":"Singing Bowl","floor":13.0},{"not_picked":["ats:Explosion Area Strengthen","ats:Durian"],"picked":"ats:Hammer On","floor":14.0},{"not_picked":["ats:Dogmatic Field","ats:Nebulous Foxfire"],"picked":"ats:Volcano","floor":16.0},{"not_picked":["ats:Demon Strength","ats:Shell Defense"],"picked":"ats:Sunburst","floor":18.0}],"player_experience":57077,"relics_obtained":[{"floor":7.0,"key":"ats:Originium"},{"floor":7.0,"key":"Dream Catcher"},{"floor":9.0,"key":"Singing Bowl"},{"floor":13.0,"key":"ats:Originium"},{"floor":13.0,"key":"Peace Pipe"},{"floor":22,"key":"Pen Nib"}],"event_choices":[{"damage_healed":0.0,"max_hp_gain":0.0,"max_hp_loss":0.0,"gold_gain":0.0,"event_name":"Shining Light","player_choice":"Entered Light","floor":3.0,"gold_loss":0.0,"damage_taken":14.0,"cards_upgraded":["ats:Emotion Absorption","ats:Strike G"]},{"damage_healed":0.0,"max_hp_gain":0.0,"max_hp_loss":0.0,"gold_gain":0.0,"event_name":"Accursed Blacksmith","player_choice":"Rummage","floor":11.0,"gold_loss":0.0,"damage_taken":0.0,"relics_obtained":["WarpedTongs"],"cards_obtained":["Pain"]},{"damage_healed":0,"gold_gain":0,"cards_transformed":["ats:Strike V","ats:Strike S"],"player_choice":"Became Test Subject","damage_taken":0,"max_hp_gain":0,"max_hp_loss":0,"event_name":"Drug Dealer","floor":19,"gold_loss":0,"cards_obtained":["ats:Shell Defense","ats:Cat Scratch"]},{"damage_healed":0,"gold_gain":0,"player_choice":"Read","damage_taken":0,"max_hp_gain":0,"max_hp_loss":0,"event_name":"The Library","floor":21,"gold_loss":0,"cards_obtained":["ats:Flame Of Heaven"]}],"is_beta":false,"boss_relics":[{"not_picked":["Runic Dome","Tiny House"],"picked":"Black Star"}],"items_purged_floors":[20],"is_endless":false,"potions_floor_spawned":[4,5,13,16,18],"killed_by":"Slavers","ascension_level":1}}