{"host":"a4s27ghlnr83kbqz","time":1611127563,"event":{"mods":["AchievementEnabler","BaseMod","Colored Map","Minty Spire (QoL Compilation)","Permanent Neow","SuperFastMode"],"gold_per_floor":[362,287,298,314,314,314,324,324,347,378,395,411,431,458,458,458,458],"floor_reached":16,"language":"KOR","playtime":323,"items_purged":["Strike_R"],"score":228,"play_id":"e192e05f-ee31-48fa-9150-f1ae6bc2ceb1","local_time":"20210120152603","is_ascension_mode":true,"campfire_choices":[{"data":"Bash","floor":6,"key":"SMITH"},{"data":"Iron Wave","floor":8,"key":"SMITH"},{"floor":15,"key":"REST"}],"circlet_count":0,"master_deck":["AscendersBane","Strike_R","Strike_R","Strike_R","Strike_R","Defend_R","Defend_R","Defend_R","Defend_R","Bash+1","Pommel Strike","Iron Wave+1","Anger","Feed"],"relics":["Burning Blood","SsserpentHead","Bronze Scales","Smiling Mask","Sundial"],"acts_visited":["Exordium"],"potions_floor_usage":[10,16,16],"damage_taken":[{"damage":4,"enemies":"Small Slimes","floor":1,"turns":4},{"damage":1,"enemies":"Cultist","floor":3,"turns":3},{"damage":12,"enemies":"Jaw Worm","floor":4,"turns":2},{"damage":16,"enemies":"Lots of Slimes","floor":7,"turns":7},{"damage":22,"enemies":"3 Sentries","floor":10,"turns":10},{"damage":16,"enemies":"Large Slime","floor":11,"turns":5},{"damage":7,"enemies":"2 Fungi Beasts","floor":12,"turns":4},{"damage":9,"enemies":"Red Slaver","floor":13,"turns":2},{"damage":18,"enemies":"Lagavulin","floor":14,"turns":6},{"damage":44,"enemies":"Slime Boss","floor":16,"turns":11}],"seed_played":"-6682493707546948034","potions_obtained":[{"floor":3,"key":"ElixirPotion"},{"floor":7,"key":"BlessingOfTheForge"},{"floor":10,"key":"Fire Potion"},{"floor":14,"key":"Swift Potion"}],"is_trial":false,"path_per_floor":["M","$","M","M","?","R","M","R","T","E","M","M","M","E","R","B"],"character_chosen":"IRONCLAD","items_purchased":[],"campfire_rested":1,"item_purchase_floors":[],"current_hp_per_floor":[68,68,68,62,62,62,52,52,52,36,29,31,28,16,38,0,0],"gold":458,"neow_bonus":"TWO_FIFTY_GOLD","is_daily":false,"chose_seed":false,"campfire_upgraded":2,"win_rate":0.0,"timestamp":1611127563,"path_taken":["M","$","M","M","?","R","M","R","T","E","M","M","M","E","R","BOSS"],"items_purchased_type":[],"build_version":"2020-12-22","purchased_purges":1,"victory":false,"max_hp_per_floor":[68,68,68,68,68,68,68,68,68,68,71,74,74,74,74,74,74],"card_choices":[{"not_picked":["Thunderclap","Blood for Blood"],"picked":"Pommel Strike","floor":1},{"not_picked":["Entrench","Flex"],"picked":"Iron Wave","floor":3},{"not_picked":["Armaments","Warcry"],"picked":"Anger","floor":4},{"not_picked":["Iron Wave","Intimidate","Inflame"],"picked":"SKIP","floor":7},{"not_picked":["Iron Wave","Demon Form"],"picked":"Feed","floor":10},{"not_picked":["Sentinel","Body Slam","Anger"],"picked":"SKIP","floor":11},{"not_picked":["Rampage","Sword Boomerang","Disarm"],"picked":"SKIP","floor":12},{"not_picked":["True Grit","Headbutt","Havoc"],"picked":"SKIP","floor":13},{"not_picked":["Entrench","True Grit","Sever Soul"],"picked":"SKIP","floor":14}],"player_experience":1112434,"relics_obtained":[{"floor":9,"key":"Bronze Scales"},{"floor":10,"key":"Smiling Mask"},{"floor":14,"key":"Sundial"}],"event_choices":[{"damage_healed":0,"gold_gain":0,"player_choice":"Trade","damage_taken":0,"relics_obtained":["SsserpentHead"],"max_hp_gain":0,"max_hp_loss":0,"event_name":"FaceTrader","floor":5,"gold_loss":0}],"is_beta":false,"boss_relics":[],"items_purged_floors":[2],"is_endless":false,"potions_floor_spawned":[3,7,10,11,14],"killed_by":"Slime Boss","ascension_level":20}}