{"host":"7qoz5gmva6til3yp","time":1611155465,"event":{"mods":["AchievementEnabler","BaseMod","Minty Spire (QoL Compilation)","StSLib","SuperFastMode"],"gold_per_floor":[114,125,125,144,162,162,178,178,232,246,246,265,44,57,57,181,181,204,228,228,228],"floor_reached":20,"language":"KOR","playtime":710,"items_purged":["Strike_G"],"score":255,"play_id":"4e54a346-e9d8-4ac6-9ccc-2de0f802018f","local_time":"20210121001105","is_ascension_mode":true,"campfire_choices":[{"data":"Adrenaline","floor":6,"key":"SMITH"},{"data":"Prepared","floor":11,"key":"SMITH"},{"data":"Bouncing Flask","floor":15,"key":"SMITH"}],"circlet_count":0,"master_deck":["AscendersBane","Strike_G","Strike_G","Strike_G","Strike_G","Defend_G","Defend_G","Defend_G","Defend_G","Defend_G","Survivor","Neutralize","Adrenaline+1","Blade Dance","Masterful Stab","Prepared+1","Burst","Bouncing Flask+1","After Image","Cloak And Dagger"],"relics":["Ring of the Snake","Golden Idol","Nunchaku"],"acts_visited":["Exordium","TheCity"],"potions_floor_usage":[7,16,16,16,20],"damage_taken":[{"damage":1,"enemies":"2 Louse","floor":1,"turns":3},{"damage":0,"enemies":"Small Slimes","floor":2,"turns":3},{"damage":0,"enemies":"Jaw Worm","floor":4,"turns":4},{"damage":0,"enemies":"3 Louse","floor":5,"turns":3},{"damage":7,"enemies":"Exordium Wildlife","floor":7,"turns":4},{"damage":2,"enemies":"Lots of Slimes","floor":10,"turns":5},{"damage":0,"enemies":"2 Fungi Beasts","floor":12,"turns":3},{"damage":4,"enemies":"Exordium Thugs","floor":14,"turns":5},{"damage":26,"enemies":"Hexaghost","floor":16,"turns":8},{"damage":9,"enemies":"Shell Parasite","floor":18,"turns":5},{"damage":0,"enemies":"Chosen","floor":19,"turns":4},{"damage":56,"enemies":"Centurion and Healer","floor":20,"turns":13}],"seed_played":"7573727093211298582","potions_obtained":[{"floor":2,"key":"PowerPotion"},{"floor":5,"key":"CunningPotion"},{"floor":14,"key":"EntropicBrew"},{"floor":16,"key":"AttackPotion"}],"is_trial":false,"path_per_floor":["M","M","?","M","M","R","M","?","T","M","R","M","$","M","R","B",null,"M","M","M"],"character_chosen":"THE_SILENT","items_purchased":["Burst"],"campfire_rested":0,"item_purchase_floors":[13],"current_hp_per_floor":[62,62,45,45,45,45,38,43,43,41,41,41,41,37,37,11,59,50,50,0,0],"gold":228,"neow_bonus":"ONE_RANDOM_RARE_CARD","is_daily":false,"chose_seed":false,"campfire_upgraded":3,"win_rate":0.0,"timestamp":1611155465,"path_taken":["M","M","?","M","M","R","M","?","T","M","R","M","$","M","R","BOSS","M","M","M"],"items_purchased_type":["Card"],"build_version":"2020-12-22","purchased_purges":1,"victory":false,"max_hp_per_floor":[70,70,70,70,70,70,70,75,75,75,75,75,75,75,75,75,75,75,75,75,75],"card_choices":[{"not_picked":["Dagger Throw","Flechettes","Outmaneuver"],"picked":"SKIP","floor":1},{"not_picked":["Acrobatics","Outmaneuver"],"picked":"Blade Dance","floor":2},{"not_picked":["Acrobatics","Riddle With Holes"],"picked":"Masterful Stab","floor":4},{"not_picked":["Footwork","Caltrops"],"picked":"Prepared","floor":5},{"not_picked":["Masterful Stab","Predator","Poisoned Stab"],"picked":"SKIP","floor":7},{"not_picked":["Slice","Blur","Flechettes"],"picked":"SKIP","floor":10},{"not_picked":["Quick Slash","Slice","Poisoned Stab"],"picked":"SKIP","floor":12},{"not_picked":["Endless Agony","Prepared"],"picked":"Bouncing Flask","floor":14},{"not_picked":["Wraith Form v2","Die Die Die"],"picked":"After Image","floor":16},{"not_picked":["Dagger Spray","Caltrops+1","Deflect"],"picked":"SKIP","floor":18},{"not_picked":["Slice","Sucker Punch"],"picked":"Cloak And Dagger","floor":19}],"player_experience":408099,"relics_obtained":[{"floor":9,"key":"Nunchaku"}],"event_choices":[{"damage_healed":0,"gold_gain":0,"player_choice":"Take Damage","damage_taken":17,"relics_obtained":["Golden Idol"],"max_hp_gain":0,"max_hp_loss":0,"event_name":"Golden Idol","floor":3,"gold_loss":0},{"damage_healed":0,"gold_gain":0,"player_choice":"Donut","damage_taken":0,"max_hp_gain":5,"max_hp_loss":0,"event_name":"Big Fish","floor":8,"gold_loss":0}],"is_beta":false,"boss_relics":[{"not_picked":["Runic Dome","Velvet Choker","Fusion Hammer"]}],"items_purged_floors":[13],"is_endless":false,"potions_floor_spawned":[2,5,14,16,18],"killed_by":"Centurion and Healer","ascension_level":10}}