{"host":"78zdngn0u28jm0pp","time":1611101190,"event":{"mods":["BaseMod","Jorbs\u0027s Wanderer Trilogy","Minty Spire (QoL Compilation)","Permanent Neow","Quick Restart","Relic Stats","StSLib","Unceasing Turn Reminder"],"gold_per_floor":[111,131,144,94,148,176,33,61,131,162,178,24,24,44,44,139,139,151,151,165,180,180,180,213,232,232,260,271,306,306,317,317,421,421,437,453,68,85,132,164,195,228,252,266,266,266,295,310,310,310,310,310,8,41,41,41],"floor_reached":55,"language":"ENG","playtime":6191,"items_purged":["Defend_R","Cleave"],"score":1228,"play_id":"9acf30ec-4190-4fb0-9ea9-dbb4034211a6","local_time":"20210119170630","is_ascension_mode":true,"campfire_choices":[{"data":"Berserk","floor":13,"key":"SMITH"},{"data":"Uppercut","floor":15,"key":"SMITH"},{"data":"Evolve","floor":23,"key":"SMITH"},{"data":"Corruption","floor":32,"key":"SMITH"},{"floor":46,"key":"RECALL"},{"data":"Brutality","floor":49,"key":"SMITH"},{"data":"Barricade","floor":52,"key":"SMITH"}],"circlet_count":0,"master_deck":["Sword Boomerang","Berserk+1","Shrug It Off","True Grit+1","Shrug It Off+1","Evolve+1","Whirlwind","Uppercut+1","Feel No Pain","Reckless Charge","Offering","Seeing Red","Pommel Strike","Flame Barrier","Brutality+1","Corruption+1","Carnage","Iron Wave","Feel No Pain","Pummel+1","Second Wind","Battle Trance","Fire Breathing","Second Wind+1","Rage","Barricade+1","Pommel Strike+1","Demon Form+1","Reckless Charge+1","Juggernaut+1","Body Slam+1","Spot Weakness","Warcry","Power Through+1","Juggernaut+1"],"relics":["Burning Blood","Smiling Mask","Omamori","Lizard Tail","War Paint","White Beast Statue","Mummified Hand","Pandora\u0027s Box","Gambling Chip","Molten Egg 2","Toy Ornithopter","TungstenRod","Cursed Key","Frozen Egg 2","WingedGreaves","Oddly Smooth Stone","Darkstone Periapt","Ancient Tea Set","Gremlin Horn","Juzu Bracelet","Chemical X","HornCleat"],"acts_visited":["Exordium","TheCity","TheBeyond","TheEnding"],"potions_floor_usage":[10,16,16,20,21,24,24,24,27,27,28,31,33,36,38,38,39,41,42,44,47,50,50,55,55],"damage_taken":[{"damage":4,"enemies":"2 Louse","floor":1,"turns":3},{"damage":7,"enemies":"Jaw Worm","floor":2,"turns":3},{"damage":1,"enemies":"Cultist","floor":3,"turns":3},{"damage":28,"enemies":"Gremlin Nob","floor":6,"turns":4},{"damage":30,"enemies":"Lagavulin","floor":8,"turns":7},{"damage":47,"enemies":"Gremlin Nob","floor":10,"turns":5},{"damage":6,"enemies":"Looter","floor":11,"turns":4},{"damage":12,"enemies":"2 Fungi Beasts","floor":14,"turns":4},{"damage":17,"enemies":"The Guardian","floor":16,"turns":11},{"damage":10,"enemies":"Spheric Guardian","floor":18,"turns":5},{"damage":7,"enemies":"2 Thieves","floor":20,"turns":2},{"damage":4,"enemies":"Cultist and Chosen","floor":21,"turns":5},{"damage":11,"enemies":"Slavers","floor":24,"turns":3},{"damage":5,"enemies":"Snecko","floor":25,"turns":4},{"damage":7,"enemies":"Book of Stabbing","floor":27,"turns":4},{"damage":16,"enemies":"Centurion and Healer","floor":28,"turns":7},{"damage":9,"enemies":"Gremlin Leader","floor":29,"turns":5},{"damage":22,"enemies":"Snake Plant","floor":31,"turns":3},{"damage":6,"enemies":"Automaton","floor":33,"turns":8},{"damage":14,"enemies":"3 Darklings","floor":35,"turns":5},{"damage":10,"enemies":"3 Shapes","floor":36,"turns":7},{"damage":28,"enemies":"Jaw Worm Horde","floor":38,"turns":4},{"damage":14,"enemies":"2 Orb Walkers","floor":39,"turns":3},{"damage":0,"enemies":"Nemesis","floor":40,"turns":5},{"damage":6,"enemies":"Giant Head","floor":41,"turns":3},{"damage":5,"enemies":"Reptomancer","floor":42,"turns":5},{"damage":26,"enemies":"3 Darklings","floor":44,"turns":3},{"damage":9,"enemies":"Nemesis","floor":47,"turns":4},{"damage":5,"enemies":"Maw","floor":48,"turns":4},{"damage":37,"enemies":"Awakened One","floor":50,"turns":5},{"damage":68,"enemies":"Shield and Spear","floor":54,"turns":3},{"damage":58,"enemies":"The Heart","floor":55,"turns":3}],"seed_played":"16541806237430503","potions_obtained":[{"floor":8,"key":"DistilledChaos"},{"floor":10,"key":"AttackPotion"},{"floor":11,"key":"SneckoOil"},{"floor":14,"key":"LiquidBronze"},{"floor":16,"key":"PowerPotion"},{"floor":18,"key":"SteroidPotion"},{"floor":20,"key":"FearPotion"},{"floor":21,"key":"Strength Potion"},{"floor":24,"key":"ColorlessPotion"},{"floor":25,"key":"SteroidPotion"},{"floor":27,"key":"LiquidBronze"},{"floor":28,"key":"AttackPotion"},{"floor":29,"key":"CultistPotion"},{"floor":31,"key":"BlessingOfTheForge"},{"floor":33,"key":"PowerPotion"},{"floor":35,"key":"FearPotion"},{"floor":36,"key":"Ancient Potion"},{"floor":38,"key":"BloodPotion"},{"floor":39,"key":"PowerPotion"},{"floor":40,"key":"SkillPotion"},{"floor":41,"key":"AttackPotion"},{"floor":42,"key":"SkillPotion"},{"floor":44,"key":"Energy Potion"},{"floor":47,"key":"Strength Potion"},{"floor":48,"key":"BloodPotion"},{"floor":54,"key":"LiquidMemories"}],"is_trial":false,"path_per_floor":["M","M","M","?","T","E","$","E","T","E","M","$","R","M","R","B",null,"M","?","M","M","?","R","E","M","T","E","M","E","?","M","R","B",null,"M","M","$","M","?","E","E","E","T","M","T","R","E","M","R","B",null,"R","$","E","B"],"character_chosen":"IRONCLAD","items_purchased":["Shrug It Off","True Grit","Uppercut","Feel No Pain","Frozen Egg 2","Demon Form+1","Juggernaut+1","Chemical X"],"campfire_rested":0,"item_purchase_floors":[7,7,12,12,37,37,53,53],"current_hp_per_floor":[80,79,80,80,80,58,58,34,34,46,46,46,46,40,40,29,67,63,63,62,64,64,64,59,60,60,59,54,51,51,40,40,45,71,63,64,64,52,49,55,60,66,66,51,51,51,69,70,70,65,76,76,76,14,0,0],"gold":41,"neow_bonus":"RANDOM_COMMON_RELIC","is_daily":false,"chose_seed":false,"campfire_upgraded":6,"win_rate":0.0,"timestamp":1611101190,"path_taken":["M","M","M","?","?","E","$","E","T","E","M","$","R","M","R","BOSS","M","?","?","M","?","R","E","M","T","E","M","E","?","M","R","BOSS","M","M","$","M","?","E","E","E","T","M","?","R","E","M","R","BOSS","R","$","E","BOSS"],"items_purchased_type":["Card","Card","Card","Card","Relic","Card","Card","Relic"],"build_version":"2020-12-22","purchased_purges":2,"victory":false,"max_hp_per_floor":[80,80,80,80,80,80,80,80,80,80,80,80,80,80,80,80,80,80,80,80,80,80,80,80,80,80,80,80,80,80,80,80,80,80,80,80,80,80,80,80,80,80,80,80,80,80,80,80,80,80,80,80,80,80,80,80],"relic_stats":{"Darkstone Periapt":0,"Gremlin Horn":[3,3],"counters":[32,144],"Juzu Bracelet":0,"War Paint":["Shrug It Off","True Grit"],"Smiling Mask":75,"Cursed Key":2,"Burning Blood":180,"Lizard Tail":40,"Mummified Hand":[216],"Gambling Chip":[46],"Pandora\u0027s Box":["Seeing Red","Cleave","Pommel Strike","Flame Barrier","Brutality","Corruption","Carnage"],"Chemical X":[2],"obtain_stats":[{"Darkstone Periapt":41,"Gremlin Horn":45,"Oddly Smooth Stone":40,"Omamori":5,"Juzu Bracelet":47,"War Paint":8,"Frozen Egg 2":37,"Smiling Mask":0,"Cursed Key":34,"Ancient Tea Set":42,"Burning Blood":0,"White Beast Statue":9,"Lizard Tail":6,"HornCleat":54,"Mummified Hand":10,"Gambling Chip":24,"Pandora\u0027s Box":17,"Molten Egg 2":26,"WingedGreaves":39,"Chemical X":53,"Toy Ornithopter":27,"TungstenRod":29},{"Darkstone Periapt":25,"Gremlin Horn":27,"Oddly Smooth Stone":24,"Omamori":3,"Juzu Bracelet":28,"War Paint":5,"Frozen Egg 2":21,"Smiling Mask":0,"Cursed Key":19,"Ancient Tea Set":26,"Burning Blood":0,"White Beast Statue":5,"Lizard Tail":4,"HornCleat":31,"Mummified Hand":6,"Gambling Chip":13,"Pandora\u0027s Box":9,"Molten Egg 2":14,"WingedGreaves":23,"Chemical X":30,"Toy Ornithopter":15,"TungstenRod":17},{"Darkstone Periapt":117,"Gremlin Horn":125,"Oddly Smooth Stone":114,"Omamori":9,"Juzu Bracelet":129,"War Paint":20,"Frozen Egg 2":102,"Smiling Mask":0,"Cursed Key":90,"Ancient Tea Set":122,"Burning Blood":0,"White Beast Statue":20,"Lizard Tail":13,"HornCleat":141,"Mummified Hand":25,"Gambling Chip":59,"Pandora\u0027s Box":44,"Molten Egg 2":63,"WingedGreaves":109,"Chemical X":138,"Toy Ornithopter":67,"TungstenRod":79}],"Toy Ornithopter":75,"TungstenRod":79},"card_choices":[{"not_picked":["Heavy Blade","Flame Barrier"],"picked":"Sword Boomerang","floor":1},{"not_picked":["Power Through","Bloodletting"],"picked":"Clash","floor":2},{"not_picked":["Sentinel","Clash","Warcry"],"picked":"SKIP","floor":3},{"not_picked":["Entrench","Flame Barrier"],"picked":"Berserk","floor":6},{"not_picked":["Clothesline","Intimidate"],"picked":"Shrug It Off","floor":8},{"not_picked":["Whirlwind","Sever Soul"],"picked":"Evolve","floor":10},{"not_picked":["Sentinel","True Grit"],"picked":"Whirlwind","floor":11},{"not_picked":["Combust","Twin Strike"],"picked":"Reckless Charge","floor":14},{"not_picked":["Berserk","Reaper"],"picked":"Offering","floor":16},{"not_picked":["Cleave","Havoc"],"picked":"Iron Wave","floor":18},{"not_picked":["Shockwave","Dual Wield","Clothesline"],"picked":"SKIP","floor":20},{"not_picked":["Armaments","Twin Strike"],"picked":"Pummel+1","floor":21},{"not_picked":["Wild Strike+1","Heavy Blade"],"picked":"Second Wind","floor":24},{"not_picked":["Headbutt+1","Iron Wave"],"picked":"Battle Trance","floor":25},{"not_picked":["Offering","Clash+1"],"picked":"Fire Breathing","floor":27},{"not_picked":["Uppercut+1","Armaments","Rampage+1"],"picked":"SKIP","floor":28},{"not_picked":["Wild Strike+1","Carnage+1"],"picked":"Second Wind+1","floor":29},{"not_picked":["Body Slam+1","Dropkick+1"],"picked":"Rage","floor":31},{"not_picked":["Exhume","Demon Form"],"picked":"Barricade","floor":33},{"not_picked":["Flex+1","Whirlwind+1"],"picked":"Pommel Strike+1","floor":35},{"not_picked":["Metallicize","Rampage+1","Sword Boomerang+1"],"picked":"SKIP","floor":36},{"not_picked":["Inflame+1","Cleave+1","Anger+1"],"picked":"SKIP","floor":38},{"not_picked":["Burning Pact","Blood for Blood+1"],"picked":"Reckless Charge+1","floor":39},{"not_picked":["Warcry+1","Pommel Strike+1"],"picked":"Juggernaut+1","floor":40},{"not_picked":["Wild Strike+1","Barricade+1"],"picked":"Body Slam+1","floor":41},{"not_picked":["Rupture+1","Rage"],"picked":"Spot Weakness","floor":42},{"not_picked":["True Grit+1","Perfected Strike+1"],"picked":"Warcry","floor":44},{"not_picked":["Cleave+1","True Grit+1"],"picked":"Power Through+1","floor":47},{"not_picked":["Second Wind+1","Cleave+1","Wild Strike+1"],"picked":"SKIP","floor":48},{"not_picked":["Carnage+1","Cleave+1","Wild Strike+1"],"picked":"SKIP","floor":54}],"player_experience":779478,"relics_obtained":[{"floor":5,"key":"Omamori"},{"floor":6,"key":"Lizard Tail"},{"floor":8,"key":"War Paint"},{"floor":9,"key":"White Beast Statue"},{"floor":10,"key":"Mummified Hand"},{"floor":24,"key":"Gambling Chip"},{"floor":26,"key":"Molten Egg 2"},{"floor":27,"key":"Toy Ornithopter"},{"floor":29,"key":"TungstenRod"},{"floor":39,"key":"WingedGreaves"},{"floor":40,"key":"Oddly Smooth Stone"},{"floor":41,"key":"Darkstone Periapt"},{"floor":42,"key":"Ancient Tea Set"},{"floor":45,"key":"Gremlin Horn"},{"floor":47,"key":"Juzu Bracelet"},{"floor":54,"key":"HornCleat"}],"event_choices":[{"cards_removed":["Strike_R"],"damage_healed":0,"gold_gain":0,"player_choice":"Card Removal","damage_taken":0,"max_hp_gain":0,"max_hp_loss":0,"event_name":"The Cleric","floor":4,"gold_loss":50},{"damage_healed":0,"gold_gain":0,"cards_transformed":["Clash"],"player_choice":"Transformed","damage_taken":0,"max_hp_gain":0,"max_hp_loss":0,"event_name":"Transmorgrifier","floor":19,"gold_loss":0,"cards_obtained":["Feel No Pain"]},{"damage_healed":0,"gold_gain":0,"player_choice":"Ignored","damage_taken":0,"max_hp_gain":0,"max_hp_loss":0,"event_name":"Vampires","floor":22,"gold_loss":0},{"cards_removed":["Bash"],"damage_healed":0,"gold_gain":0,"player_choice":"Elegance","damage_taken":0,"max_hp_gain":0,"max_hp_loss":0,"event_name":"Back to Basics","floor":30,"gold_loss":0},{"damage_healed":0,"gold_gain":0,"player_choice":"Fight","damage_taken":0,"max_hp_gain":0,"max_hp_loss":0,"event_name":"Mysterious Sphere","floor":39,"gold_loss":0}],"is_beta":false,"boss_relics":[{"not_picked":["Tiny House","Busted Crown"],"picked":"Pandora\u0027s Box"},{"not_picked":["Sozu","Runic Dome"],"picked":"Cursed Key"}],"items_purged_floors":[7,37],"is_endless":false,"potions_floor_spawned":[8,10,11,14,16,18,20,21,24,25,27,28,29,31,33,35,36,38,39,40,41,42,44,47,48,54],"killed_by":"The Heart","ascension_level":5}}