{"host":"6mgmpue98l61x61q","time":1611186703,"event":{"mods":["BaseMod","Colored Map","Minty Spire (QoL Compilation)","Relic Stats"],"gold_per_floor":[115,115,127,127,100,131,131,164,164,164,183,183,203,222,222,318,318,318,303,303,303,303,303,303,303,303],"floor_reached":25,"language":"ENG","playtime":1574,"items_purged":[],"score":342,"play_id":"c57037ef-6dac-4e72-8ae3-dd090ecdff95","local_time":"20210120175143","is_ascension_mode":true,"campfire_choices":[{"data":"BowlingBash","floor":7.0,"key":"SMITH"},{"floor":10.0,"key":"REST"},{"floor":12.0,"key":"REST"},{"data":"Conclude","floor":15.0,"key":"SMITH"},{"floor":23.0,"key":"REST"}],"circlet_count":0,"master_deck":["Strike_P","Strike_P","Strike_P","Defend_P","Defend_P","Defend_P","Defend_P","Eruption+1","Vigilance+1","EmptyBody","BowlingBash+1","Prostrate","JustLucky","Conclude+1","CutThroughFate","ReachHeaven","Pray","DevaForm","Sanctity+1","ClearTheMind","EmptyMind+1"],"relics":["PureWater","Kunai","Dead Branch","Happy Flower","Ectoplasm"],"acts_visited":["Exordium","TheCity"],"potions_floor_usage":[],"damage_taken":[{"damage":0.0,"enemies":"Jaw Worm","floor":1.0,"turns":2.0},{"damage":0.0,"enemies":"Small Slimes","floor":3.0,"turns":2.0},{"damage":21.0,"enemies":"3 Sentries","floor":6.0,"turns":6.0},{"damage":28.0,"enemies":"Gremlin Nob","floor":8.0,"turns":4.0},{"damage":0.0,"enemies":"2 Louse","floor":11.0,"turns":2.0},{"damage":0.0,"enemies":"2 Fungi Beasts","floor":13.0,"turns":2.0},{"damage":0.0,"enemies":"Lots of Slimes","floor":14.0,"turns":1.0},{"damage":0.0,"enemies":"Slime Boss","floor":16.0,"turns":6.0},{"damage":10.0,"enemies":"3 Byrds","floor":18.0,"turns":5.0},{"damage":13.0,"enemies":"2 Thieves","floor":19.0,"turns":2.0},{"damage":42.0,"enemies":"Shelled Parasite and Fungi","floor":22.0,"turns":5.0},{"damage":20.0,"enemies":"3 Cultists","floor":24.0,"turns":4.0},{"damage":25,"enemies":"Cultist and Chosen","floor":25,"turns":4}],"seed_played":"-8881448319222015391","potions_obtained":[{"floor":1.0,"key":"DuplicationPotion"},{"floor":11.0,"key":"ColorlessPotion"},{"floor":13.0,"key":"DuplicationPotion"},{"floor":14.0,"key":"CultistPotion"},{"floor":19.0,"key":"Regen Potion"}],"is_trial":false,"path_per_floor":["M","?","M","?","$","E","R","E","T","R","M","R","M","M","R","B",null,"M","M","?","?","M","R","M","M"],"character_chosen":"WATCHER","items_purchased":["Prostrate"],"campfire_rested":3,"item_purchase_floors":[5],"current_hp_per_floor":[65,65,65,65,65,44,44,16,16,37,37,58,58,58,58,58,69,59,46,46,46,9,30,10,0,0],"gold":303,"neow_bonus":"UPGRADE_CARD","is_daily":false,"chose_seed":false,"campfire_upgraded":2,"win_rate":0.0,"timestamp":1611186703,"path_taken":["M","?","M","?","$","E","R","E","T","R","M","R","M","M","R","BOSS","M","M","?","?","?","R","M","M"],"items_purchased_type":["Card"],"build_version":"2020-12-22","purchased_purges":0,"victory":false,"max_hp_per_floor":[72,72,72,72,72,72,72,72,72,72,72,72,72,72,72,72,72,72,72,72,72,72,72,72,72,72],"relic_stats":{"Happy Flower":[10],"counters":[13,45],"Dead Branch":[17],"Ectoplasm":68,"Kunai":[15],"obtain_stats":[{"Happy Flower":9,"Dead Branch":8,"Ectoplasm":17,"Kunai":6,"PureWater":0},{"Happy Flower":4,"Dead Branch":4,"Ectoplasm":8,"Kunai":3,"PureWater":0},{"Happy Flower":14,"Dead Branch":14,"Ectoplasm":25,"Kunai":10,"PureWater":0}]},"card_choices":[{"not_picked":["Nirvana","Wireheading"],"picked":"EmptyBody","floor":1.0},{"not_picked":["Consecrate","Swivel"],"picked":"BowlingBash","floor":3.0},{"not_picked":["Weave","FlurryOfBlows"],"picked":"JustLucky","floor":6.0},{"not_picked":["SashWhip","FollowUp"],"picked":"Conclude","floor":8.0},{"not_picked":["BowlingBash","WreathOfFlame"],"picked":"CutThroughFate","floor":11.0},{"not_picked":["SashWhip","EmptyBody"],"picked":"ReachHeaven","floor":13.0},{"not_picked":["PathToVictory","Evaluate"],"picked":"Pray","floor":14.0},{"not_picked":["Judgement","Vault"],"picked":"DevaForm","floor":16.0},{"not_picked":["BowlingBash","EmptyFist"],"picked":"Sanctity+1","floor":18.0},{"not_picked":["Evaluate","ThirdEye"],"picked":"ClearTheMind","floor":19.0},{"not_picked":["PathToVictory+1","FollowUp","FlyingSleeves"],"picked":"SKIP","floor":22.0},{"not_picked":["ThirdEye","Vengeance"],"picked":"EmptyMind+1","floor":24}],"player_experience":595743,"relics_obtained":[{"floor":6.0,"key":"Kunai"},{"floor":8.0,"key":"Dead Branch"},{"floor":9.0,"key":"Happy Flower"}],"event_choices":[{"damage_healed":0.0,"max_hp_gain":0.0,"max_hp_loss":0.0,"gold_gain":0.0,"event_name":"Living Wall","player_choice":"Grow","floor":2.0,"gold_loss":0.0,"damage_taken":0.0,"cards_upgraded":["Vigilance"]},{"damage_healed":0.0,"max_hp_gain":0.0,"max_hp_loss":0.0,"gold_gain":0.0,"event_name":"The Cleric","player_choice":"Leave","floor":4.0,"gold_loss":0.0,"damage_taken":0.0},{"damage_healed":0.0,"max_hp_gain":0.0,"max_hp_loss":0.0,"gold_gain":0.0,"event_name":"Ghosts","player_choice":"Ignored","floor":20.0,"gold_loss":0.0,"damage_taken":0.0},{"cards_removed":["Strike_P"],"damage_healed":0.0,"max_hp_gain":0.0,"max_hp_loss":0.0,"gold_gain":0.0,"event_name":"Purifier","player_choice":"Purged","floor":21.0,"gold_loss":0.0,"damage_taken":0.0}],"is_beta":false,"boss_relics":[{"not_picked":["Empty Cage","Cursed Key"],"picked":"Ectoplasm"}],"items_purged_floors":[],"is_endless":false,"potions_floor_spawned":[1,11,13,14,18,19],"killed_by":"Cultist and Chosen","ascension_level":6}}