{"host":"bg8va46pgqgvtzim","time":1611134002,"event":{"mods":["BaseMod","Minty Spire (QoL Compilation)","Quick Restart","StSLib","SuperFastMode"],"gold_per_floor":[118,7,7,7,25,50,50,61,86,118,118,152,167,182,182,284,284,295,394,394,254,254,279,279,290,316,369,369,382,414,78,78,182,182,202,220,220,230,246,246,271,196,196,210,245,245,275,285,285,285,285,285,1,35,35],"floor_reached":56,"language":"ZHS","playtime":1847,"items_purged":["Defend_P","SignatureMove","Defend_P","Defend_P","Defend_P"],"score":1736,"play_id":"37db01dd-5710-4bd9-ae84-66deb11de48e","local_time":"20210120171322","is_ascension_mode":true,"campfire_choices":[{"data":"Eruption","floor":7.0,"key":"SMITH"},{"data":"Prostrate","floor":15.0,"key":"SMITH"},{"data":"Scrawl","floor":24,"key":"SMITH"},{"data":"Adaptation","floor":28,"key":"SMITH"},{"data":"MentalFortress","floor":32,"key":"SMITH"},{"floor":40,"key":"RECALL"},{"floor":46,"key":"REST"},{"floor":49,"key":"REST"},{"floor":52,"key":"REST"}],"circlet_count":0,"master_deck":["Eruption+1","Vigilance","FlurryOfBlows","Indignation+1","Prostrate+1","Adaptation+1","Halt+1","Halt","Scrawl+1","Weave+1","Pray+1","Brilliance+1","InnerPeace+1","MentalFortress+1","Collect+1","FlurryOfBlows","DevaForm+1","Fasting2"],"relics":["Runic Pyramid","Boot","Kunai","Omamori","Damaru","Centennial Puzzle","Astrolabe","Nilry\u0027s Codex","MealTicket","War Paint","Toy Ornithopter","Potion Belt","Membership Card","Bottled Lightning","Fusion Hammer","Lantern","TeardropLocket","Yang","Vajra","Medical Kit","Bag of Preparation","Akabeko"],"acts_visited":["Exordium","TheCity","TheBeyond","TheEnding"],"potions_floor_usage":[23,41,55,55,55],"damage_taken":[{"damage":0.0,"enemies":"Jaw Worm","floor":1.0,"turns":2.0},{"damage":5.0,"enemies":"Small Slimes","floor":5.0,"turns":3.0},{"damage":16.0,"enemies":"Gremlin Nob","floor":6.0,"turns":3.0},{"damage":0.0,"enemies":"2 Louse","floor":8.0,"turns":2.0},{"damage":7.0,"enemies":"3 Sentries","floor":10.0,"turns":4.0},{"damage":0.0,"enemies":"Lagavulin","floor":12.0,"turns":4.0},{"damage":3.0,"enemies":"Exordium Wildlife","floor":13.0,"turns":2.0},{"damage":1.0,"enemies":"Lots of Slimes","floor":14.0,"turns":4.0},{"damage":0.0,"enemies":"Slime Boss","floor":16.0,"turns":3.0},{"damage":0.0,"enemies":"3 Byrds","floor":18.0,"turns":3.0},{"damage":14,"enemies":"Gremlin Leader","floor":23,"turns":3},{"damage":0,"enemies":"Chosen","floor":25,"turns":4},{"damage":0,"enemies":"Centurion and Healer","floor":29,"turns":3},{"damage":0,"enemies":"Book of Stabbing","floor":30,"turns":3},{"damage":0,"enemies":"Automaton","floor":33,"turns":5},{"damage":0,"enemies":"Orb Walker","floor":35,"turns":2},{"damage":0,"enemies":"3 Shapes","floor":36,"turns":2},{"damage":0,"enemies":"Maw","floor":38,"turns":4},{"damage":0,"enemies":"Writhing Mass","floor":39,"turns":4},{"damage":0,"enemies":"Giant Head","floor":41,"turns":3},{"damage":0,"enemies":"4 Shapes","floor":44,"turns":3},{"damage":0,"enemies":"Reptomancer","floor":45,"turns":2},{"damage":0,"enemies":"Nemesis","floor":47,"turns":3},{"damage":0,"enemies":"Transient","floor":48,"turns":5},{"damage":0,"enemies":"Time Eater","floor":50,"turns":4},{"damage":0,"enemies":"Shield and Spear","floor":54,"turns":2},{"damage":0,"enemies":"The Heart","floor":55,"turns":5}],"seed_played":"8927388706531203571","potions_obtained":[{"floor":5.0,"key":"SteroidPotion"},{"floor":6.0,"key":"BottledMiracle"},{"floor":10.0,"key":"SteroidPotion"},{"floor":13.0,"key":"Fruit Juice"},{"floor":29,"key":"Explosive Potion"},{"floor":30,"key":"AttackPotion"},{"floor":36,"key":"Strength Potion"},{"floor":41,"key":"Block Potion"},{"floor":44,"key":"BlessingOfTheForge"}],"is_trial":false,"path_per_floor":["M","$","?","?","M","E","R","M","T","E","?","E","M","M","R","B",null,"M","?","?","$","?","E","R","M","T","T","R","M","E","$","R","B",null,"M","M","?","M","M","R","E","$","T","M","E","R","E","M","R","B",null,"R","$","E","B",null],"character_chosen":"WATCHER","items_purchased":["Indignation","MentalFortress","Membership Card","Bottled Lightning","Medical Kit","Bag of Preparation","Fasting2"],"campfire_rested":3,"item_purchase_floors":[2,21,31,31,53,53,53],"current_hp_per_floor":[72,72,47,47,42,26,26,26,26,19,19,19,16,15,15,15,72,72,72,56,56,56,42,42,42,42,42,42,42,42,57,57,57,72,72,72,72,72,72,72,77,77,77,77,77,77,77,77,77,77,77,77,77,77,77],"gold":35,"neow_bonus":"BOSS_RELIC","is_daily":false,"chose_seed":false,"campfire_upgraded":5,"win_rate":0.0,"timestamp":1611134002,"path_taken":["M","$","?","?","M","E","R","M","T","E","?","E","M","M","R","BOSS","M","?","?","$","?","E","R","M","T","?","R","?","E","$","R","BOSS","M","M","?","M","?","R","E","$","T","M","E","R","E","M","R","BOSS","R","$","E","BOSS"],"items_purchased_type":["Card","Card","Relic","Relic","Relic","Relic","Card"],"build_version":"2020-12-22","purchased_purges":5,"victory":true,"max_hp_per_floor":[72,72,72,72,72,72,72,72,72,72,72,72,72,72,72,72,72,72,72,72,72,72,72,72,72,72,72,72,72,72,72,72,72,72,72,72,72,72,72,72,77,77,77,77,77,77,77,77,77,77,77,77,77,77,77],"card_choices":[{"not_picked":["CutThroughFate","MentalFortress"],"picked":"FlurryOfBlows","floor":1.0},{"not_picked":["Wallop","WaveOfTheHand","FollowUp"],"picked":"SKIP","floor":5.0},{"not_picked":["SandsOfTime","Collect"],"picked":"Prostrate","floor":6.0},{"not_picked":["Halt","DeceiveReality"],"picked":"Adaptation","floor":8.0},{"not_picked":["Worship","FlyingSleeves","ForeignInfluence"],"picked":"SKIP","floor":10.0},{"not_picked":["Wallop","Protect","BowlingBash"],"picked":"SKIP","floor":12.0},{"not_picked":["Worship","Consecrate"],"picked":"Halt","floor":13.0},{"not_picked":["Crescendo","Protect"],"picked":"Halt","floor":14.0},{"not_picked":["ConjureBlade","MasterReality"],"picked":"Scrawl","floor":16.0},{"not_picked":["Protect","JustLucky"],"picked":"InnerPeace+1","floor":18.0},{"not_picked":["EmptyFist","Halt"],"picked":"Collect+1","floor":23},{"not_picked":["JustLucky+1","Halt","CrushJoints"],"picked":"SKIP","floor":25},{"not_picked":["Protect+1","SashWhip"],"picked":"FlurryOfBlows","floor":29},{"not_picked":["JustLucky","EmptyFist","WaveOfTheHand"],"picked":"SKIP","floor":30},{"not_picked":["Judgement","Scrawl"],"picked":"DevaForm","floor":33},{"not_picked":["PathToVictory+1","CrushJoints","BowlingBash+1"],"picked":"SKIP","floor":35},{"not_picked":["ReachHeaven","BattleHymn","Protect"],"picked":"SKIP","floor":36},{"not_picked":["WindmillStrike","EmptyBody+1","ClearTheMind"],"picked":"SKIP","floor":38},{"not_picked":["Study","FearNoEvil+1","Blasphemy"],"picked":"SKIP","floor":39},{"not_picked":["WindmillStrike+1","FlyingSleeves","Crescendo+1"],"picked":"SKIP","floor":41},{"not_picked":["BowlingBash","Evaluate","EmptyBody"],"picked":"SKIP","floor":44},{"not_picked":["Indignation","Consecrate+1","FlurryOfBlows"],"picked":"SKIP","floor":45},{"not_picked":["ReachHeaven+1","FollowUp","WheelKick"],"picked":"SKIP","floor":47},{"not_picked":["SignatureMove+1","PathToVictory","WindmillStrike"],"picked":"SKIP","floor":48},{"not_picked":["Conclude+1","DevaForm","Adaptation"],"picked":"SKIP","floor":54}],"player_experience":2282731,"relics_obtained":[{"floor":6.0,"key":"Kunai"},{"floor":9.0,"key":"Omamori"},{"floor":10.0,"key":"Damaru"},{"floor":12.0,"key":"Centennial Puzzle"},{"floor":20.0,"key":"Nilry\u0027s Codex"},{"floor":23,"key":"War Paint"},{"floor":26,"key":"Toy Ornithopter"},{"floor":30,"key":"Potion Belt"},{"floor":41,"key":"Lantern"},{"floor":43,"key":"TeardropLocket"},{"floor":45,"key":"Yang"},{"floor":47,"key":"Vajra"},{"floor":54,"key":"Akabeko"}],"event_choices":[{"damage_healed":0.0,"max_hp_gain":0.0,"max_hp_loss":0.0,"gold_gain":0.0,"event_name":"Scrap Ooze","player_choice":"Success","floor":3.0,"gold_loss":0.0,"damage_taken":25.0,"relics_obtained":["Boot"]},{"damage_healed":0.0,"max_hp_gain":0.0,"max_hp_loss":0.0,"gold_gain":0.0,"cards_transformed":["Strike_P"],"event_name":"Living Wall","player_choice":"Change","floor":4.0,"gold_loss":0.0,"damage_taken":0.0,"cards_obtained":["SignatureMove"]},{"damage_healed":0.0,"max_hp_gain":0.0,"max_hp_loss":0.0,"gold_gain":0.0,"event_name":"Shining Light","player_choice":"Ignored","floor":11.0,"gold_loss":0.0,"damage_taken":0.0},{"damage_healed":0.0,"max_hp_gain":0.0,"max_hp_loss":0.0,"gold_gain":99.0,"event_name":"Nest","player_choice":"Stole From Cult","floor":19.0,"gold_loss":0.0,"damage_taken":0.0},{"damage_healed":0.0,"max_hp_gain":0.0,"max_hp_loss":0.0,"gold_gain":0.0,"event_name":"Cursed Tome","player_choice":"Obtained Book","floor":20.0,"gold_loss":0.0,"damage_taken":16.0},{"damage_healed":0.0,"max_hp_gain":0.0,"max_hp_loss":0.0,"gold_gain":0.0,"event_name":"The Mausoleum","player_choice":"Opened","floor":22.0,"gold_loss":0.0,"damage_taken":0.0,"relics_obtained":["MealTicket"]},{"damage_healed":0,"gold_gain":0,"player_choice":"Forge","damage_taken":0,"max_hp_gain":0,"max_hp_loss":0,"event_name":"Accursed Blacksmith","floor":37,"gold_loss":0,"cards_upgraded":["DevaForm"]}],"is_beta":false,"boss_relics":[{"not_picked":["Empty Cage","VioletLotus"],"picked":"Astrolabe"},{"not_picked":["Philosopher\u0027s Stone","Tiny House"],"picked":"Fusion Hammer"}],"items_purged_floors":[2,21,31,42,53],"is_endless":false,"potions_floor_spawned":[5,6,10,13,29,30,36,41,44,45,48],"ascension_level":1}}