{"host":"840yoaz69lavfcgt","time":1611182004,"event":{"mods":["BaseMod","Colored Powertips","DeckTracker","Highlight Path","Minty Spire (QoL Compilation)","Synergy Search"],"gold_per_floor":[112,112,112,130,7,40,58,90,90,55,67,67,98,108,108,207,207,218,143,143,418,418,418,418],"floor_reached":23,"language":"ENG","playtime":1438,"items_purged":[],"score":207,"play_id":"3fab393a-9a1d-4f14-b180-ec2fa96ede9b","local_time":"20210120173324","is_ascension_mode":false,"campfire_choices":[{"floor":12,"key":"REST"},{"data":"Consume","floor":15,"key":"SMITH"}],"circlet_count":0,"master_deck":["Strike_B","Strike_B","Strike_B","Strike_B","Defend_B","Defend_B+1","Defend_B","Defend_B","Zap","Dualcast+1","Cold Snap","Stack","Static Discharge","FTL","Consume+1","Double Energy+1","Gash","Echo Form","Chill+1","Regret"],"relics":["Cracked Core","Smiling Mask","Juzu Bracelet","Bottled Flame","Blood Vial","Pen Nib","Toxic Egg 2","Inserter","Nilry\u0027s Codex","Calipers"],"acts_visited":["Exordium","TheCity"],"potions_floor_usage":[8,8,16,16,23,23],"damage_taken":[{"damage":0,"enemies":"2 Louse","floor":1,"turns":2},{"damage":0,"enemies":"Jaw Worm","floor":4,"turns":4},{"damage":17,"enemies":"3 Sentries","floor":6,"turns":10},{"damage":0,"enemies":"Cultist","floor":7,"turns":3},{"damage":22,"enemies":"Lagavulin","floor":8,"turns":6},{"damage":0,"enemies":"2 Fungi Beasts","floor":11,"turns":3},{"damage":11,"enemies":"3 Sentries","floor":13,"turns":8},{"damage":2,"enemies":"Blue Slaver","floor":14,"turns":3},{"damage":46,"enemies":"The Guardian","floor":16,"turns":8},{"damage":42,"enemies":"Spheric Guardian","floor":18,"turns":6},{"damage":27,"enemies":"Book of Stabbing","floor":23,"turns":4}],"seed_played":"-3919941603624990886","potions_obtained":[{"floor":4,"key":"Regen Potion"},{"floor":7,"key":"LiquidBronze"},{"floor":13,"key":"ColorlessPotion"},{"floor":16,"key":"DuplicationPotion"},{"floor":18,"key":"BlessingOfTheForge"}],"is_trial":false,"path_per_floor":["M","?","?","M","$","E","M","E","T","?","M","R","E","M","R","B",null,"M","?","?","?","T","E"],"character_chosen":"DEFECT","items_purchased":["Fruit Juice","Stack"],"campfire_rested":1,"item_purchase_floors":[5,5],"current_hp_per_floor":[75,60,60,60,60,43,43,26,26,46,48,72,63,63,63,34,80,38,38,22,22,22,0,0],"gold":418,"neow_bonus":"RANDOM_COMMON_RELIC","is_daily":false,"chose_seed":false,"campfire_upgraded":1,"win_rate":0.0,"timestamp":1611182004,"path_taken":["M","?","?","M","$","E","M","E","T","?","M","R","E","M","R","BOSS","M","?","?","?","?","E"],"items_purchased_type":["Potion","Card"],"build_version":"2020-12-22","purchased_purges":0,"victory":false,"max_hp_per_floor":[75,75,75,75,75,75,75,80,80,80,80,80,80,80,80,80,80,80,80,80,80,80,80,80],"card_choices":[{"not_picked":["Coolheaded","Rebound"],"picked":"Beam Cell","floor":1},{"not_picked":["Rebound","Turbo"],"picked":"Cold Snap","floor":4},{"not_picked":["Coolheaded","Leap"],"picked":"Capacitor","floor":6},{"not_picked":["Leap","Rip and Tear"],"picked":"Static Discharge","floor":7},{"not_picked":["Ball Lightning","Blizzard"],"picked":"FTL","floor":8},{"not_picked":["Amplify","Cold Snap"],"picked":"Consume","floor":11},{"not_picked":["Ball Lightning","Defragment"],"picked":"Double Energy+1","floor":13},{"not_picked":["Go for the Eyes","Leap+1"],"picked":"Gash","floor":14},{"not_picked":["Multi-Cast+1","Thunder Strike"],"picked":"Echo Form","floor":16},{"not_picked":["Stack+1","Coolheaded+1"],"picked":"Chill+1","floor":18}],"player_experience":232558,"relics_obtained":[{"floor":6,"key":"Bottled Flame"},{"floor":8,"key":"Blood Vial"},{"floor":9,"key":"Pen Nib"},{"floor":13,"key":"Toxic Egg 2"},{"floor":20,"key":"Nilry\u0027s Codex"},{"floor":22,"key":"Calipers"}],"event_choices":[{"damage_healed":0,"gold_gain":0,"player_choice":"Entered Light","damage_taken":15,"max_hp_gain":0,"max_hp_loss":0,"event_name":"Shining Light","floor":2,"gold_loss":0,"cards_upgraded":["Dualcast","Defend_B"]},{"cards_removed":["Beam Cell"],"damage_healed":0,"gold_gain":0,"player_choice":"Gave Card","damage_taken":0,"relics_obtained":["Juzu Bracelet"],"max_hp_gain":0,"max_hp_loss":0,"event_name":"WeMeetAgain","floor":3,"gold_loss":0},{"damage_healed":20,"gold_gain":0,"player_choice":"Healed","damage_taken":0,"max_hp_gain":0,"max_hp_loss":0,"event_name":"The Cleric","floor":10,"gold_loss":35},{"cards_removed":["Capacitor"],"damage_healed":0,"gold_gain":0,"player_choice":"Gave Gold","damage_taken":0,"max_hp_gain":0,"max_hp_loss":0,"event_name":"Beggar","floor":19,"gold_loss":75},{"damage_healed":0,"gold_gain":0,"player_choice":"Obtained Book","damage_taken":16,"max_hp_gain":0,"max_hp_loss":0,"event_name":"Cursed Tome","floor":20,"gold_loss":0},{"damage_healed":0,"gold_gain":275,"player_choice":"Desecrate","damage_taken":0,"max_hp_gain":0,"max_hp_loss":0,"event_name":"Golden Shrine","floor":21,"gold_loss":0,"cards_obtained":["Regret"]}],"is_beta":false,"boss_relics":[{"not_picked":["Busted Crown","Fusion Hammer"],"picked":"Inserter"}],"items_purged_floors":[],"is_endless":false,"potions_floor_spawned":[4,7,13,16,18],"killed_by":"Book of Stabbing","ascension_level":0}}