{"host":"f5mjulaw5aqlqmd7","time":1611102054,"event":{"mods":["Act Like it!","BaseMod","Colored Map","GifTheSpireLib","Hallownest","Minty Spire (QoL Compilation)","StSLib","The Bug Knight"],"gold_per_floor":[112,37,47,63,83,83,95,114,114,129,129,141,161,173,173,173,173],"floor_reached":16,"language":"ENG","playtime":1644,"items_purged":[],"score":100,"play_id":"311e5ed5-86be-4841-a851-d6d10d6ba8d5","local_time":"20210119192054","is_ascension_mode":false,"campfire_choices":[{"data":"HollowMod:DungDefenderAura","floor":6,"key":"SMITH"},{"floor":11,"key":"REST"},{"floor":15,"key":"REST"}],"circlet_count":0,"master_deck":["HollowMod:NailStrikeStart","HollowMod:NailStrikeStart","HollowMod:NailStrikeStart","HollowMod:QuickDashStart","HollowMod:QuickDashStart","HollowMod:QuickDashStart","HollowMod:QuickDashStart","HollowMod:FocusHealStart","HollowMod:PogoStrike","HollowMod:LifebloodCocoon","HollowMod:DoubleDash","HollowMod:DungDefenderAura+1","HollowMod:NewJinnsSoul","HollowMod:CycloneSlash","HollowMod:CycloneSlash","HollowMod:NewLittleFool","HollowMod:HuntersJournal","HollowMod:GrimmsGift","HollowMod:DashSlash","HollowMod:QuirrelsAssistance","HollowMod:DashSlash"],"relics":["HollowMod:VesselMask","Du-Vu Doll"],"acts_visited":["Exordium"],"potions_floor_usage":[],"damage_taken":[{"damage":2,"enemies":"Jaw Worm","floor":1,"turns":4},{"damage":0,"enemies":"Small Slimes","floor":3,"turns":5},{"damage":4,"enemies":"Cultist","floor":4,"turns":6},{"damage":2,"enemies":"Looter","floor":5,"turns":4},{"damage":9,"enemies":"Large Slime","floor":7,"turns":5},{"damage":26,"enemies":"Gremlin Gang","floor":8,"turns":5},{"damage":11,"enemies":"Lots of Slimes","floor":10,"turns":2},{"damage":7,"enemies":"Blue Slaver","floor":12,"turns":4},{"damage":14,"enemies":"3 Louse","floor":13,"turns":3},{"damage":9,"enemies":"2 Fungi Beasts","floor":14,"turns":3},{"damage":35,"enemies":"Slime Boss","floor":16,"turns":8}],"seed_played":"-738466968626450112","potions_obtained":[{"floor":3,"key":"SkillPotion"},{"floor":4,"key":"BlessingOfTheForge"},{"floor":14,"key":"DistilledChaos"}],"is_trial":false,"path_per_floor":["M","$","M","M","M","R","M","M","T","M","R","M","M","M","R","B"],"character_chosen":"THE_BUGKNIGHT","items_purchased":["HollowMod:DungDefenderAura"],"campfire_rested":2,"item_purchase_floors":[2],"current_hp_per_floor":[73,73,73,69,67,67,58,32,32,21,43,36,22,13,35,0,0],"gold":173,"neow_bonus":"TRANSFORM_CARD","is_daily":false,"chose_seed":false,"campfire_upgraded":1,"win_rate":0.0,"timestamp":1611102054,"path_taken":["M","$","M","M","M","R","M","M","T","M","R","M","M","M","R","BOSS"],"items_purchased_type":["Card"],"build_version":"2020-12-22","purchased_purges":0,"victory":false,"max_hp_per_floor":[75,75,75,75,75,75,75,75,75,75,75,75,75,75,75,75,75],"card_choices":[{"not_picked":["HollowMod:DreamGate","HollowMod:SiblingsSouls"],"picked":"HollowMod:DoubleDash","floor":1},{"not_picked":["HollowMod:NewLittleFool","HollowMod:InfectedAttack"],"picked":"HollowMod:NewJinnsSoul","floor":3},{"not_picked":["HollowMod:HowlingWraiths","HollowMod:HeavyBlow"],"picked":"HollowMod:CycloneSlash","floor":4},{"not_picked":["HollowMod:SharpenedNail","HollowMod:VengefulVoid"],"picked":"HollowMod:CycloneSlash","floor":5},{"not_picked":["HollowMod:Hiveblood","HollowMod:GrimmsGift"],"picked":"HollowMod:NewLittleFool","floor":7},{"not_picked":["HollowMod:SiblingsSouls","HollowMod:VengefulVoid"],"picked":"HollowMod:HuntersJournal","floor":8},{"not_picked":["HollowMod:SiblingsShadow","HollowMod:SharpenedShadows"],"picked":"HollowMod:GrimmsGift","floor":10},{"not_picked":["HollowMod:HowlingWraiths","HollowMod:NewGlowingWomb"],"picked":"HollowMod:DashSlash","floor":12},{"not_picked":["HollowMod:InfectedCysts","HollowMod:InfectedAttack"],"picked":"HollowMod:QuirrelsAssistance","floor":13},{"not_picked":["HollowMod:HowlingWraiths","HollowMod:SharpenedNail"],"picked":"HollowMod:DashSlash","floor":14}],"player_experience":63248,"relics_obtained":[{"floor":9,"key":"Du-Vu Doll"}],"event_choices":[],"is_beta":false,"boss_relics":[],"items_purged_floors":[],"is_endless":false,"potions_floor_spawned":[3,4,14],"killed_by":"Slime Boss","ascension_level":0}}