{"host":"81vb4cbob60wa1na","time":1611153586,"event":{"mods":["BaseMod","Dio Mod","Downfall","GifTheSpireLib","Hermit","Highlight Path","Minty Spire (QoL Compilation)","StSLib","The Bug Knight","The Cursed","The Disciple"],"gold_per_floor":[99,119,35,52,52,69,69,69,95,95,95,95,95,176,188,292,292,292,292,142,159,172,172,197,209,244,244,244,244,256,256,272,272,272,272],"floor_reached":33,"language":"ENG","playtime":1103,"items_purged":[],"score":313,"play_id":"a5614b08-7794-40ea-834b-a9f916de254f","local_time":"20210120093946","is_ascension_mode":false,"campfire_choices":[{"data":"champ:Taunt","floor":1,"key":"SMITH"},{"data":"champ:FlashCut","floor":10,"key":"SMITH"},{"data":"champ:PreemptiveStrike","floor":12,"key":"SMITH"},{"data":"champ:Improvising","floor":18,"key":"SMITH"},{"data":"champ:ShieldWall","floor":23,"key":"SMITH"},{"data":"Ghostly","floor":27,"key":"SMITH"},{"data":"champ:PerfectedStrike","floor":29,"key":"SMITH"}],"circlet_count":0,"master_deck":["champ:Defend","champ:Defend+1","champ:Defend","champ:Defend+1","champ:Execute+1","champ:Taunt+1","champ:TornadoPunch+1","champ:Circumvent+1","champ:PreemptiveStrike+1","champ:FocusedDefense","champ:FlashCut+1","champ:PerfectedStrike+1","downfall:Malfunctioning","champ:Parry","champ:Improvising+1","Ghostly+1","champ:Circumvent","champ:ShieldWall+1","champ:TornadoPunch+1","champ:Circumvent","Bite","Bite","Bite","Bite","Bite","champ:TornadoPunch+1","champ:FalseCounter"],"relics":["champ:ChampionCrownUpgraded","Whetstone","Du-Vu Doll","champ:LiftRelic","Pear","downfall:RedIOU","PreservedInsect","Tiny Chest"],"acts_visited":["Exordium","TheCity"],"potions_floor_usage":[9,16,22,26,30,33,33],"damage_taken":[{"damage":21,"enemies":"Cultist","floor":2,"turns":4},{"damage":15,"enemies":"downfall:FleeingMerchant","floor":3,"turns":4},{"damage":0,"enemies":"2 Louse","floor":4,"turns":2},{"damage":3,"enemies":"Small Slimes","floor":6,"turns":3},{"damage":14,"enemies":"Gremlin Nob","floor":9,"turns":5},{"damage":0,"enemies":"3 Louse","floor":15,"turns":2},{"damage":45,"enemies":"SI_SHIV_ARCHETYPE","floor":16,"turns":10},{"damage":15,"enemies":"Shell Parasite","floor":21,"turns":4},{"damage":15,"enemies":"Snake Plant","floor":22,"turns":3},{"damage":32,"enemies":"Cultist and Chosen","floor":25,"turns":5},{"damage":0,"enemies":"Slavers","floor":26,"turns":1},{"damage":64,"enemies":"Shelled Parasite and Fungi","floor":30,"turns":5},{"damage":5,"enemies":"Centurion and Healer","floor":32,"turns":7},{"damage":73,"enemies":"DF_ARCHETYPE_CLAW","floor":33,"turns":11}],"seed_played":"-4796805187647053327","potions_obtained":[{"floor":2,"key":"Guardian:BlockOnCardUsePotion"},{"floor":9,"key":"Dexterity Potion"},{"floor":16,"key":"Weak Potion"},{"floor":25,"key":"AttackPotion"},{"floor":26,"key":"champ:TechniquePotion"},{"floor":30,"key":"SteroidPotion"},{"floor":32,"key":"Fire Potion"}],"is_trial":false,"path_per_floor":["R","M","$","M","?","M","T","?","E","R","?","R","?","T","M","B",null,"R","?","?","M","M","R","T","M","E","R","?","R","M","?","M","B"],"character_chosen":"THE_CHAMP","items_purchased":["champ:PreemptiveStrike"],"campfire_rested":0,"item_purchase_floors":[3],"current_hp_per_floor":[90,89,84,84,81,80,80,80,78,78,78,78,78,88,90,57,100,100,100,100,100,100,100,100,83,83,83,69,69,34,57,67,0,0,0],"gold":272,"neow_bonus":"UPGRADE_CARD","is_daily":false,"chose_seed":false,"campfire_upgraded":7,"win_rate":0.0,"timestamp":1611153586,"path_taken":["R","M","$","?","?","M","T","?","E","R","?","R","?","?","M","BOSS","R","?","?","M","M","R","T","M","E","R","?","R","M","?","M","BOSS"],"items_purchased_type":["Card"],"build_version":"2020-12-22","purchased_purges":0,"victory":false,"max_hp_per_floor":[90,90,90,90,90,90,90,90,90,90,90,90,90,100,100,100,100,100,100,100,100,100,100,100,100,100,100,69,69,69,69,69,69,69,69],"card_choices":[{"not_picked":["champ:PreciseThrust","champ:Circumvent"],"picked":"champ:TornadoPunch","floor":2},{"not_picked":["champ:ShieldSigil","champ:PerfectedStrike"],"picked":"champ:Circumvent","floor":3},{"not_picked":["champ:TornadoPunch","champ:CrownThrow"],"picked":"champ:FocusedDefense","floor":4},{"not_picked":["champ:HeartStrike","champ:StanceDance"],"picked":"champ:FlashCut","floor":6},{"not_picked":["champ:HeartStrike","champ:Parry"],"picked":"champ:PerfectedStrike","floor":9},{"not_picked":["champ:CalledShot","champ:CrookedStrike"],"picked":"champ:Parry","floor":15},{"not_picked":["champ:StrikeOfGenius","champ:Devastate"],"picked":"champ:Improvising","floor":16},{"not_picked":["champ:Encircle","champ:BerserkersShout"],"picked":"champ:Circumvent","floor":21},{"not_picked":["champ:CrookedStrike+1","champ:FancyFootwork+1"],"picked":"champ:ShieldWall","floor":22},{"not_picked":["champ:FaceSlap","champ:AdrenalArmor+1"],"picked":"champ:TornadoPunch+1","floor":25},{"not_picked":["champ:FanOfKnives","champ:PreciseThrust"],"picked":"champ:Circumvent","floor":26},{"not_picked":["champ:SwordThrow","champ:FocusedBerserking"],"picked":"champ:TornadoPunch+1","floor":30},{"not_picked":["champ:CrownThrow","champ:AdrenalArmor"],"picked":"champ:FalseCounter","floor":32}],"player_experience":272493,"relics_obtained":[{"floor":7,"key":"Whetstone"},{"floor":9,"key":"Du-Vu Doll"},{"floor":14,"key":"Pear"},{"floor":24,"key":"PreservedInsect"},{"floor":26,"key":"Tiny Chest"}],"event_choices":[{"damage_healed":0,"gold_gain":0,"player_choice":"Success","damage_taken":3,"relics_obtained":["Blood Vial"],"max_hp_gain":0,"max_hp_loss":0,"event_name":"Scrap Ooze","floor":5,"gold_loss":0},{"damage_healed":0,"gold_gain":0,"player_choice":"Became a vampire","damage_taken":0,"max_hp_gain":0,"max_hp_loss":31,"event_name":"Vampires","floor":28,"gold_loss":0,"cards_obtained":["Bite","Bite","Bite","Bite","Bite"]},{"damage_healed":23,"gold_gain":0,"player_choice":"Heal","damage_taken":0,"max_hp_gain":0,"max_hp_loss":0,"event_name":"The Library","floor":31,"gold_loss":0}],"is_beta":false,"boss_relics":[{"not_picked":["Coffee Dripper","Philosopher\u0027s Stone"],"picked":"champ:ChampionCrownUpgraded"}],"items_purged_floors":[],"is_endless":false,"potions_floor_spawned":[2,9,16,25,26,30,32],"killed_by":"DF_ARCHETYPE_CLAW","ascension_level":0}}