{"host":"rjbqai8ni6dsiu37","time":1611158216,"event":{"mods":["100% Spire Juice","BaseMod","CapriCore","Lobotomy","Minty Spire (QoL Compilation)","StSLib","The Poker Player","WarShipGirlsR/??á´Ò³R mod"],"gold_per_floor":[119,219,81,98,110,110,139,139,194,212,228,243,143,158,158,261,261,281,281,281,156,168,199,199,199,267,298,308,322,322,124,124,124,124,124],"floor_reached":33,"language":"KOR","playtime":1295,"items_purged":["PokerPlayerMod:Diamond1","PokerPlayerMod:TrumpStrike","PokerPlayerMod:BadJoker","PokerPlayerMod:Club1"],"score":347,"play_id":"6df4a08e-8bc5-47d1-bd01-63196b686b03","local_time":"20210121005656","is_ascension_mode":true,"metric_token":542,"campfire_choices":[{"data":"PokerPlayerMod:Spade3","floor":6.0,"key":"SMITH"},{"data":"PokerPlayerMod:Club3","floor":8.0,"key":"SMITH"},{"data":"PokerPlayerMod:Mulligan","floor":15.0,"key":"SMITH"},{"data":"PokerPlayerMod:Spade4","floor":25.0,"key":"SMITH"},{"data":"PokerPlayerMod:Spade4","floor":32,"key":"SMITH"}],"circlet_count":0,"master_deck":["PokerPlayerMod:Diamond2","PokerPlayerMod:Diamond3","PokerPlayerMod:Diamond4","PokerPlayerMod:Diamond5","PokerPlayerMod:Spade1","PokerPlayerMod:Spade2","PokerPlayerMod:Spade5","PokerPlayerMod:Spade5","PokerPlayerMod:Club2","PokerPlayerMod:Heart2","PokerPlayerMod:Mulligan+1","PokerPlayerMod:Club5","PokerPlayerMod:Club5","PokerPlayerMod:Diamond4","PokerPlayerMod:Spade4","PokerPlayerMod:Heart5"],"relics":["PokerPlayerMod:DeckCase","NeowsBlessing","PokerPlayerMod:FairLicense","Blood Vial","Juzu Bracelet","Sundial","Matryoshka"],"acts_visited":["Exordium","TheCity"],"potions_floor_usage":[27,27,27,29,33],"damage_taken":[{"damage":0.0,"enemies":"2 Louse","floor":1.0,"turns":1.0},{"damage":0.0,"enemies":"Cultist","floor":4.0,"turns":1.0},{"damage":0.0,"enemies":"Small Slimes","floor":5.0,"turns":1.0},{"damage":7.0,"enemies":"Gremlin Nob","floor":7.0,"turns":3.0},{"damage":6.0,"enemies":"2 Fungi Beasts","floor":10.0,"turns":2.0},{"damage":3.0,"enemies":"Exordium Thugs","floor":11.0,"turns":3.0},{"damage":3.0,"enemies":"Exordium Wildlife","floor":12.0,"turns":2.0},{"damage":0.0,"enemies":"Lots of Slimes","floor":14.0,"turns":1.0},{"damage":24.0,"enemies":"The Guardian","floor":16.0,"turns":10.0},{"damage":2.0,"enemies":"Spheric Guardian","floor":18.0,"turns":3.0},{"damage":0.0,"enemies":"2 Thieves","floor":20.0,"turns":1.0},{"damage":8.0,"enemies":"Snake Plant","floor":22.0,"turns":3.0},{"damage":35.0,"enemies":"Slavers","floor":23.0,"turns":4.0},{"damage":25,"enemies":"Book of Stabbing","floor":27,"turns":5},{"damage":0,"enemies":"Chosen and Byrds","floor":28,"turns":5},{"damage":31,"enemies":"Centurion and Healer","floor":29,"turns":4},{"damage":37,"enemies":"Champ","floor":33,"turns":13}],"seed_played":"5314768163536058305","potions_obtained":[{"floor":4.0,"key":"LiquidBronze"},{"floor":7.0,"key":"Fire Potion"},{"floor":14.0,"key":"SmokeBomb"},{"floor":16.0,"key":"ColorlessPotion"},{"floor":23.0,"key":"SkillPotion"},{"floor":27,"key":"LiquidMemories"}],"is_trial":false,"path_per_floor":["M","?","$","M","M","R","E","R","T","M","M","M","$","M","R","B",null,"M","?","M","$","M","E","?","R","T","E","M","M","?","$","R","B"],"character_chosen":"THE_POKER_PLAYER","items_purchased":["PokerPlayerMod:Club5","Fire Potion"],"campfire_rested":0,"item_purchase_floors":[3,31],"current_hp_per_floor":[52,52,52,52,52,52,47,47,47,46,45,48,48,50,50,28,52,50,50,52,52,44,20,20,20,20,13,29,17,17,17,17,0,0,0],"gold":124,"neow_bonus":"THREE_ENEMY_KILL","is_daily":false,"chose_seed":false,"campfire_upgraded":5,"win_rate":0.0,"timestamp":1611158216,"path_taken":["M","?","$","?","M","R","E","R","T","M","M","M","?","M","R","BOSS","M","?","M","$","M","E","?","R","T","E","M","M","?","$","R","BOSS"],"items_purchased_type":["Card","Potion"],"build_version":"2020-12-22","purchased_purges":4,"victory":false,"max_hp_per_floor":[52,52,52,52,52,52,52,52,52,52,52,52,52,52,52,52,52,52,52,52,52,52,52,52,52,52,52,52,52,52,52,52,52,52,52],"card_choices":[{"not_picked":["PokerPlayerMod:Diamond1","PokerPlayerMod:JackOfSpades","PokerPlayerMod:CardBurn"],"picked":"SKIP","floor":1.0},{"not_picked":["PokerPlayerMod:Diamond3","PokerPlayerMod:SecondChance"],"picked":"PokerPlayerMod:Club3","floor":4.0},{"not_picked":["PokerPlayerMod:SpadeStrike","PokerPlayerMod:Club3"],"picked":"PokerPlayerMod:Diamond4","floor":5.0},{"not_picked":["PokerPlayerMod:CloakAndDiamond","PokerPlayerMod:Diamond4","PokerPlayerMod:Club6"],"picked":"SKIP","floor":7.0},{"not_picked":["PokerPlayerMod:CardBurn","PokerPlayerMod:Club3","PokerPlayerMod:Diamond4"],"picked":"SKIP","floor":10.0},{"not_picked":["PokerPlayerMod:Spade3","PokerPlayerMod:Configure","PokerPlayerMod:JackOfSpades"],"picked":"SKIP","floor":11.0},{"not_picked":["PokerPlayerMod:Diamond2","PokerPlayerMod:Diamond1","PokerPlayerMod:Trickery"],"picked":"SKIP","floor":12.0},{"not_picked":["PokerPlayerMod:Harden","PokerPlayerMod:Diamond6","PokerPlayerMod:Club4"],"picked":"SKIP","floor":14.0},{"not_picked":["PokerPlayerMod:SpadeStrike","PokerPlayerMod:HotShotCut"],"picked":"PokerPlayerMod:Spade4","floor":18.0},{"not_picked":["PokerPlayerMod:Spade2","PokerPlayerMod:DiamondStrike","PokerPlayerMod:ClubsClub"],"picked":"SKIP","floor":22.0},{"not_picked":["PokerPlayerMod:Spade1","PokerPlayerMod:SpadeStrike+1","PokerPlayerMod:DiamondStrike+1"],"picked":"SKIP","floor":23.0},{"not_picked":["PokerPlayerMod:CardPrinter","PokerPlayerMod:Heart6","PokerPlayerMod:Spade1"],"picked":"SKIP","floor":27},{"not_picked":["PokerPlayerMod:Spade6","PokerPlayerMod:Extraction","PokerPlayerMod:Raise"],"picked":"SKIP","floor":28},{"not_picked":["PokerPlayerMod:Diamond4","PokerPlayerMod:Overdeal","PokerPlayerMod:FlyingCard"],"picked":"SKIP","floor":29}],"player_experience":193239,"relics_obtained":[{"floor":7.0,"key":"PokerPlayerMod:FairLicense"},{"floor":9.0,"key":"Blood Vial"},{"floor":23.0,"key":"Juzu Bracelet"},{"floor":26.0,"key":"Sundial"},{"floor":27,"key":"Matryoshka"}],"event_choices":[{"damage_healed":0.0,"max_hp_gain":0.0,"max_hp_loss":0.0,"gold_gain":100.0,"event_name":"Golden Shrine","player_choice":"Pray","floor":2.0,"gold_loss":0.0,"damage_taken":0.0},{"damage_healed":0.0,"max_hp_gain":0.0,"max_hp_loss":0.0,"gold_gain":0.0,"event_name":"The Library","player_choice":"Read","floor":19.0,"gold_loss":0.0,"damage_taken":0.0,"cards_obtained":["PokerPlayerMod:Heart5"]},{"damage_healed":0.0,"max_hp_gain":0.0,"max_hp_loss":0.0,"gold_gain":0.0,"event_name":"Upgrade Shrine","player_choice":"Upgraded","floor":24.0,"gold_loss":0.0,"damage_taken":0.0,"cards_upgraded":["PokerPlayerMod:Club5"]},{"damage_healed":0,"gold_gain":0,"player_choice":"Ignored","damage_taken":0,"max_hp_gain":0,"max_hp_loss":0,"event_name":"PokerPlayerMod:Vampires","floor":30,"gold_loss":0}],"is_beta":false,"boss_relics":[{"not_picked":["Astrolabe","Runic Dome","Snecko Eye"]}],"items_purged_floors":[3,13,21,31],"is_endless":false,"potions_floor_spawned":[4,7,14,16,23,27],"killed_by":"Champ","ascension_level":4}}