{"host":"8ps3pfk2b2drr3ex","time":1611180474,"event":{"mods":["2.2 Compatiblity","AchievementEnabler","Act Like it!","BaseMod","Bestiary","Better Match","BetterRewards","Colored Map","Colored Powertips","Conspire","Downfall","Evolution","GifTheSpireLib","Gold Saver","Hallownest","Hubris","Minty Spire (QoL Compilation)","Permanent Neow","Relic Filter","Shop Mod","StSLib","Stuff the Spire","The Animator"],"gold_per_floor":[408,425,444,444,205,205,205,51,68,343,343,376,376,390,402,501,501,501,518,529,128,128,128,128,128,147,92,107,135,135,168,180,282,282,282,292,302,335,180,199,199,211,11,11,11,39,39,56,72,72,72,72],"floor_reached":50,"language":"ENG","playtime":5198,"items_purged":["Pain","bronze:CutThrough","Regret","bronze:DigitalCarnage"],"score":562,"play_id":"5a8eb14f-144e-48b8-8ecb-c633541b6464","local_time":"20210120170754","is_ascension_mode":false,"campfire_choices":[{"data":"bronze:Constructor","floor":1,"key":"SMITH"},{"data":"bronze:ItsAFeature","floor":11,"key":"SMITH"},{"data":"bronze:Constructor","floor":13,"key":"SMITH"},{"data":"bronze:Verify","floor":18,"key":"SMITH"},{"data":"bronze:FineTuning","floor":23,"key":"SMITH"},{"data":"bronze:ClassDefault","floor":25,"key":"SMITH"},{"floor":35,"key":"RECALL"},{"data":"bronze:FineTuning","floor":43,"key":"SMITH"}],"circlet_count":0,"master_deck":["bronze:OilSpill","bronze:Separator","bronze:BugBarrage","bronze:Constructor+1","bronze:Shield","bronze:Constructor+1","bronze:Shield","bronze:Replicate","bronze:ForLoop","bronze:ClassDefault+1","bronze:ChosenStrike","bronze:ItsAFeature+1","bronze:Boost","bronze:Iterate","bronze:FineTuning+1","bronze:Invalidate","bronze:Constructor+1","bronze:Boost","bronze:Repair","sneckomod:SerpentIdol","bronze:Shell","bronze:FindAndReplace","hubris:DuctTapeCard","bronze:BurnOut","sneckomod:MasterEye"],"relics":["bronze:BronzeCore","EVO:Axolotl","Regal Pillow","WarpedTongs","Pen Nib","hubris:TinFlute","hubris:BundleOfHerbs","bronze:Mallet","bronze:ElectromagneticCoil","conspire:BottledYoYo","Lee\u0027s Waffle","hubris:DisguiseKit","StuffTheSpire:NeowsTribute","Sozu","Centennial Puzzle","hubris:DuctTape","downfall:HeartBlessingRed","downfall:HeartBlessingBlue","Vajra","StuffTheSpire:Experiment12"],"acts_visited":["Exordium","TheCity","TheBeyond"],"potions_floor_usage":[12,16,16,16,27,29,31,33,49,50],"damage_taken":[{"damage":0,"enemies":"Small Slimes","floor":2,"turns":1},{"damage":4,"enemies":"Jaw Worm","floor":3,"turns":4},{"damage":7,"enemies":"downfall:FleeingMerchant","floor":5,"turns":4},{"damage":1,"enemies":"downfall:FleeingMerchant","floor":8,"turns":4},{"damage":0,"enemies":"conspire:RoseBush","floor":9,"turns":3},{"damage":12,"enemies":"Gremlin Nob","floor":12,"turns":3},{"damage":13,"enemies":"Red Slaver","floor":14,"turns":2},{"damage":0,"enemies":"Lots of Slimes","floor":15,"turns":3},{"damage":16,"enemies":"DF_ARCHETYPE_STREAMLINE","floor":16,"turns":6},{"damage":15,"enemies":"conspire:FuzzyDice","floor":19,"turns":4},{"damage":4,"enemies":"3 Byrds","floor":20,"turns":3},{"damage":8,"enemies":"downfall:FleeingMerchant","floor":21,"turns":4},{"damage":2,"enemies":"3 Cultists","floor":26,"turns":4},{"damage":0,"enemies":"downfall:FleeingMerchant","floor":27,"turns":1},{"damage":20,"enemies":"conspire:HollyBat","floor":28,"turns":4},{"damage":24,"enemies":"Book of Stabbing","floor":29,"turns":5},{"damage":21,"enemies":"conspire:Head Lice","floor":31,"turns":6},{"damage":7,"enemies":"Sentry and Sphere","floor":32,"turns":4},{"damage":21,"enemies":"IC_MUSHROOM_ARCHETYPE","floor":33,"turns":6},{"damage":9,"enemies":"3 Darklings","floor":36,"turns":6},{"damage":18,"enemies":"Orb Walker","floor":37,"turns":3},{"damage":27,"enemies":"conspire:MimicChest","floor":38,"turns":5},{"damage":0,"enemies":"Sphere and 2 Shapes","floor":40,"turns":5},{"damage":12,"enemies":"3 Darklings","floor":42,"turns":4},{"damage":18,"enemies":"Giant Head","floor":46,"turns":6},{"damage":38,"enemies":"Jaw Worm Horde","floor":48,"turns":3},{"damage":28,"enemies":"Sphere and 2 Shapes","floor":49,"turns":5},{"damage":24,"enemies":"WA_ARCHETYPE_DIVINITY","floor":50,"turns":5}],"seed_played":"573224470835673464","potions_obtained":[{"floor":3,"key":"sneckomod:MuddlingPotion"},{"floor":9,"key":"Weak Potion"},{"floor":14,"key":"LiquidMemories"},{"floor":15,"key":"hexamod:SoulburnPotion"},{"floor":16,"key":"champ:CounterPotion"},{"floor":26,"key":"SkillPotion"},{"floor":28,"key":"bronze:BurnAndBuffPotion"},{"floor":29,"key":"Energy Potion"},{"floor":33,"key":"LiquidMemories"}],"is_trial":false,"path_per_floor":["R","M","M","?","$","T","T","$","M","?","R","E","R","M","M","B",null,"R","M","M","$","?","R","T","R","M","$","M","E","?","E","M","B",null,"R","M","M","?","$","M","T","M","R","$","?","E","?","M","M","B"],"character_chosen":"THE_AUTOMATON","items_purchased":["Pen Nib","bronze:ItsAFeature","conspire:BottledYoYo","Lee\u0027s Waffle","Fruit Juice","bronze:FindAndReplace"],"campfire_rested":0,"item_purchase_floors":[5,8,21,27,27,39],"current_hp_per_floor":[74,74,70,70,63,63,63,62,62,62,62,50,50,37,37,21,74,74,59,55,47,47,47,47,47,45,86,66,50,50,65,58,37,86,86,84,66,67,67,75,75,70,80,80,80,71,71,43,22,0,0,0],"gold":72,"neow_bonus":"RANDOM_COMMON_RELIC","is_daily":false,"chose_seed":false,"campfire_upgraded":7,"win_rate":0.0,"timestamp":1611180474,"path_taken":["R","M","M","?","$","?","T","$","M","?","R","E","R","M","M","BOSS","R","M","M","$","?","R","T","R","M","$","?","E","?","E","M","BOSS","R","M","M","?","$","M","T","M","R","$","?","E","?","M","M","BOSS"],"items_purchased_type":["Relic","Card","Relic","Relic","Potion","Card"],"build_version":"2020-12-22","purchased_purges":4,"victory":false,"max_hp_per_floor":[74,74,74,74,74,74,74,74,74,74,74,74,74,74,74,74,74,74,74,74,74,74,74,74,74,74,86,86,86,86,86,86,86,86,86,86,86,86,86,86,86,86,96,96,96,96,96,96,96,96,96,96],"card_choices":[{"not_picked":["bronze:Frontload","bronze:BuggyMess"],"picked":"bronze:ForLoop","floor":2},{"not_picked":["bronze:Constructor","bronze:DelayedSlice"],"picked":"bronze:ClassDefault","floor":3},{"not_picked":["bronze:WhirlingStrike","bronze:DelayedSlice"],"picked":"bronze:ChosenStrike","floor":5},{"not_picked":["bronze:OilSpill","bronze:Assembly","bronze:ForLoop"],"picked":"SKIP","floor":8},{"not_picked":["bronze:Turbo","bronze:Backtrace"],"picked":"bronze:Boost","floor":9},{"not_picked":["bronze:ForLoop","bronze:BuggyMess"],"picked":"bronze:Iterate","floor":12},{"not_picked":["bronze:Frontload","bronze:BitShift"],"picked":"bronze:FineTuning","floor":14},{"not_picked":["bronze:NullPointer","bronze:Deprecate"],"picked":"bronze:Invalidate","floor":15},{"not_picked":["bronze:Format","bronze:FindAndReplace"],"picked":"bronze:Verify","floor":16},{"not_picked":["bronze:Terminator+1","bronze:ChosenStrike"],"picked":"bronze:Constructor+1","floor":19},{"not_picked":["bronze:BitShift+1","bronze:DigitalCarnage"],"picked":"bronze:FineTuning","floor":20},{"not_picked":["bronze:Separator+1","bronze:BuggyMess","bronze:DigitalCarnage"],"picked":"SKIP","floor":21},{"not_picked":["bronze:BitShift","bronze:BugBarrage"],"picked":"bronze:Boost","floor":26},{"not_picked":["bronze:DelayedSlice","bronze:BuggyMess","bronze:Terminator"],"picked":"SKIP","floor":27},{"not_picked":["bronze:Overheat","bronze:Frontload"],"picked":"bronze:Repair","floor":28},{"not_picked":["bronze:Library","bronze:Separator+1","bronze:Repair"],"picked":"SKIP","floor":29},{"not_picked":["bronze:BugBarrage","bronze:InfiniteBeams+1","bronze:Refactor+1"],"picked":"sneckomod:SerpentIdol","floor":31},{"not_picked":["bronze:Deprecate+1","bronze:DelayedSlice","sneckomod:SoulDraw"],"picked":"bronze:Shell","floor":32},{"not_picked":["bronze:Turbo","bronze:Overheat+1","bronze:Branch","sneckomod:UnknownClassTHE_BRONZE_AUTOMATON"],"picked":"SKIP","floor":36},{"not_picked":["bronze:Shield","bronze:Repulsor","bronze:ForLoop","sneckomod:UnendingSupply"],"picked":"SKIP","floor":37},{"not_picked":["bronze:Return+1","bronze:BitShift+1","bronze:DelayedSlice+1","sneckomod:ImprovisedGuard"],"picked":"SKIP","floor":40},{"not_picked":["bronze:CutThrough","bronze:Deprecate+1","bronze:WhirlingStrike","sneckomod:UnknownClassTHE_BRONZE_AUTOMATON"],"picked":"SKIP","floor":42},{"not_picked":["bronze:RecursiveStrike","bronze:Overheat","bronze:Deprecate+1","sneckomod:CheapStock"],"picked":"SKIP","floor":46},{"not_picked":["bronze:Iterate","bronze:DelayedGuard+1","bronze:ForceShield"],"picked":"sneckomod:MasterEye","floor":48},{"not_picked":["bronze:BugBarrage+1","bronze:Terminator+1","bronze:Shield","sneckomod:DefensiveFlair"],"picked":"SKIP","floor":49}],"player_experience":1126288,"relics_obtained":[{"floor":6,"key":"hubris:TinFlute"},{"floor":7,"key":"hubris:BundleOfHerbs"},{"floor":12,"key":"bronze:Mallet"},{"floor":29,"key":"hubris:DisguiseKit"},{"floor":31,"key":"StuffTheSpire:NeowsTribute"},{"floor":38,"key":"Centennial Puzzle"},{"floor":41,"key":"hubris:DuctTape"},{"floor":46,"key":"Vajra"},{"floor":47,"key":"StuffTheSpire:Experiment12"}],"event_choices":[],"is_beta":false,"boss_relics":[{"not_picked":["Cursed Key","Runic Dome"],"picked":"bronze:ElectromagneticCoil"},{"not_picked":["StuffTheSpire:RunicHypercube","Pandora\u0027s Box"],"picked":"Sozu"}],"items_purged_floors":[5,8,21,27],"is_endless":false,"potions_floor_spawned":[3,9,14,15,16,26,28,29,33,37,46,48,49],"killed_by":"WA_ARCHETYPE_DIVINITY","ascension_level":0}}