{"host":"ecaj4hn004xnnrw9","time":1611138221,"event":{"mods":["AchievementEnabler","BaseMod","Better Third Choice","Card Forge","Hermit","Hubris","Infinite Spire","Jorbs\u0027s Wanderer Trilogy","Minty Spire (QoL Compilation)","Quick Restart","Relic Stats","Shop Mod","StSLib","The Construct","The Jungle","The Runesmith"],"gold_per_floor":[109,120,45,45,45,76,95,95,175,205,220,320,337,370,370,441,441,454,467,478,490,509,509,536,536,605,630,730,744,778,778,778,852,852,867,157,206,206,219,219,238,268,268,268,285,304,333,2,2,2,2],"floor_reached":50,"language":"ENG","playtime":1650,"items_purged":["Strike_R","Strike_R"],"score":1383,"play_id":"d0207ee5-4654-4f38-a6e8-1af009359af6","local_time":"20210120102341","is_ascension_mode":true,"campfire_choices":[{"floor":8,"key":"REST"},{"data":"Uppercut","floor":15,"key":"SMITH"},{"data":"hubris:StunningStrike","floor":23,"key":"SMITH"},{"data":"Shrug It Off","floor":32,"key":"SMITH"},{"data":"Flame Barrier","floor":40,"key":"SMITH"},{"data":"Feel No Pain","floor":44,"key":"SMITH"},{"data":"Perfected Strike","floor":49,"key":"SMITH"}],"circlet_count":0,"master_deck":["AscendersBane","Strike_R","Strike_R","Strike_R","Defend_R","Defend_R","Defend_R","Bash","Sword Boomerang","Perfected Strike+1","infinitespire:FinalStrike","Uppercut+1","Perfected Strike","Battle Trance","Feel No Pain+1","hubris:StunningStrike+1","Pommel Strike","Disarm+1","Battle Trance","Shrug It Off+1","Sentinel+1","Flame Barrier+1","Offering","Shrug It Off+1","Whirlwind+1","True Grit+1","Rage","Perfected Strike","hubris:StunningStrike"],"relics":["Hammer of Thor","Seething Fire","Anvil of the Gods","Runic Dome","infinitespire:Cubic Diamond","Anchor","infinitespire:ShieldingShard","Lantern","Pantograph","infinitespire:Burning Sword","Prayer Wheel","hubris:Towel","Gremlin Horn","Vajra","Pocketwatch","hubris:MysteriousPyramids","hubris:CuriousFeather","hubris:GrandSneckoEye","Ginger","Matryoshka","Thread and Needle","hubris:BundleOfHerbs","Akabeko","StrikeDummy","hubris:DisguiseKit","Frozen Eye"],"acts_visited":["Exordium","TheCity","TheBeyond"],"potions_floor_usage":[27,33,50,50],"damage_taken":[{"damage":9,"enemies":"Jaw Worm","floor":1,"turns":4},{"damage":1,"enemies":"2 Louse","floor":2,"turns":4},{"damage":20,"enemies":"Lagavulin","floor":6,"turns":4},{"damage":0,"enemies":"infinitespire:Voidling","floor":7,"turns":2},{"damage":9,"enemies":"Gremlin Nob","floor":10,"turns":3},{"damage":0,"enemies":"Lots of Slimes","floor":11,"turns":4},{"damage":0,"enemies":"3 Louse","floor":13,"turns":3},{"damage":7,"enemies":"Lagavulin","floor":14,"turns":3},{"damage":17,"enemies":"The Guardian","floor":16,"turns":6},{"damage":0,"enemies":"Spheric Guardian","floor":18,"turns":2},{"damage":0,"enemies":"Chosen","floor":19,"turns":1},{"damage":0,"enemies":"Snake Plant","floor":20,"turns":1},{"damage":0,"enemies":"Snecko","floor":21,"turns":3},{"damage":1,"enemies":"Centurion and Healer","floor":22,"turns":3},{"damage":6,"enemies":"Book of Stabbing","floor":24,"turns":3},{"damage":0,"enemies":"Gremlin Leader","floor":27,"turns":1},{"damage":0,"enemies":"Colosseum Slavers","floor":28,"turns":2},{"damage":0,"enemies":"Colosseum Nobs","floor":28,"turns":2},{"damage":0,"enemies":"3 Cultists","floor":29,"turns":3},{"damage":0,"enemies":"Slavers","floor":30,"turns":2},{"damage":14,"enemies":"Collector","floor":33,"turns":5},{"damage":0,"enemies":"Orb Walker","floor":35,"turns":2},{"damage":0,"enemies":"2 Orb Walkers","floor":37,"turns":2},{"damage":4,"enemies":"3 Shapes","floor":39,"turns":3},{"damage":0,"enemies":"Jaw Worm Horde","floor":41,"turns":2},{"damage":0,"enemies":"Reptomancer","floor":42,"turns":2},{"damage":0,"enemies":"3 Darklings","floor":45,"turns":2},{"damage":0,"enemies":"Maw","floor":46,"turns":3},{"damage":0,"enemies":"Nemesis","floor":47,"turns":3},{"damage":79,"enemies":"Awakened One","floor":50,"turns":9}],"seed_played":"1353874678106531563","potions_obtained":[{"floor":7,"key":"Ancient Potion"},{"floor":11,"key":"SpeedPotion"},{"floor":13,"key":"CultistPotion"},{"floor":16,"key":"DistilledChaos"},{"floor":24,"key":"LiquidMemories"},{"floor":27,"key":"LiquidBronze"},{"floor":33,"key":"Strength Potion"}],"is_trial":false,"path_per_floor":["M","M","$","?","?","E","M","R","T","E","M","?","M","E","R","B",null,"M","M","M","M","M","R","E","?","T","E","?","M","E","?","R","B",null,"M","$","?","?","M","R","M","E","T","R","M","M","E","$","R","B"],"character_chosen":"IRONCLAD","items_purchased":["Ginger","Matryoshka","Frozen Eye","hubris:StunningStrike"],"campfire_rested":1,"item_purchase_floors":[36,36,48,48],"current_hp_per_floor":[59,58,58,40,40,20,20,42,42,33,33,33,33,26,26,34,65,65,65,65,65,64,64,58,58,58,58,58,58,58,58,58,61,72,72,72,72,72,68,68,68,68,68,68,68,68,68,68,68,0,0],"gold":2,"neow_bonus":"BOSS_RELIC","is_daily":false,"chose_seed":false,"campfire_upgraded":6,"win_rate":0.0,"timestamp":1611138221,"path_taken":["M","M","$","?","?","E","M","R","T","E","M","?","M","E","R","BOSS","M","?","M","?","M","R","E","?","T","E","?","M","E","?","R","BOSS","M","$","?","?","M","R","?","E","T","R","M","M","E","$","R","BOSS"],"items_purchased_type":["Relic","Relic","Relic","Card"],"build_version":"2020-12-22","purchased_purges":2,"victory":false,"max_hp_per_floor":[75,75,75,75,75,75,75,75,75,75,75,75,75,75,75,75,75,75,75,75,75,75,75,75,75,75,75,75,75,75,75,75,75,75,75,75,75,75,75,75,75,75,75,75,75,75,75,75,75,75,75],"relic_stats":{"Gremlin Horn":[14,19],"counters":[30,89],"Pantograph":49,"Prayer Wheel":12,"Ginger":[5],"obtain_stats":[{"Lantern":10,"Gremlin Horn":26,"Vajra":27,"Hammer of Thor":0,"infinitespire:Cubic Diamond":5,"Ginger":36,"hubris:MysteriousPyramids":28,"Burning Blood":0,"Frozen Eye":48,"infinitespire:ShieldingShard":9,"Matryoshka":36,"Pantograph":14,"Prayer Wheel":24,"hubris:CuriousFeather":30,"hubris:DisguiseKit":47,"Thread and Needle":37,"Seething Fire":0,"hubris:Towel":25,"Akabeko":43,"Runic Dome":0,"Anchor":6,"Anvil of the Gods":0,"hubris:BundleOfHerbs":42,"infinitespire:Burning Sword":17,"hubris:GrandSneckoEye":34,"StrikeDummy":43,"Pocketwatch":28},{"Lantern":5,"Gremlin Horn":15,"Vajra":16,"Hammer of Thor":0,"infinitespire:Cubic Diamond":2,"Ginger":22,"hubris:MysteriousPyramids":18,"Burning Blood":0,"Frozen Eye":29,"infinitespire:ShieldingShard":4,"Matryoshka":22,"Pantograph":8,"Prayer Wheel":15,"hubris:CuriousFeather":20,"hubris:DisguiseKit":29,"Thread and Needle":23,"Seething Fire":0,"hubris:Towel":15,"Akabeko":26,"Runic Dome":0,"Anchor":3,"Anvil of the Gods":0,"hubris:BundleOfHerbs":26,"infinitespire:Burning Sword":9,"hubris:GrandSneckoEye":21,"StrikeDummy":26,"Pocketwatch":18},{"Lantern":17,"Gremlin Horn":46,"Vajra":47,"Hammer of Thor":0,"infinitespire:Cubic Diamond":8,"Ginger":63,"hubris:MysteriousPyramids":51,"Burning Blood":0,"Frozen Eye":80,"infinitespire:ShieldingShard":14,"Matryoshka":63,"Pantograph":27,"Prayer Wheel":46,"hubris:CuriousFeather":56,"hubris:DisguiseKit":80,"Thread and Needle":65,"Seething Fire":0,"hubris:Towel":46,"Akabeko":72,"Runic Dome":0,"Anchor":12,"Anvil of the Gods":0,"hubris:BundleOfHerbs":72,"infinitespire:Burning Sword":33,"hubris:GrandSneckoEye":61,"StrikeDummy":72,"Pocketwatch":51}],"Pocketwatch":[31]},"card_choices":[{"not_picked":["Thunderclap","Headbutt"],"picked":"Sword Boomerang","floor":1},{"not_picked":["Body Slam","Bloodletting"],"picked":"Perfected Strike","floor":2},{"not_picked":["infinitespire:SevenWalls","infinitespire:Starlight"],"picked":"infinitespire:FinalStrike","floor":4},{"not_picked":["Combust","Impervious"],"picked":"Uppercut","floor":6},{"not_picked":["Sword Boomerang","Shrug It Off"],"picked":"Perfected Strike","floor":7},{"not_picked":["Armaments","Dropkick","True Grit"],"picked":"SKIP","floor":10},{"not_picked":["Hemokinesis","Disarm"],"picked":"Battle Trance","floor":11},{"not_picked":["Havoc","Clash","Sword Boomerang"],"picked":"SKIP","floor":13},{"not_picked":["Heavy Blade","Dark Embrace"],"picked":"Feel No Pain","floor":14},{"not_picked":["Berserk","Brutality"],"picked":"hubris:StunningStrike","floor":16},{"not_picked":["Perfected Strike","Heavy Blade"],"picked":"Pommel Strike","floor":18},{"not_picked":["Heavy Blade","Pummel"],"picked":"Disarm","floor":19},{"not_picked":["Heavy Blade","hubris:ReadiedAction","Wild Strike"],"picked":"SKIP","floor":20},{"not_picked":["Cleave","Flex","Armaments"],"picked":"SKIP","floor":21},{"not_picked":["Twin Strike","Seeing Red+1"],"picked":"Battle Trance","floor":22},{"not_picked":["Twin Strike","Heavy Blade","Carnage"],"picked":"SKIP","floor":24},{"not_picked":["Exhume","Iron Wave","Clash"],"picked":"SKIP","floor":27},{"not_picked":["Flex","infinitespire:OneForAll"],"picked":"Shrug It Off","floor":28},{"not_picked":["Iron Wave","Wild Strike","Juggernaut"],"picked":"SKIP","floor":29},{"not_picked":["Clothesline","Rampage","hubris:CleavingFinish+1"],"picked":"SKIP","floor":29},{"not_picked":["Heavy Blade+1","Impervious","Wild Strike"],"picked":"SKIP","floor":30},{"not_picked":["Pommel Strike","Twin Strike"],"picked":"Sentinel+1","floor":35},{"not_picked":["Cleave","Clothesline"],"picked":"Flame Barrier","floor":35},{"not_picked":["Havoc","hubris:CleavingFinish"],"picked":"Offering","floor":37},{"not_picked":["Clothesline","Feed","Flex"],"picked":"SKIP","floor":39},{"not_picked":["Metallicize+1","Body Slam+1","hubris:ReadiedAction"],"picked":"SKIP","floor":39},{"not_picked":["Twin Strike+1","Entrench"],"picked":"Shrug It Off+1","floor":41},{"not_picked":["Shrug It Off+1","Blood for Blood"],"picked":"Whirlwind+1","floor":41},{"not_picked":["Perfected Strike","Metallicize"],"picked":"True Grit+1","floor":42},{"not_picked":["Intimidate","Body Slam"],"picked":"Rage","floor":45},{"not_picked":["Uppercut+1","Flex+1","Power Through"],"picked":"SKIP","floor":45},{"not_picked":["Inflame","Pummel"],"picked":"Perfected Strike","floor":46},{"not_picked":["Warcry","Armaments","Shrug It Off"],"picked":"SKIP","floor":46},{"not_picked":["infinitespire:OneForAll","Thunderclap","Headbutt+1"],"picked":"SKIP","floor":47}],"player_experience":398810,"relics_obtained":[{"floor":6,"key":"Anchor"},{"floor":9,"key":"infinitespire:ShieldingShard"},{"floor":10,"key":"Lantern"},{"floor":14,"key":"Pantograph"},{"floor":24,"key":"Prayer Wheel"},{"floor":26,"key":"Gremlin Horn"},{"floor":27,"key":"Vajra"},{"floor":28,"key":"Pocketwatch"},{"floor":28,"key":"hubris:MysteriousPyramids"},{"floor":30,"key":"hubris:CuriousFeather"},{"floor":37,"key":"Thread and Needle"},{"floor":42,"key":"hubris:BundleOfHerbs"},{"floor":43,"key":"Akabeko"},{"floor":43,"key":"StrikeDummy"},{"floor":47,"key":"hubris:DisguiseKit"}],"event_choices":[{"damage_healed":0,"gold_gain":100,"player_choice":"Gold","damage_taken":0,"max_hp_gain":0,"max_hp_loss":0,"event_name":"Wheel of Change","floor":12,"gold_loss":0},{"damage_healed":0,"gold_gain":0,"player_choice":"Fight","damage_taken":0,"max_hp_gain":0,"max_hp_loss":0,"event_name":"Colosseum","floor":28,"gold_loss":0},{"damage_healed":0,"gold_gain":0,"player_choice":"Fought Nobs","damage_taken":0,"max_hp_gain":0,"max_hp_loss":0,"event_name":"Colosseum","floor":28,"gold_loss":0},{"damage_healed":0,"gold_gain":0,"player_choice":"Fight","damage_taken":0,"max_hp_gain":0,"max_hp_loss":0,"event_name":"Mysterious Sphere","floor":37,"gold_loss":0},{"cards_removed":["Defend_R"],"damage_healed":0,"gold_gain":0,"player_choice":"Offered Basic","damage_taken":0,"max_hp_gain":0,"max_hp_loss":0,"event_name":"Bonfire Elementals","floor":38,"gold_loss":0}],"is_beta":false,"boss_relics":[{"not_picked":["Ectoplasm","Black Star"],"picked":"infinitespire:Burning Sword"},{"not_picked":["SacredBark","hubris:CrackedHourglass"],"picked":"hubris:GrandSneckoEye"}],"items_purged_floors":[3,36],"is_endless":false,"potions_floor_spawned":[7,11,13,16,21,24,27,28,33,39,41,47],"killed_by":"Awakened One","ascension_level":17}}