{"host":"i1h39d0gfh5c6uxl","time":1611134027,"event":{"mods":["AchievementEnabler","BaseMod","Colored Map","Colored Powertips","Highlight Path","Minty Spire (QoL Compilation)"],"gold_per_floor":[109,121,135,135,135,167,167,47,47,60,60,23,23,37,37,142,142,155,171,171,131,144,144,162,162,162],"floor_reached":25,"language":"ENG","playtime":655,"items_purged":["Strike_R"],"score":205,"play_id":"40848970-41ad-4ebe-9c69-73daed5db994","local_time":"20210120171347","is_ascension_mode":false,"campfire_choices":[{"data":"Clothesline","floor":7,"key":"SMITH"},{"data":"Corruption","floor":11,"key":"SMITH"},{"data":"Cleave","floor":13,"key":"SMITH"},{"data":"Headbutt","floor":15,"key":"SMITH"},{"data":"Demon Form","floor":23,"key":"SMITH"}],"circlet_count":0,"master_deck":["Strike_R","Strike_R","Strike_R","Strike_R","Defend_R","Defend_R","Defend_R","Defend_R","Bash+1","Clothesline+1","Headbutt+1","Flame Barrier","Corruption+1","Cleave+1","Flame Barrier","Pummel","Demon Form+1","Sword Boomerang","Sword Boomerang+1","Bludgeon"],"relics":["Coffee Dripper"],"acts_visited":["Exordium","TheCity"],"potions_floor_usage":[6,20,20,20,24,24,25],"damage_taken":[{"damage":1,"enemies":"Cultist","floor":1,"turns":4},{"damage":5,"enemies":"Small Slimes","floor":2,"turns":4},{"damage":1,"enemies":"Jaw Worm","floor":3,"turns":2},{"damage":2,"enemies":"Lagavulin","floor":6,"turns":5},{"damage":0,"enemies":"Large Slime","floor":10,"turns":3},{"damage":13,"enemies":"Gremlin Gang","floor":14,"turns":3},{"damage":13,"enemies":"Hexaghost","floor":16,"turns":8},{"damage":16,"enemies":"Spheric Guardian","floor":18,"turns":4},{"damage":5,"enemies":"3 Byrds","floor":19,"turns":5},{"damage":3,"enemies":"Snake Plant","floor":20,"turns":4},{"damage":22,"enemies":"Sentry and Sphere","floor":22,"turns":5},{"damage":6,"enemies":"Centurion and Healer","floor":24,"turns":4},{"damage":28,"enemies":"Slavers","floor":25,"turns":4}],"seed_played":"7998448638747747844","potions_obtained":[{"floor":2,"key":"Block Potion"},{"floor":6,"key":"Block Potion"},{"floor":10,"key":"SmokeBomb"},{"floor":14,"key":"ColorlessPotion"},{"floor":21,"key":"SpeedPotion"},{"floor":21,"key":"Energy Potion"},{"floor":21,"key":"DuplicationPotion"}],"is_trial":false,"path_per_floor":["M","M","M","?","?","E","R","$","T","M","R","$","R","M","R","B",null,"M","M","M","?","M","R","M","E"],"character_chosen":"IRONCLAD","items_purchased":["Cleave","Flame Barrier"],"campfire_rested":0,"item_purchase_floors":[8,12],"current_hp_per_floor":[79,74,73,73,73,71,71,71,71,71,71,71,71,58,58,45,80,64,59,56,56,34,34,28,0,0],"gold":162,"neow_bonus":"BOSS_RELIC","is_daily":false,"chose_seed":false,"campfire_upgraded":5,"win_rate":0.0,"timestamp":1611134027,"path_taken":["M","?","?","?","?","E","R","?","T","M","R","$","R","M","R","BOSS","M","M","M","?","?","R","M","E"],"items_purchased_type":["Card","Card"],"build_version":"2020-12-22","purchased_purges":1,"victory":false,"max_hp_per_floor":[80,80,80,80,80,80,80,80,80,80,80,80,80,80,80,80,80,80,80,80,80,80,80,80,80,80],"card_choices":[{"not_picked":["Reckless Charge","Thunderclap"],"picked":"Clothesline","floor":1},{"not_picked":["Hemokinesis","Anger"],"picked":"Headbutt","floor":2},{"not_picked":["Flex","Perfected Strike"],"picked":"Flame Barrier","floor":3},{"not_picked":["Whirlwind","Inflame"],"picked":"Corruption","floor":6},{"not_picked":["Sword Boomerang","Flex","Wild Strike"],"picked":"SKIP","floor":10},{"not_picked":["Combust","Flex"],"picked":"Pummel","floor":14},{"not_picked":["Berserk","Feed"],"picked":"Demon Form","floor":16},{"not_picked":["Twin Strike","Clash"],"picked":"Sword Boomerang","floor":18},{"not_picked":["Heavy Blade","Flex"],"picked":"Sword Boomerang+1","floor":19},{"not_picked":["Body Slam+1","Perfected Strike","Havoc"],"picked":"SKIP","floor":22},{"not_picked":["Perfected Strike+1","Heavy Blade"],"picked":"Bludgeon","floor":24}],"player_experience":1380661,"relics_obtained":[],"event_choices":[{"damage_healed":0,"gold_gain":0,"player_choice":"Grow","damage_taken":0,"max_hp_gain":0,"max_hp_loss":0,"event_name":"Living Wall","floor":4,"gold_loss":0,"cards_upgraded":["Bash"]},{"damage_healed":0,"gold_gain":0,"player_choice":"Ignored","damage_taken":0,"max_hp_gain":0,"max_hp_loss":0,"event_name":"Liars Game","floor":5,"gold_loss":0},{"damage_healed":0,"gold_gain":0,"player_choice":"Bought 3 Potions","damage_taken":0,"max_hp_gain":0,"max_hp_loss":0,"event_name":"The Woman in Blue","floor":21,"gold_loss":0}],"is_beta":false,"boss_relics":[{"not_picked":["SacredBark","Tiny House","Runic Dome"]}],"items_purged_floors":[8],"is_endless":false,"potions_floor_spawned":[2,6,10,14,19,20],"killed_by":"Slavers","ascension_level":0}}