{"host":"vhkdq3pn44gqx0jn","time":1611103578,"event":{"mods":["AchievementEnabler","BaseMod","Downfall","Hermit","Minty Spire (QoL Compilation)","StSLib","The Cursed","The Servant 0.9.4"],"gold_per_floor":[99,113,133,208,219,252,279,279,294,312,339,139,158,185,203,307,307,307,322,322,341,341,351,351,367,392,418,437,337,46,46,71,167,167,167,190,216,216,244,271,318,318,352,352,366,366,67,98,120,120,120,120,120,120],"floor_reached":52,"language":"ENG","playtime":7301,"items_purged":[],"score":800,"play_id":"e9ddb1a7-ddd9-4906-8ffb-d8eb15065ce2","local_time":"20210120004618","is_ascension_mode":false,"campfire_choices":[{"floor":1,"key":"RECALL"},{"data":"hexamod:ForkedFlame","floor":12,"key":"SMITH"},{"data":"hexamod:Float","floor":18,"key":"SMITH"},{"floor":29,"key":"REST"},{"floor":35,"key":"REST"},{"floor":42,"key":"REST"},{"floor":44,"key":"REST"},{"floor":46,"key":"REST"}],"circlet_count":0,"master_deck":["hexamod:Strike","hexamod:Defend","hexamod:Defend","hexamod:Defend","hexamod:Sear","hexamod:Float+1","hexamod:HauntingEcho","hexamod:InspiringFlames","hexamod:GhostLash","hexamod:ForkedFlame+1","hexamod:Firestarter+1","hexamod:ThermalTransfer","hexamod:GhostOfSpireFuture","hexamod:Hexaguard","hexamod:SkipABeat","hexamod:FourthSeal","hexamod:GhostShield","hexamod:TimeOfNeed","hexamod:AdvancingGuard","hexamod:SpectersWail","Decay","hexamod:ShieldOfDarkness","hexamod:FirstSeal","hexamod:SecondSeal","hexamod:TimeWarp","hexamod:NightmareGuise+1","hexamod:SoulSteal","hexamod:ThirdSeal","hexamod:FastForward","hexamod:StepThrough","hexamod:ExtraCrispy","hexamod:TimeOfNeed","hexamod:ForkedFlame","hexamod:FastForward","hexamod:NightmareStrike+1","hexamod:HeatMetal+1","hexamod:ThermalTransfer+1","hexamod:Firestarter+1","hexamod:ChargedBarrage","hexamod:HeatShield+1","hexamod:Hexaguard+1","hexamod:EmpoweredFlame+1","hexamod:PhantomFireball+1","hexamod:FastForward+1","hexamod:RecurringNightmare+1","hexamod:PhantomFireball","hexamod:FastForward+1","hexamod:EtherealExpedition+1","hexamod:GhostOfSpirePresent","hexamod:Incineration+1"],"relics":["hexamod:SpiritBrand","Strawberry","Oddly Smooth Stone","Nunchaku","downfall:HeartBlessingRed","downfall:HeartBlessingBlue","Odd Mushroom","Runic Pyramid","Matryoshka","Juzu Bracelet","downfall:HeartBlessingGreen","hexamod:MatchstickCase","Fusion Hammer","Toxic Egg 2","Bag of Marbles","Whetstone","Kunai","Vajra"],"acts_visited":["Exordium","TheCity","TheBeyond","TheEnding"],"potions_floor_usage":[16,21,26,26,26,26,26,27,33,43,48,50,50],"damage_taken":[{"damage":0,"enemies":"Cultist","floor":2,"turns":4},{"damage":0,"enemies":"Jaw Worm","floor":3,"turns":3},{"damage":7,"enemies":"Small Slimes","floor":5,"turns":5},{"damage":6,"enemies":"Lagavulin","floor":6,"turns":6},{"damage":1,"enemies":"Blue Slaver","floor":9,"turns":3},{"damage":7,"enemies":"2 Fungi Beasts","floor":10,"turns":3},{"damage":7,"enemies":"Gremlin Nob","floor":11,"turns":3},{"damage":0,"enemies":"Gremlin Gang","floor":13,"turns":4},{"damage":6,"enemies":"The Mushroom Lair","floor":14,"turns":3},{"damage":0,"enemies":"Blue Slaver","floor":15,"turns":3},{"damage":13,"enemies":"WA_ARCHETYPE_RETAIN","floor":16,"turns":6},{"damage":3,"enemies":"3 Byrds","floor":19,"turns":6},{"damage":0,"enemies":"Spheric Guardian","floor":21,"turns":3},{"damage":10,"enemies":"Snake Plant","floor":23,"turns":3},{"damage":4,"enemies":"Chosen and Byrds","floor":25,"turns":6},{"damage":40,"enemies":"Slavers","floor":26,"turns":6},{"damage":11,"enemies":"Snecko","floor":27,"turns":7},{"damage":4,"enemies":"Snake Plant","floor":28,"turns":3},{"damage":3,"enemies":"downfall:FleeingMerchant","floor":30,"turns":4},{"damage":3,"enemies":"Sentry and Sphere","floor":32,"turns":5},{"damage":36,"enemies":"SI_MIRROR_ARCHETYPE","floor":33,"turns":10},{"damage":15,"enemies":"3 Darklings","floor":36,"turns":6},{"damage":13,"enemies":"Orb Walker","floor":37,"turns":4},{"damage":0,"enemies":"4 Shapes","floor":39,"turns":5},{"damage":29,"enemies":"Jaw Worm Horde","floor":40,"turns":5},{"damage":11,"enemies":"Nemesis","floor":43,"turns":9},{"damage":13,"enemies":"3 Darklings","floor":45,"turns":4},{"damage":0,"enemies":"downfall:FleeingMerchant","floor":47,"turns":4},{"damage":40,"enemies":"Giant Head","floor":48,"turns":8},{"damage":10,"enemies":"Writhing Mass","floor":49,"turns":6},{"damage":19,"enemies":"IC_BLOCK_ARCHETYPE","floor":50,"turns":9},{"damage":136,"enemies":"downfall:CharBossMerchant","floor":52,"turns":9}],"seed_played":"-1494739567667717946","potions_obtained":[{"floor":2,"key":"DuplicationPotion"},{"floor":5,"key":"Fire Potion"},{"floor":10,"key":"ColorlessPotion"},{"floor":16,"key":"FearPotion"},{"floor":21,"key":"Block Potion"},{"floor":23,"key":"EntropicBrew"},{"floor":26,"key":"Guardian:BlockOnCardUsePotion"},{"floor":27,"key":"DuplicationPotion"},{"floor":28,"key":"Dexterity Potion"},{"floor":30,"key":"AttackPotion"},{"floor":36,"key":"hexamod:SoulburnPotion"},{"floor":40,"key":"Block Potion"},{"floor":45,"key":"SteroidPotion"},{"floor":49,"key":"Slimebound:ThreeZeroPotion"},{"floor":49,"key":"ColorlessPotion"}],"is_trial":false,"path_per_floor":["R","M","M","T","M","E","T","?","M","M","E","R","M","?","M","B",null,"R","M","?","M","?","M","T","M","E","M","M","R","$","?","M","B",null,"R","M","M","?","M","M","T","R","E","R","M","R","$","E","M","B",null,"E"],"character_chosen":"THE_SPIRIT","items_purchased":["hexamod:ThirdSeal","hexamod:MatchstickCase","hexamod:FastForward","Kunai","hexamod:PhantomFireball"],"campfire_rested":5,"item_purchase_floors":[30,30,30,47,47],"current_hp_per_floor":[77,77,77,77,70,71,71,71,70,63,56,66,66,60,60,47,94,94,91,91,91,91,81,81,77,44,40,36,64,68,68,65,29,94,94,86,80,80,80,58,58,86,82,94,88,94,94,61,58,46,94,0,0,0],"gold":120,"neow_bonus":"TEN_PERCENT_HP_BONUS","is_daily":false,"chose_seed":false,"campfire_upgraded":2,"win_rate":0.0,"timestamp":1611103578,"path_taken":["R","M","M","?","M","E","T","?","?","M","E","R","M","?","M","BOSS","R","M","?","M","?","M","T","?","E","M","M","R","$","?","M","BOSS","R","M","M","?","M","M","T","R","E","R","M","R","$","E","M","BOSS","E"],"items_purchased_type":["Card","Relic","Card","Relic","Card"],"build_version":"2020-12-22","purchased_purges":0,"victory":false,"max_hp_per_floor":[77,77,77,77,77,84,84,84,84,84,84,94,94,94,94,94,94,94,94,94,94,94,94,94,94,94,94,94,94,94,94,94,94,94,94,94,94,94,94,94,94,94,94,94,94,94,94,94,94,94,94,94,94,94],"card_choices":[{"not_picked":["hexamod:DynamicBlow","hexamod:NightmareGuise"],"picked":"hexamod:HauntingEcho","floor":2},{"not_picked":["hexamod:Haunt","hexamod:Firestarter"],"picked":"hexamod:InspiringFlames","floor":3},{"not_picked":["hexamod:BurningTouch","hexamod:BacktrackSmack"],"picked":"hexamod:GhostLash","floor":5},{"not_picked":["hexamod:NightmareGuise","hexamod:AdvancingGuard"],"picked":"hexamod:ForkedFlame","floor":6},{"not_picked":["hexamod:SwordOfDarkness","hexamod:HauntingEcho"],"picked":"hexamod:ThermalTransfer","floor":9},{"not_picked":["hexamod:BacktrackSmack","hexamod:DynamicBlow"],"picked":"hexamod:GhostOfSpireFuture","floor":10},{"not_picked":["hexamod:Firestarter","hexamod:GhostLash"],"picked":"hexamod:Hexaguard","floor":11},{"not_picked":["hexamod:BurningTouch","hexamod:SwordOfDarkness"],"picked":"hexamod:SkipABeat","floor":13},{"not_picked":["hexamod:NightmareGuise","hexamod:EtherealExpedition"],"picked":"hexamod:FourthSeal","floor":14},{"not_picked":["hexamod:DynamicBlow","hexamod:SpectralAdrenaline"],"picked":"hexamod:GhostShield","floor":15},{"not_picked":["hexamod:UnleashSpirits","hexamod:GhostflameInferno"],"picked":"hexamod:TimeOfNeed","floor":16},{"not_picked":["hexamod:SwordOfDarkness","hexamod:Firestarter"],"picked":"hexamod:AdvancingGuard","floor":19},{"not_picked":["hexamod:InspiringFlames","hexamod:ShieldOfDarkness"],"picked":"hexamod:SpectersWail","floor":21},{"not_picked":["hexamod:BurningTouch","hexamod:GhostShield"],"picked":"hexamod:ShieldOfDarkness","floor":23},{"not_picked":["hexamod:SpectersWail","hexamod:InspiringFlames+1"],"picked":"hexamod:FirstSeal","floor":25},{"not_picked":["hexamod:BurningTouch","hexamod:Hexaguard"],"picked":"hexamod:SecondSeal","floor":26},{"not_picked":["hexamod:GhostShield","hexamod:SwordOfDarkness"],"picked":"hexamod:TimeWarp","floor":27},{"not_picked":["hexamod:RainOfEmbers","hexamod:PhantomCloak+1"],"picked":"hexamod:NightmareGuise+1","floor":28},{"not_picked":["hexamod:Hexaguard","hexamod:BacktrackSmack+1"],"picked":"hexamod:SoulSteal","floor":30},{"not_picked":["hexamod:SpectralAdrenaline","hexamod:Hexaguard"],"picked":"hexamod:StepThrough","floor":32},{"not_picked":["hexamod:GhostShield","hexamod:Firestarter"],"picked":"hexamod:ExtraCrispy","floor":32},{"not_picked":["hexamod:FlameSwitch","hexamod:TurnItUp"],"picked":"hexamod:TimeOfNeed","floor":33},{"not_picked":["hexamod:WildfireWeapon","hexamod:UnleashSpirits"],"picked":"hexamod:ForkedFlame","floor":33},{"not_picked":["hexamod:GhostShield+1","hexamod:HeatShield"],"picked":"hexamod:FastForward","floor":36},{"not_picked":["hexamod:StepThrough","hexamod:GhostLash+1"],"picked":"hexamod:NightmareStrike","floor":36},{"not_picked":["hexamod:GhostOfSpirePast+1","hexamod:ThermalTransfer"],"picked":"hexamod:HeatMetal+1","floor":37},{"not_picked":["hexamod:Rewind","hexamod:NightmareStrike+1"],"picked":"hexamod:ThermalTransfer+1","floor":37},{"not_picked":["hexamod:SwordOfDarkness","hexamod:HauntingEcho"],"picked":"hexamod:Firestarter+1","floor":39},{"not_picked":["hexamod:Rewind","hexamod:CatchUp"],"picked":"hexamod:ChargedBarrage","floor":40},{"not_picked":["hexamod:HeatCrush","hexamod:SwordOfDarkness+1"],"picked":"hexamod:HeatShield+1","floor":40},{"not_picked":["hexamod:RadiantFlame","hexamod:GhostflameBarrier+1"],"picked":"hexamod:Hexaguard+1","floor":43},{"not_picked":["hexamod:HauntingEcho","hexamod:TurnItUp+1"],"picked":"hexamod:EmpoweredFlame+1","floor":43},{"not_picked":["hexamod:Hexaguard+1","hexamod:ChargedBarrage+1"],"picked":"hexamod:PhantomFireball+1","floor":45},{"not_picked":["hexamod:RadiantFlame","hexamod:BacktrackSmack+1"],"picked":"hexamod:FastForward+1","floor":47},{"not_picked":["hexamod:BurningTouch+1","hexamod:GhostShield+1"],"picked":"hexamod:RecurringNightmare+1","floor":47},{"not_picked":["hexamod:PhantomFireball+1","hexamod:HeatMetal"],"picked":"hexamod:FastForward+1","floor":48},{"not_picked":["hexamod:HauntingEcho+1","hexamod:RecurringNightmare+1"],"picked":"hexamod:EtherealExpedition+1","floor":48},{"not_picked":["hexamod:SoulSteal+1","hexamod:InspiringFlames+1"],"picked":"hexamod:GhostOfSpirePresent","floor":49},{"not_picked":["hexamod:ThermalTransfer+1","hexamod:SwordOfDarkness"],"picked":"hexamod:Incineration+1","floor":49}],"player_experience":109455,"relics_obtained":[{"floor":6,"key":"Strawberry"},{"floor":7,"key":"Oddly Smooth Stone"},{"floor":11,"key":"Nunchaku"},{"floor":14,"key":"Odd Mushroom"},{"floor":24,"key":"Matryoshka"},{"floor":26,"key":"Juzu Bracelet"},{"floor":41,"key":"Toxic Egg 2"},{"floor":41,"key":"Bag of Marbles"},{"floor":43,"key":"Whetstone"},{"floor":48,"key":"Vajra"}],"event_choices":[{"damage_healed":0,"gold_gain":0,"player_choice":"Fought Mushrooms","damage_taken":0,"max_hp_gain":0,"max_hp_loss":0,"event_name":"Mushrooms","floor":14,"gold_loss":0}],"is_beta":false,"boss_relics":[{"not_picked":["Runic Dome","SlaversCollar"],"picked":"Runic Pyramid"},{"not_picked":["Cursed Key","bronze:MakeshiftBattery"],"picked":"Fusion Hammer"}],"items_purged_floors":[],"is_endless":false,"potions_floor_spawned":[2,5,10,14,15,16,21,23,26,27,28,39,40,45,49],"killed_by":"downfall:CharBossMerchant","ascension_level":0}}