{"host":"6ayekdpky30mcb5q","time":1611173604,"event":{"mods":["Act Like it!","Bard","BaseMod","Colored Map","GifTheSpireLib","Gremlin Mod","Hallownest","Hermit","Hero for Fun","Highlight Path","Jorbs\u0027s Wanderer Trilogy","Minty Spire (QoL Compilation)","StSLib","The Bladedancer","The Bug Knight","The Disciple","The Forsaken","WoW Paladin Mod"],"gold_per_floor":[214,214,233,250,11,40,40,21,90,106,106,124,124,138,138,236,236,256,266,67,67,85,85,85,85,85,31,47,67,67,17,17,112,112,132,144,244,260,310,337,349,349,349,361,221,221,221],"floor_reached":46,"language":"ENG","playtime":3341,"items_purged":["hermit:Strike_Hermit","hermit:Strike_Hermit","Normality"],"score":502,"play_id":"1ec1b330-5d23-49dd-8f06-eb0b233b6813","local_time":"20210120141324","is_ascension_mode":false,"campfire_choices":[{"data":"hermit:BlackWind","floor":7.0,"key":"SMITH"},{"data":"Dramatic Entrance","floor":11.0,"key":"SMITH"},{"data":"hermit:HoleUp","floor":13.0,"key":"SMITH"},{"data":"hermit:TakeAim","floor":15.0,"key":"SMITH"},{"data":"hermit:Brawl","floor":23.0,"key":"SMITH"},{"data":"hermit:Enervate","floor":25.0,"key":"SMITH"},{"data":"hermit:Defend_Hermit","floor":30.0,"key":"SMITH"},{"data":"hermit:Determination","floor":32.0,"key":"SMITH"},{"data":"1","floor":42,"key":"LIFT"}],"circlet_count":0,"master_deck":["hermit:Strike_Hermit","hermit:Defend_Hermit","hermit:Defend_Hermit+1","hermit:Defend_Hermit","hermit:Defend_Hermit","hermit:Snapshot","hermit:Covet","hermit:HoleUp+1","hermit:BlackWind+1","hermit:Enervate+1","hermit:Headshot+1","Dramatic Entrance+1","hermit:Brawl+1","hermit:Determination+1","hermit:Ricochet","hermit:TakeAim+1","hermit:Enervate","hermit:Reprieve","hermit:GhostlyPresence","Ghostly","Ghostly","Ghostly","Ghostly","Ghostly","hermit:CalledShot+1","hermit:Malice+1","hermit:Malice+1","hermit:Coalescence+1","hermit:CalledShot"],"relics":["hermit:Momento","Membership Card","Juzu Bracelet","Letter Opener","Runic Pyramid","Shuriken","MutagenicStrength","Matryoshka","Cursed Key","Girya","Pantograph","Whetstone","Orrery"],"acts_visited":["Exordium","TheCity","TheBeyond"],"potions_floor_usage":[46],"damage_taken":[{"damage":1.0,"enemies":"Cultist","floor":1.0,"turns":4.0},{"damage":2.0,"enemies":"2 Louse","floor":3.0,"turns":3.0},{"damage":5.0,"enemies":"Small Slimes","floor":4.0,"turns":3.0},{"damage":12.0,"enemies":"3 Sentries","floor":6.0,"turns":6.0},{"damage":0.0,"enemies":"Looter","floor":10.0,"turns":3.0},{"damage":0.0,"enemies":"Blue Slaver","floor":12.0,"turns":2.0},{"damage":0.0,"enemies":"Gremlin Gang","floor":14.0,"turns":2.0},{"damage":41.0,"enemies":"The Guardian","floor":16.0,"turns":10.0},{"damage":0.0,"enemies":"Spheric Guardian","floor":18.0,"turns":3.0},{"damage":25.0,"enemies":"2 Thieves","floor":19.0,"turns":3.0},{"damage":22.0,"enemies":"Shelled Parasite and Fungi","floor":22.0,"turns":4.0},{"damage":3.0,"enemies":"Snake Plant","floor":28.0,"turns":6.0},{"damage":12.0,"enemies":"Cultist and Chosen","floor":29.0,"turns":7.0},{"damage":12.0,"enemies":"Champ","floor":33.0,"turns":7.0},{"damage":3.0,"enemies":"Orb Walker","floor":35.0,"turns":4.0},{"damage":4.0,"enemies":"3 Darklings","floor":36.0,"turns":6.0},{"damage":2.0,"enemies":"Transient","floor":38.0,"turns":5.0},{"damage":1.0,"enemies":"Mind Bloom Boss Battle","floor":39.0,"turns":6.0},{"damage":10,"enemies":"Giant Head","floor":40,"turns":7},{"damage":5,"enemies":"4 Shapes","floor":41,"turns":5},{"damage":21,"enemies":"Writhing Mass","floor":44,"turns":7},{"damage":17,"enemies":"Nemesis","floor":46,"turns":2}],"seed_played":"3147622173984603933","potions_obtained":[{"floor":4.0,"key":"Ancient Potion"},{"floor":10.0,"key":"Energy Potion"},{"floor":12.0,"key":"SteroidPotion"},{"floor":22.0,"key":"SpeedPotion"},{"floor":29.0,"key":"GamblersBrew"}],"is_trial":false,"path_per_floor":["M","?","M","M","$","E","R","$","T","M","R","M","R","M","R","B",null,"M","M","$","?","M","R","?","R","T","?","M","M","R","$","R","B",null,"M","M","?","M","?","E","M","R","T","M","$","E"],"character_chosen":"HERMIT","items_purchased":["Dramatic Entrance","Membership Card","hermit:Determination","Shuriken","hermit:GhostlyPresence","Orrery"],"campfire_rested":0,"item_purchase_floors":[5,5,8,20,20,45],"current_hp_per_floor":[74,74,72,67,67,55,55,55,55,55,55,55,55,55,55,14,75,75,50,50,50,32,32,32,32,32,37,34,26,26,26,26,18,37,34,30,30,32,35,27,26,26,26,5,5,0,0],"gold":221,"neow_bonus":"HUNDRED_GOLD","is_daily":false,"chose_seed":false,"campfire_upgraded":8,"win_rate":0.0,"timestamp":1611173604,"path_taken":["M","?","M","?","$","E","R","$","T","M","R","M","R","M","R","BOSS","M","M","$","?","M","R","?","R","T","?","M","M","R","?","R","BOSS","M","M","?","M","?","E","M","R","T","M","$","E"],"items_purchased_type":["Card","Relic","Card","Relic","Card","Relic"],"build_version":"2020-12-22","purchased_purges":3,"victory":false,"max_hp_per_floor":[75,75,75,75,75,75,75,75,75,75,75,75,75,75,75,75,75,75,75,75,75,75,75,37,37,37,37,37,37,37,37,37,37,37,37,37,37,37,37,37,37,37,37,37,37,37,37],"card_choices":[{"not_picked":["hermit:Quickdraw","hermit:Ricochet"],"picked":"hermit:HoleUp","floor":1.0},{"not_picked":["hermit:Vantage","hermit:Feint"],"picked":"hermit:Enervate","floor":3.0},{"not_picked":["hermit:HighCaliber","hermit:ShadowCloak"],"picked":"hermit:Headshot","floor":4.0},{"not_picked":["hermit:ItchyTrigger","hermit:BodyArmor"],"picked":"hermit:Brawl","floor":6.0},{"not_picked":["hermit:Glare","hermit:Shortfuse"],"picked":"hermit:Ricochet","floor":10.0},{"not_picked":["hermit:Quickdraw","hermit:Desperado"],"picked":"hermit:TakeAim","floor":12.0},{"not_picked":["hermit:DeadOrAlive","hermit:HoleUp"],"picked":"hermit:Enervate","floor":14.0},{"not_picked":["hermit:DeadOrAlive","hermit:FromBeyond"],"picked":"hermit:Reprieve","floor":16.0},{"not_picked":["hermit:LoneWolf","hermit:BodyArmor","hermit:Misfire"],"picked":"SKIP","floor":18.0},{"not_picked":["hermit:Cheat+1","hermit:Maintenance","hermit:Coalescence"],"picked":"SKIP","floor":19.0},{"not_picked":["hermit:Horror","hermit:Roulette","hermit:Desperado"],"picked":"SKIP","floor":22.0},{"not_picked":["hermit:BodyArmor+1","hermit:WideOpen","hermit:Grudge+1"],"picked":"SKIP","floor":28.0},{"not_picked":["hermit:Glare","hermit:HoleUp"],"picked":"hermit:CalledShot+1","floor":29.0},{"not_picked":["hermit:Vantage+1","hermit:HighCaliber+1"],"picked":"hermit:Malice+1","floor":35.0},{"not_picked":["hermit:WideOpen+1","hermit:Showdown","hermit:NoHoldsBarred+1"],"picked":"SKIP","floor":36.0},{"not_picked":["hermit:Ricochet+1","hermit:Roulette"],"picked":"hermit:Malice","floor":38.0},{"not_picked":["hermit:Spite","hermit:BigShot","hermit:GoldenBullet+1"],"picked":"SKIP","floor":40},{"not_picked":["hermit:BigShot","hermit:Dive","hermit:Shortfuse"],"picked":"SKIP","floor":41},{"not_picked":["hermit:Malice","hermit:TrackingShot+1"],"picked":"hermit:Coalescence+1","floor":44},{"not_picked":["hermit:HighCaliber+1","hermit:Determination"],"picked":"hermit:CalledShot","floor":45}],"player_experience":592899,"relics_obtained":[{"floor":6.0,"key":"Juzu Bracelet"},{"floor":9.0,"key":"Letter Opener"},{"floor":26.0,"key":"Matryoshka"},{"floor":39.0,"key":"Girya"},{"floor":40,"key":"Pantograph"},{"floor":43,"key":"Whetstone"}],"event_choices":[{"damage_healed":0.0,"max_hp_gain":0.0,"max_hp_loss":0.0,"gold_gain":0.0,"cards_transformed":["hermit:Strike_Hermit"],"event_name":"Transmorgrifier","player_choice":"Transformed","floor":2.0,"gold_loss":0.0,"damage_taken":0.0,"cards_obtained":["hermit:BlackWind"]},{"damage_healed":0.0,"max_hp_gain":0.0,"max_hp_loss":0.0,"gold_gain":0.0,"event_name":"Drug Dealer","player_choice":"Inject Mutagens","floor":21.0,"gold_loss":0.0,"damage_taken":0.0,"relics_obtained":["MutagenicStrength"]},{"damage_healed":0.0,"max_hp_gain":0.0,"max_hp_loss":38.0,"gold_gain":0.0,"event_name":"Ghosts","player_choice":"Became a Ghost","floor":24.0,"gold_loss":0.0,"damage_taken":0.0,"cards_obtained":["Ghostly","Ghostly","Ghostly","Ghostly","Ghostly"]},{"damage_healed":0.0,"max_hp_gain":0.0,"max_hp_loss":0.0,"gold_gain":100.0,"event_name":"Golden Shrine","player_choice":"Pray","floor":37.0,"gold_loss":0.0,"damage_taken":0.0},{"damage_healed":0.0,"max_hp_gain":0.0,"max_hp_loss":0.0,"gold_gain":0.0,"event_name":"MindBloom","player_choice":"Fight","floor":39.0,"gold_loss":0.0,"damage_taken":0.0}],"is_beta":false,"boss_relics":[{"not_picked":["hermit:BartenderGlass","Coffee Dripper"],"picked":"Runic Pyramid"},{"not_picked":["Sozu","SacredBark"],"picked":"Cursed Key"}],"items_purged_floors":[20,31,45],"is_endless":false,"potions_floor_spawned":[4,10,12,16,22,29,35,39,41],"killed_by":"Nemesis","ascension_level":0}}