{"host":"snn1c4qsf0fj7fzf","time":1611116495,"event":{"mods":["AchievementEnabler","Act Like it!","Aspiration","Astrologer","Bard","Bartender","BaseMod","Colored Powertips","Energized Spire","Gensokyo","Gremlin Mod","Hallownest","Hermit","HololiveMod","Hubris","Infinite Spire","Lobotomy","LobotomyExtend","Marisa????????","Minty Spire (QoL Compilation)","Random Character Button","Rare Cards Sparkle","Reimu??????","Replay The Spire","Shop Mod","StSLib","The Animator","The Bug Knight","The Cursed","The Gatherer","The Hierophant","The Poker Player","Wandering Minibosses"],"gold_per_floor":[112,37,57,57,70,70,104,124,124,150,161,194,194,208,208,313,313,332,345,345,364,20,55,55,55,78,113,126,126,126,126],"floor_reached":30,"language":"ENG","playtime":9029,"items_purged":["Defend_G","Strike_G"],"score":329,"play_id":"4b6a522a-d3e4-47a3-94ef-100a6fb0a673","local_time":"20210120122135","is_ascension_mode":true,"campfire_choices":[{"data":"Replay:Poison Smokescreen","floor":6,"key":"SMITH"},{"data":"Neutralize","floor":13,"key":"SMITH"},{"data":"Caltrops","floor":15,"key":"SMITH"},{"data":"infinitespire:Neurotoxin","floor":25,"key":"SMITH"}],"circlet_count":0,"master_deck":["Strike_G","Strike_G","Strike_G","Strike_G","Defend_G","Defend_G","Defend_G","Defend_G","Survivor","Neutralize+1","Poisoned Stab","Slice","Replay:Poison Smokescreen+1","Poisoned Stab","Acrobatics","Footwork","Caltrops+1","Prepared","Burst","ReplayTheSpireMod:Black Plague","Crippling Poison","Replay:Poison Smokescreen+1","hubris:DuctTapeCard"],"relics":["Ring of the Snake","aspiration:DSix","LetterFromLob","Hallownest:DreamNailRelic","Bottled Flame","Snake Skull","Orichalcum","SacredBark","Garlic","infinitespire:CheckeredPen","HollowMod:PaleOreRelic","Gremlin Horn","hubris:DuctTape"],"acts_visited":["Hallownest:Greenpath","TheCity"],"potions_floor_usage":[11,16,19,23,23,23,28],"damage_taken":[{"damage":13,"enemies":"Hallownest:monsterHuskGuard","floor":1,"turns":5},{"damage":1,"enemies":"2_ Uuma","floor":3,"turns":4},{"damage":0,"enemies":"Hallownest:monsterHuskWarrior","floor":5,"turns":4},{"damage":0,"enemies":"Hallownest:eliteMossKnight","floor":7,"turns":4},{"damage":3,"enemies":"Hallownest:Wandering_and_Horned","floor":8,"turns":5},{"damage":4,"enemies":"Hallownest:eliteCrystalGuardian","floor":10,"turns":5},{"damage":6,"enemies":"Hallownest:1_Ooma_and_2_Uuma","floor":11,"turns":4},{"damage":8,"enemies":"Hallownest:eliteVengeflyKing","floor":12,"turns":5},{"damage":9,"enemies":"Hallownest:1_Baldur_1_Crawlid_1_Warrior","floor":14,"turns":8},{"damage":14,"enemies":"Hallownest:BossFalseKnight","floor":16,"turns":8},{"damage":8,"enemies":"Chosen","floor":18,"turns":6},{"damage":21,"enemies":"Centurion and Healer","floor":19,"turns":7},{"damage":13,"enemies":"Cultist and Chosen","floor":21,"turns":6},{"damage":35,"enemies":"Gremlin Leader","floor":23,"turns":9},{"damage":14,"enemies":"Book of Stabbing","floor":27,"turns":4},{"damage":8,"enemies":"Sentry and Sphere","floor":28,"turns":6},{"damage":4,"enemies":"3 Cultists","floor":30,"turns":4}],"seed_played":"6218934069005892316","potions_obtained":[{"floor":1,"key":"PowerPotion"},{"floor":3,"key":"SpeedPotion"},{"floor":11,"key":"Languid Potion"},{"floor":14,"key":"Dexterity Potion"},{"floor":16,"key":"Regen Potion"},{"floor":18,"key":"Fire Potion"},{"floor":21,"key":"Poison Potion"},{"floor":23,"key":"LiquidMemories"},{"floor":28,"key":"SpeedPotion"}],"is_trial":false,"path_per_floor":["M","$","M","?","M","R","E","M","T","E","M","E","R","M","R","B",null,"M","M","?","M","$","E","M","R","T","E","M","T","M"],"character_chosen":"THE_SILENT","items_purchased":["Garlic"],"campfire_rested":0,"item_purchase_floors":[22],"current_hp_per_floor":[57,57,56,56,56,56,56,53,53,49,43,35,35,26,26,12,70,62,41,24,11,11,25,25,25,25,11,3,3,0,0],"gold":126,"neow_bonus":"DSIX","is_daily":false,"chose_seed":false,"campfire_upgraded":4,"win_rate":0.0,"timestamp":1611116495,"path_taken":["M","$","M","?","M","R","E","M","T","E","M","E","R","M","R","BOSS","M","?","?","M","$","E","M","R","T","E","M","?","?"],"items_purchased_type":["Relic"],"build_version":"2020-12-22","purchased_purges":2,"victory":false,"max_hp_per_floor":[70,70,70,70,70,70,70,70,70,70,70,70,70,70,70,70,70,70,70,70,70,70,70,70,70,70,70,70,70,70,70],"card_choices":[{"not_picked":["Heel Hook","Sucker Punch"],"picked":"Poisoned Stab","floor":1},{"not_picked":["Reflex","Fluid Movement"],"picked":"Slice","floor":3},{"not_picked":["Predator","Slice"],"picked":"Replay:Poison Smokescreen","floor":5},{"not_picked":["Dash","Accuracy"],"picked":"Poisoned Stab","floor":7},{"not_picked":["Dagger Spray","Bane"],"picked":"Acrobatics","floor":8},{"not_picked":["Dagger Throw","Poisoned Stab"],"picked":"Deadly Poison","floor":10},{"not_picked":["Flechettes","Outmaneuver","Dagger Spray"],"picked":"SKIP","floor":11},{"not_picked":["ReplayTheSpireMod:Tripwire","Heel Hook"],"picked":"Footwork","floor":12},{"not_picked":["Riddle With Holes","Blade Dance"],"picked":"Caltrops","floor":14},{"not_picked":["Corpse Explosion","Unload"],"picked":"infinitespire:Neurotoxin","floor":16},{"not_picked":["Bane+1","Blade Dance"],"picked":"Prepared","floor":18},{"not_picked":["Slice","Acrobatics+1"],"picked":"Burst","floor":19},{"not_picked":["infinitespire:DeathsTouch","infinitespire:Execution"],"picked":"ReplayTheSpireMod:Black Plague","floor":20},{"not_picked":["Cloak And Dagger","Slice","Well Laid Plans"],"picked":"SKIP","floor":21},{"not_picked":["Bane","Acrobatics"],"picked":"Crippling Poison","floor":23},{"not_picked":["Quick Slash","All Out Attack","Outmaneuver"],"picked":"SKIP","floor":27},{"not_picked":["Acrobatics","Underhanded Strike"],"picked":"Replay:Poison Smokescreen+1","floor":28}],"player_experience":322673,"relics_obtained":[{"floor":1,"key":"LetterFromLob"},{"floor":7,"key":"Bottled Flame"},{"floor":10,"key":"Snake Skull"},{"floor":12,"key":"Orichalcum"},{"floor":23,"key":"infinitespire:CheckeredPen"},{"floor":26,"key":"HollowMod:PaleOreRelic"},{"floor":27,"key":"Gremlin Horn"},{"floor":29,"key":"hubris:DuctTape"}],"event_choices":[],"is_beta":false,"boss_relics":[{"not_picked":["Hololive_Finger","ChewingGum"],"picked":"SacredBark"}],"items_purged_floors":[2,22],"is_endless":false,"potions_floor_spawned":[1,3,11,14,16,18,21,23,28],"killed_by":"3 Cultists","ascension_level":1}}