{"host":"Charlie","time":1611128771,"event":{"mods":["100% Spire Juice","Aspiration","BaseMod","Better Match","Better Skull","Better Third Choice","BetterRewards","ChefMod","Colored Map","Colored Powertips","Conspire","Curses Come First","Dota2Spire","Downfall","Ekko","Evolution","Fox Events","Friendly Minions","Halation","Hermit","Hubris","Infinite Spire","Luminous","Melee Mod","Minty Spire (QoL Compilation)","Quick Restart","Rare Cards Sparkle","Relic Stats","Robot Space Explorer","Shade Mod","Spicy Shops","Spire Arcade","StSLib","SuperFastMode","Synergy Search","The Animator","The Blue Laboratory","The Caster","The Cursed","The Dragon Tamer","The Factory","The Gatherer","The Jungle","The Marked","The Necromancer","Unceasing Turn Reminder","vexMod"],"gold_per_floor":[111,121,49,49,67,67,102,102,174,174,124,149,166,66,66,162,162,182,194,209,40,40,40,72,90,114,128,162,10,10,10,10,124,124,126,126,126,49,68,68,81,98,125,125,175,232,277,298,298,338],"floor_reached":51,"language":"ENG","playtime":3069,"items_purged":["Writhe"],"score":805,"play_id":"da8c6dc1-2d3d-4a88-8550-4313717f28ce","local_time":"20210119234611","is_ascension_mode":false,"campfire_choices":[{"data":"caster:IcicleLance","floor":6,"key":"SMITH"},{"data":"caster:WallOfAsh","floor":10,"key":"SMITH"},{"data":"caster:PhoenixFlare","floor":15,"key":"SMITH"},{"data":"caster:PyroclasticTide","floor":23,"key":"SMITH"},{"data":"caster:EchoingVoice","floor":32,"key":"SMITH"},{"data":"caster:Inferno","floor":40,"key":"SMITH"},{"data":"Ghostly","floor":44,"key":"SMITH"},{"data":"caster:ManaOverflow","floor":49,"key":"SMITH"}],"circlet_count":0,"master_deck":["caster:Meteor","caster:DivertFocus","caster:MagicResonance","caster:MagicResonance","caster:strike","caster:strike","caster:defend","caster:defend","caster:defend","caster:defend","caster:defend","caster:IcicleLance+1","caster:WallOfAsh+1","caster:Slick+1","caster:PhoenixFlare+1","caster:PyroclasticTide+1","Ghostly+1","caster:EchoingVoice+1","caster:Sandstorm","caster:Inferno+1","caster:Unearth+1","caster:GaiasBlessing","caster:SunGoddessAmaterasu+1","caster:MagicAttunement+1","caster:Elementalize+1","caster:WallOfMirrors+1","caster:PyroclasticTide+1","caster:MagicAttunement+1","caster:ManaOverflow+1"],"relics":["caster:MagicBook","EVO:Axolotl","aspiration:Nostalgia","Shade:YorickSkull","vexMod:PlasmaPancake","Dota2Spire:ShadowBlade","hubris:BottledRain","Singing Bowl","halation:LettersToHer","hubris:ScarierMask","halation:PromiseList","Centennial Puzzle","Kunai","Dota2Spire:PhaseBoots","infinitespire:Midas Blood","Frozen Eye","vexMod:DeviousBotling","halation:Sosunser","hubris:Spice","Dota2Spire:HandOfMidas","Pen Nib"],"acts_visited":["Exordium","TheCity","TheBeyond"],"potions_floor_usage":[7,12,16,24,28,33,33,45,45,50],"damage_taken":[{"damage":3,"enemies":"2 Louse","floor":1,"turns":4},{"damage":0,"enemies":"Jaw Worm","floor":2,"turns":4},{"damage":2,"enemies":"Small Slimes","floor":5,"turns":3},{"damage":20,"enemies":"Gremlin Nob","floor":7,"turns":4},{"damage":4,"enemies":"Lagavulin","floor":12,"turns":7},{"damage":0,"enemies":"Exordium Wildlife","floor":13,"turns":3},{"damage":15,"enemies":"The Guardian","floor":16,"turns":11},{"damage":0,"enemies":"Spheric Guardian","floor":18,"turns":2},{"damage":0,"enemies":"3 Byrds","floor":19,"turns":4},{"damage":0,"enemies":"Sentry and Sphere","floor":20,"turns":2},{"damage":0,"enemies":"Gremlin Leader","floor":24,"turns":7},{"damage":5,"enemies":"Snake Plant","floor":25,"turns":4},{"damage":0,"enemies":"Cultist and Chosen","floor":27,"turns":3},{"damage":7,"enemies":"Slavers","floor":28,"turns":4},{"damage":84,"enemies":"Champ","floor":33,"turns":12},{"damage":14,"enemies":"3 Darklings","floor":35,"turns":5},{"damage":0,"enemies":"3 Shapes","floor":39,"turns":2},{"damage":0,"enemies":"Jaw Worm Horde","floor":41,"turns":3},{"damage":29,"enemies":"Giant Head","floor":42,"turns":7},{"damage":9,"enemies":"Transient","floor":45,"turns":5},{"damage":0,"enemies":"Nemesis","floor":46,"turns":7},{"damage":0,"enemies":"Maw","floor":47,"turns":5},{"damage":14,"enemies":"Sphere and 2 Shapes","floor":48,"turns":4},{"damage":55,"enemies":"hubris:GrandSnecko","floor":50,"turns":8}],"seed_played":"-7707734419573361756","potions_obtained":[{"floor":2,"key":"blueLaboratory:PhilterOfMotion"},{"floor":5,"key":"AttackPotion"},{"floor":12,"key":"blueLaboratory:BottleOfVodka"},{"floor":13,"key":"blueLaboratory:SavagePotion"},{"floor":19,"key":"GamblersBrew"},{"floor":25,"key":"Dexterity Potion"},{"floor":28,"key":"ColorlessPotion"},{"floor":35,"key":"Strength Potion"},{"floor":42,"key":"Energy Potion"},{"floor":47,"key":"infinitespire:BlackPotion"}],"is_trial":false,"path_per_floor":["M","M","$","?","M","R","E","?","T","R","?","E","M","?","R","B",null,"M","M","M","$","?","R","E","M","T","M","E","$","?","$","R","B",null,"M","?","?","$","M","R","M","E","T","R","M","E","M","M","R","B",null],"character_chosen":"THE_CASTER","items_purchased":["vexMod:PlasmaPancake","halation:PromiseList","caster:Sandstorm","Frozen Eye","halation:Sosunser"],"campfire_rested":0,"item_purchase_floors":[3,21,21,29,38],"current_hp_per_floor":[61,61,67,67,65,65,45,45,45,45,45,41,41,41,41,26,70,72,74,76,76,76,76,76,71,71,73,74,74,74,74,74,9,78,67,67,67,67,69,69,71,60,60,60,61,73,83,76,76,31],"gold":338,"neow_bonus":"NOSTALGIA","is_daily":false,"chose_seed":false,"campfire_upgraded":8,"win_rate":0.0,"timestamp":1611128771,"path_taken":["M","M","$","?","M","R","E","?","T","R","?","E","M","?","R","BOSS","M","M","M","$","?","R","E","M","T","M","E","$","?","?","R","BOSS","M","?","?","$","M","R","M","E","T","R","M","E","M","M","R","BOSS"],"items_purchased_type":["Relic","Relic","Card","Relic","Relic"],"build_version":"2020-12-18","purchased_purges":1,"victory":true,"max_hp_per_floor":[64,64,70,70,70,70,70,70,70,70,70,70,70,70,70,70,70,72,74,76,76,76,76,76,76,76,76,78,78,78,78,78,78,78,80,80,80,80,80,80,80,88,88,88,88,88,90,90,90,90],"relic_stats":{"Centennial Puzzle":[24],"Singing Bowl":12,"counters":[24,120],"Pen Nib":[1],"Kunai":[1],"obtain_stats":[{"vexMod:PlasmaPancake":3,"Dota2Spire:HandOfMidas":43,"Singing Bowl":9,"aspiration:Nostalgia":0,"Shade:YorickSkull":0,"halation:Sosunser":38,"Dota2Spire:ShadowBlade":4,"Pen Nib":46,"EVO:Axolotl":0,"caster:MagicBook":0,"Frozen Eye":29,"Centennial Puzzle":22,"hubris:Spice":42,"hubris:ScarierMask":17,"vexMod:DeviousBotling":34,"halation:PromiseList":21,"Kunai":24,"halation:LettersToHer":12,"hubris:BottledRain":7,"Dota2Spire:PhaseBoots":26,"infinitespire:Midas Blood":28},{"vexMod:PlasmaPancake":2,"Dota2Spire:HandOfMidas":19,"Singing Bowl":4,"aspiration:Nostalgia":0,"Shade:YorickSkull":0,"halation:Sosunser":16,"Dota2Spire:ShadowBlade":2,"Pen Nib":21,"EVO:Axolotl":0,"caster:MagicBook":0,"Frozen Eye":14,"Centennial Puzzle":10,"hubris:Spice":19,"hubris:ScarierMask":7,"vexMod:DeviousBotling":15,"halation:PromiseList":10,"Kunai":11,"halation:LettersToHer":5,"hubris:BottledRain":4,"Dota2Spire:PhaseBoots":12,"infinitespire:Midas Blood":14},{"vexMod:PlasmaPancake":8,"Dota2Spire:HandOfMidas":91,"Singing Bowl":15,"aspiration:Nostalgia":0,"Shade:YorickSkull":0,"halation:Sosunser":79,"Dota2Spire:ShadowBlade":8,"Pen Nib":103,"EVO:Axolotl":0,"caster:MagicBook":0,"Frozen Eye":62,"Centennial Puzzle":44,"hubris:Spice":91,"hubris:ScarierMask":36,"vexMod:DeviousBotling":74,"halation:PromiseList":44,"Kunai":51,"halation:LettersToHer":22,"hubris:BottledRain":15,"Dota2Spire:PhaseBoots":55,"infinitespire:Midas Blood":62}]},"card_choices":[{"not_picked":["caster:FlashSpeed","caster:Enfeeble","caster:FlashFrost"],"picked":"SKIP","floor":1},{"not_picked":["caster:LightningBolt","caster:MagicResonance","caster:Enfeeble"],"picked":"SKIP","floor":2},{"not_picked":["caster:MagicBarrier","caster:Rectify"],"picked":"caster:IcicleLance","floor":5},{"not_picked":["caster:LightningBolt","caster:GlacialShield"],"picked":"caster:WallOfAsh","floor":7},{"not_picked":["caster:SunGoddessAmaterasu","caster:Rectify"],"picked":"caster:PhoenixFlare","floor":12},{"not_picked":["caster:Charge","caster:Fireball"],"picked":"caster:PyroclasticTide","floor":13},{"not_picked":["caster:StormGust","caster:Ramuh"],"picked":"caster:EchoingVoice","floor":16},{"not_picked":["caster:StaticField","caster:AbsoluteZero+1","caster:AshesToAshes"],"picked":"Singing Bowl","floor":18},{"not_picked":["caster:MagicWeapon+1","caster:Sleet","caster:Illusion"],"picked":"Singing Bowl","floor":19},{"not_picked":["caster:Enfeeble","caster:FireWall","caster:Fireball+1"],"picked":"Singing Bowl","floor":20},{"not_picked":["caster:Illusion+1","caster:LightningBolt"],"picked":"caster:Inferno","floor":24},{"not_picked":["caster:SpontaneousCombustion","caster:FireWall"],"picked":"caster:Unearth+1","floor":25},{"not_picked":["caster:FrostDriver","caster:Embers+1"],"picked":"caster:GaiasBlessing","floor":27},{"not_picked":["caster:BloodRitual","caster:Sultry+1","caster:Discharge"],"picked":"Singing Bowl","floor":28},{"not_picked":["caster:Inferno","caster:StormGust"],"picked":"caster:SunGoddessAmaterasu","floor":33},{"not_picked":["caster:FlashSpeed","caster:Unearth","caster:Sandstorm+1"],"picked":"Singing Bowl","floor":35},{"not_picked":["caster:LightningBolt+1","caster:FlashSpeed"],"picked":"caster:MagicAttunement+1","floor":39},{"not_picked":["caster:GlacialShield+1","caster:QuickCast"],"picked":"caster:Elementalize+1","floor":41},{"not_picked":["caster:AbsoluteZero+1","caster:Eruption+1"],"picked":"caster:WallOfMirrors+1","floor":42},{"not_picked":["caster:QuickCast+1","caster:Enfeeble"],"picked":"caster:PyroclasticTide+1","floor":45},{"not_picked":["caster:WallOfThorns","caster:Eruption"],"picked":"caster:MagicAttunement+1","floor":46},{"not_picked":["caster:MegaloSpark+1","caster:LAZER+1","caster:FlashSpeed+1"],"picked":"Singing Bowl","floor":47},{"not_picked":["caster:WallOfRocks","caster:Fireball+1"],"picked":"caster:ManaOverflow","floor":48}],"player_experience":487812,"relics_obtained":[{"floor":7,"key":"hubris:BottledRain"},{"floor":9,"key":"Singing Bowl"},{"floor":12,"key":"halation:LettersToHer"},{"floor":24,"key":"Kunai"},{"floor":26,"key":"halation:LettersToHer"},{"floor":26,"key":"Dota2Spire:PhaseBoots"},{"floor":28,"key":"infinitespire:Midas Blood"},{"floor":42,"key":"hubris:Spice"},{"floor":43,"key":"halation:LettersToHer"},{"floor":43,"key":"Dota2Spire:HandOfMidas"},{"floor":46,"key":"Pen Nib"}],"event_choices":[{"damage_healed":0,"gold_gain":0,"player_choice":"Box","damage_taken":0,"relics_obtained":["Dota2Spire:ShadowBlade"],"max_hp_gain":0,"max_hp_loss":0,"event_name":"Big Fish","floor":4,"gold_loss":0,"cards_obtained":["Regret"]},{"cards_removed":["Regret"],"damage_healed":0,"gold_gain":0,"player_choice":"Card Removal","damage_taken":0,"max_hp_gain":0,"max_hp_loss":0,"event_name":"The Cleric","floor":11,"gold_loss":50},{"damage_healed":0,"gold_gain":0,"player_choice":"Argue","damage_taken":0,"max_hp_gain":0,"max_hp_loss":0,"event_name":"conspire:LoneGhost","floor":14,"gold_loss":0},{"damage_healed":0,"gold_gain":0,"player_choice":"Opened","damage_taken":0,"relics_obtained":["Centennial Puzzle"],"max_hp_gain":0,"max_hp_loss":0,"event_name":"The Mausoleum","floor":22,"gold_loss":0,"cards_obtained":["Writhe"]},{"damage_healed":0,"gold_gain":0,"player_choice":"Leave","damage_taken":0,"max_hp_gain":0,"max_hp_loss":0,"event_name":"conspire:Investor","floor":37,"gold_loss":0}],"is_beta":true,"boss_relics":[{"not_picked":["Empty Cage","aspiration:WatcherSkillbook"],"picked":"hubris:ScarierMask"},{"not_picked":["infinitespire:Cupcake","hubris:VirtuousBlindfold"],"picked":"vexMod:DeviousBotling"}],"items_purged_floors":[29],"is_endless":false,"potions_floor_spawned":[2,5,12,13,19,25,28,35,42,47],"ascension_level":0}}