{"host":"6a92uynocv4elkyp","time":1611179519,"event":{"mods":["AchievementEnabler","BaseMod","Hubris","Infinite Spire","Minty Spire (QoL Compilation)","Quick Restart","Replay The Spire","StSLib"],"gold_per_floor":[99,150,192,192,192,273,357,459,459,537,537,477,522,618,618,618,618],"floor_reached":16,"language":"ENG","playtime":805,"items_purged":["Hallucinations"],"score":322,"play_id":"e52adf01-c808-42cd-a7ce-074d00bf2f90","local_time":"20210120225159","daily_mods":["SealedDeck","Diverse","Heirloom","Flight","DeadlyEvents","Elite Swarm","Midas"],"is_ascension_mode":true,"campfire_choices":[{"floor":11,"key":"REST"}],"circlet_count":0,"master_deck":["AscendersBane","Replay:ManipulateFuture","Coolheaded","Dagger Throw+1","Tactician","Backflip","Nirvana","Blade Dance","ThirdEye","Metallicize","Infinite Blades","Sunder","Tools of the Trade","Omniscience","DevaForm+1","SpiritShield"],"relics":["replay:Trail_Library","Ice Cream","Iron Core","ReplayTheSpireMod:Ring of Addiction","Ring of Shattering","SacredBark","Toy Ornithopter","Molten Egg 2","Replay:WaspNest","Durian","The Courier","Replay:Bottled Eggs","hubris:Potato"],"acts_visited":["Exordium"],"potions_floor_usage":[6,6],"damage_taken":[{"damage":0,"enemies":"Cultist","floor":2,"turns":3},{"damage":8,"enemies":"Small Slimes","floor":3,"turns":3},{"damage":23,"enemies":"Gremlin Nob","floor":6,"turns":4},{"damage":0,"enemies":"Lagavulin","floor":7,"turns":4},{"damage":22,"enemies":"3 Sentries","floor":8,"turns":5},{"damage":7,"enemies":"Lagavulin","floor":10,"turns":5},{"damage":4,"enemies":"2 Louse","floor":13,"turns":3},{"damage":12,"enemies":"Gremlin Nob","floor":14,"turns":4},{"damage":0,"enemies":"Slime Boss","floor":16,"turns":1}],"seed_played":"5733946316735691221","potions_obtained":[{"floor":5,"key":"Reflective Coating"},{"floor":5,"key":"Weak Potion"},{"floor":8,"key":"FairyPotion"},{"floor":10,"key":"Energy Potion"}],"is_trial":true,"path_per_floor":["?","M","M","?","?","E","E","E","T","E","R","$","M","E","R","B"],"character_chosen":"DEFECT","items_purchased":[],"campfire_rested":1,"item_purchase_floors":[],"current_hp_per_floor":[64,64,56,56,56,43,43,26,26,19,41,41,37,25,46,46,46],"gold":618,"neow_bonus":"","is_daily":false,"chose_seed":false,"campfire_upgraded":0,"win_rate":0.0,"timestamp":1611179519,"path_taken":["?","M","M","?","?","E","E","E","T","E","R","$","?","E","R","BOSS"],"items_purchased_type":[],"build_version":"2020-12-22","purchased_purges":1,"victory":false,"max_hp_per_floor":[71,71,71,71,71,71,71,76,76,74,74,74,72,72,72,70,70],"card_choices":[{"not_picked":["hubris:CleavingFinish","DeceiveReality","Leg Sweep"],"picked":"SKIP","floor":2},{"not_picked":["hubris:CleavingFinish","Bloodletting"],"picked":"Sunder","floor":3},{"not_picked":["Hyperbeam+1","hubris:Prefetch"],"picked":"Tools of the Trade","floor":6},{"not_picked":["Judgement","ReplayTheSpireMod:Necrosis"],"picked":"Omniscience","floor":7},{"not_picked":["Glass Knife+1","Replay:Many Hands","Corpse Explosion"],"picked":"SKIP","floor":8},{"not_picked":["Wraith Form v2","Malaise"],"picked":"DevaForm","floor":10},{"not_picked":["Sentinel","EmptyFist+1","Cold Snap+1"],"picked":"SKIP","floor":13},{"not_picked":["Mirror Shield","Exhume"],"picked":"SpiritShield","floor":14}],"player_experience":134194,"relics_obtained":[{"floor":5,"key":"ReplayTheSpireMod:Ring of Addiction"},{"floor":5,"key":"Ring of Shattering"},{"floor":5,"key":"SacredBark"},{"floor":5,"key":"Toy Ornithopter"},{"floor":6,"key":"Molten Egg 2"},{"floor":7,"key":"Replay:WaspNest"},{"floor":8,"key":"Durian"},{"floor":9,"key":"The Courier"},{"floor":10,"key":"Replay:Bottled Eggs"},{"floor":14,"key":"hubris:Potato"}],"event_choices":[],"is_beta":false,"boss_relics":[],"items_purged_floors":[12],"is_endless":false,"potions_floor_spawned":[8,10,14],"killed_by":"Slime Boss","ascension_level":20}}