{"host":"sc0o2qwpf9j16a4i","time":1611179589,"event":{"mods":["AchievementEnabler","BaseMod","BetterRewards","Block Reminder","Colored Map","Colored Powertips","Custom Start","Highlight Path","Minty Spire (QoL Compilation)","Relic Stats"],"gold_per_floor":[115,115,190,3,3,36,7,7,33,33,77,96,116,140,140,229,229,242,256,272,272,67,67,67,17,43,63,98,98,98,132,132,225,225,248,264,289,303,303,303,336,669,745,492,526,748,748,748],"floor_reached":47,"language":"ENG","playtime":828,"items_purged":["Strike_R","Strike_R","Strike_R"],"score":1393,"play_id":"430ba296-7c17-4a5f-b941-d0e6ac517a3b","local_time":"20210120235309","is_ascension_mode":true,"campfire_choices":[{"floor":8,"key":"REST"},{"floor":10,"key":"REST"},{"data":"Sword Boomerang","floor":15,"key":"SMITH"},{"floor":23,"key":"REST"},{"data":"Feed","floor":30,"key":"SMITH"},{"floor":32,"key":"REST"},{"floor":40,"key":"RECALL"}],"circlet_count":0,"master_deck":["AscendersBane","Strike_R","Strike_R","Defend_R","Defend_R","Defend_R","Defend_R","Bash","Uppercut","Twin Strike","Carnage","Sword Boomerang+1","Dropkick","Immolate","Thunderclap","Feed+1","Feel No Pain+1","Necronomicurse","Shrug It Off","True Grit","Shrug It Off","Feel No Pain"],"relics":["Burning Blood","Brimstone","Anchor","Singing Bowl","Membership Card","Ginger","Oddly Smooth Stone","Darkstone Periapt","Busted Crown","Necronomicon","Chemical X","Orichalcum","Lantern","Red Mask","Mango","Sozu","Boot","Medical Kit","Regal Pillow","Question Card"],"acts_visited":["Exordium","TheCity","TheBeyond"],"potions_floor_usage":[11,16,28,33],"damage_taken":[{"damage":6,"enemies":"Cultist","floor":1,"turns":3},{"damage":17,"enemies":"Lagavulin","floor":6,"turns":4},{"damage":1,"enemies":"3 Sentries","floor":11,"turns":3},{"damage":0,"enemies":"2 Louse","floor":12,"turns":1},{"damage":0,"enemies":"Small Slimes","floor":13,"turns":2},{"damage":0,"enemies":"Looter","floor":14,"turns":2},{"damage":13,"enemies":"Slime Boss","floor":16,"turns":5},{"damage":0,"enemies":"Chosen","floor":18,"turns":3},{"damage":13,"enemies":"Spheric Guardian","floor":19,"turns":3},{"damage":5,"enemies":"Snake Plant","floor":20,"turns":2},{"damage":0,"enemies":"Cultist and Chosen","floor":27,"turns":2},{"damage":0,"enemies":"Masked Bandits","floor":28,"turns":2},{"damage":27,"enemies":"Gremlin Leader","floor":31,"turns":4},{"damage":13,"enemies":"Automaton","floor":33,"turns":6},{"damage":6,"enemies":"3 Shapes","floor":35,"turns":3},{"damage":0,"enemies":"3 Darklings","floor":36,"turns":3},{"damage":16,"enemies":"Maw","floor":37,"turns":4},{"damage":40,"enemies":"Writhing Mass","floor":38,"turns":4},{"damage":38,"enemies":"Nemesis","floor":41,"turns":5},{"damage":93,"enemies":"Reptomancer","floor":45,"turns":4},{"damage":18,"enemies":"Spire Growth","floor":47,"turns":2}],"seed_played":"-6154989154310503941","potions_obtained":[{"floor":11,"key":"SteroidPotion"},{"floor":13,"key":"FairyPotion"},{"floor":20,"key":"DistilledChaos"},{"floor":29,"key":"PowerPotion"}],"is_trial":false,"path_per_floor":["M","?","?","$","?","E","$","R","T","R","E","M","M","M","R","B",null,"M","M","M","?","$","R","?","$","T","M","?","?","R","E","R","B",null,"M","M","M","M","?","R","E","?","T","$","E","?","M"],"character_chosen":"IRONCLAD","items_purchased":["Brimstone","Anchor","Uppercut","Singing Bowl","Twin Strike","Membership Card","Sword Boomerang","AttackPotion","Chemical X","Orichalcum","Medical Kit","Feel No Pain","Regal Pillow"],"campfire_rested":4,"item_purchase_floors":[0,0,0,0,0,4,4,7,22,22,44,44,44],"current_hp_per_floor":[36,36,25,25,25,14,14,34,34,54,59,67,70,72,72,65,70,77,72,73,58,58,83,83,83,83,87,92,92,92,87,108,103,108,112,114,110,82,82,82,52,52,52,52,17,17,0,0],"gold":748,"neow_bonus":"","is_daily":false,"chose_seed":false,"campfire_upgraded":2,"win_rate":0.0,"timestamp":1611179589,"path_taken":["M","?","?","$","?","E","?","R","T","R","E","M","M","M","R","BOSS","M","M","M","?","$","R","?","$","T","M","?","?","R","E","R","BOSS","M","M","M","?","?","R","E","?","T","$","E","?","M"],"items_purchased_type":["Relic","Relic","Card","Relic","Card","Relic","Card","Potion","Relic","Relic","Relic","Card","Relic"],"build_version":"2020-12-22","purchased_purges":3,"victory":false,"max_hp_per_floor":[75,68,68,68,68,68,68,68,68,68,68,70,70,72,72,72,72,77,79,79,85,85,85,85,85,85,87,92,92,92,108,108,110,110,114,114,120,126,120,120,122,122,122,122,128,128,128,128],"relic_stats":{"Darkstone Periapt":6,"Regal Pillow":0,"Singing Bowl":36,"counters":[56,229],"Ginger":[11],"Orichalcum":[126],"Boot":[0],"Medical Kit":[22],"Question Card":0,"Burning Blood":195,"Sozu":3,"Busted Crown":66,"Necronomicon":[24],"Chemical X":[1],"obtain_stats":[{"Darkstone Periapt":11,"Lantern":26,"Regal Pillow":44,"Gremlin Horn":24,"Singing Bowl":0,"CeramicFish":14,"Mango":31,"Bag of Preparation":22,"Juzu Bracelet":24,"Ginger":6,"Boot":41,"Burning Blood":0,"Sozu":34,"Lizard Tail":11,"HornCleat":7,"MealTicket":26,"Philosopher\u0027s Stone":17,"Necronomicon":21,"Red Mask":28,"Chemical X":22,"Red Skull":9,"Potion Belt":31,"Happy Flower":9,"Golden Idol":10,"Oddly Smooth Stone":31,"Pen Nib":14,"Omamori":31,"Orichalcum":20,"War Paint":20,"Medical Kit":0,"Question Card":45,"OrangePellets":30,"Anchor":0,"Busted Crown":0,"Brimstone":0,"Bag of Marbles":7,"Black Star":17,"Membership Card":4,"Meat on the Bone":23},{"Darkstone Periapt":38,"Lantern":45,"Regal Pillow":54,"Gremlin Horn":14,"Singing Bowl":17,"CeramicFish":25,"Mango":48,"Bag of Preparation":13,"Juzu Bracelet":14,"Ginger":37,"Boot":54,"Burning Blood":0,"Sozu":49,"Lizard Tail":6,"HornCleat":22,"MealTicket":15,"Philosopher\u0027s Stone":26,"Necronomicon":45,"Red Mask":47,"Chemical X":45,"Red Skull":4,"Potion Belt":16,"Happy Flower":22,"Golden Idol":22,"Oddly Smooth Stone":34,"Pen Nib":9,"Omamori":16,"Orichalcum":12,"War Paint":28,"Medical Kit":17,"Question Card":55,"OrangePellets":33,"Anchor":35,"Busted Crown":0,"Brimstone":35,"Bag of Marbles":4,"Black Star":10,"Membership Card":36,"Meat on the Bone":30},{"Darkstone Periapt":172,"Lantern":190,"Regal Pillow":223,"Gremlin Horn":57,"Singing Bowl":71,"CeramicFish":101,"Mango":198,"Bag of Preparation":51,"Juzu Bracelet":57,"Ginger":169,"Boot":223,"Burning Blood":0,"Sozu":204,"Lizard Tail":20,"HornCleat":91,"MealTicket":62,"Philosopher\u0027s Stone":111,"Necronomicon":190,"Red Mask":194,"Chemical X":190,"Red Skull":13,"Potion Belt":66,"Happy Flower":91,"Golden Idol":91,"Oddly Smooth Stone":150,"Pen Nib":29,"Omamori":66,"Orichalcum":48,"War Paint":119,"Medical Kit":71,"Question Card":227,"OrangePellets":143,"Anchor":162,"Busted Crown":0,"Brimstone":162,"Bag of Marbles":13,"Black Star":39,"Membership Card":165,"Meat on the Bone":128}]},"card_choices":[{"not_picked":["True Grit","Combust"],"picked":"Carnage","floor":1},{"not_picked":["Armaments","True Grit"],"picked":"Dropkick","floor":6},{"not_picked":["Clash","Body Slam"],"picked":"Immolate","floor":11},{"not_picked":["Armaments","Sword Boomerang","Dropkick"],"picked":"Singing Bowl","floor":12},{"not_picked":["Havoc","Pommel Strike"],"picked":"Thunderclap","floor":13},{"not_picked":["Twin Strike","Thunderclap","Body Slam"],"picked":"Singing Bowl","floor":14},{"not_picked":["Bludgeon","Demon Form"],"picked":"Feed","floor":16},{"not_picked":["Twin Strike"],"picked":"Singing Bowl","floor":18},{"not_picked":["True Grit"],"picked":"Singing Bowl","floor":19},{"not_picked":[],"picked":"Feel No Pain+1","floor":20},{"not_picked":["Flex"],"picked":"Singing Bowl","floor":27},{"not_picked":["Clash"],"picked":"Singing Bowl","floor":28},{"not_picked":["Warcry"],"picked":"Singing Bowl","floor":31},{"not_picked":["Double Tap"],"picked":"Singing Bowl","floor":33},{"not_picked":[],"picked":"True Grit","floor":35},{"not_picked":[],"picked":"Shrug It Off","floor":36},{"not_picked":["Armaments"],"picked":"Singing Bowl","floor":37},{"not_picked":["Warcry"],"picked":"Singing Bowl","floor":38},{"not_picked":["Offering"],"picked":"Singing Bowl","floor":41},{"not_picked":["Burning Pact"],"picked":"Singing Bowl","floor":45}],"player_experience":815174,"relics_obtained":[{"floor":6,"key":"Ginger"},{"floor":9,"key":"Oddly Smooth Stone"},{"floor":11,"key":"Darkstone Periapt"},{"floor":21,"key":"Necronomicon"},{"floor":26,"key":"Lantern"},{"floor":28,"key":"Red Mask"},{"floor":31,"key":"Mango"},{"floor":41,"key":"Boot"},{"floor":45,"key":"Question Card"}],"event_choices":[{"damage_healed":0,"gold_gain":0,"player_choice":"Lose Max HP","damage_taken":0,"relics_obtained":["Golden Idol"],"max_hp_gain":0,"max_hp_loss":7,"event_name":"Golden Idol","floor":2,"gold_loss":0},{"damage_healed":0,"gold_gain":75,"player_choice":"Gather Gold","damage_taken":11,"max_hp_gain":0,"max_hp_loss":0,"event_name":"World of Goop","floor":3,"gold_loss":0},{"damage_healed":0,"gold_gain":0,"player_choice":"Fled","damage_taken":0,"max_hp_gain":0,"max_hp_loss":0,"event_name":"Scrap Ooze","floor":5,"gold_loss":0},{"damage_healed":0,"gold_gain":0,"player_choice":"Obtained Book","damage_taken":21,"max_hp_gain":0,"max_hp_loss":0,"event_name":"Cursed Tome","floor":21,"gold_loss":0},{"damage_healed":0,"gold_gain":0,"player_choice":"Read","damage_taken":0,"max_hp_gain":0,"max_hp_loss":0,"event_name":"The Library","floor":24,"gold_loss":0,"cards_obtained":["Shrug It Off"]},{"damage_healed":0,"gold_gain":0,"player_choice":"Fought Bandits","damage_taken":0,"max_hp_gain":0,"max_hp_loss":0,"event_name":"Masked Bandits","floor":28,"gold_loss":0},{"damage_healed":0,"gold_gain":0,"player_choice":"Got Potions","damage_taken":0,"max_hp_gain":0,"max_hp_loss":0,"event_name":"Lab","floor":29,"gold_loss":0},{"damage_healed":0,"gold_gain":0,"player_choice":"Max HP","damage_taken":0,"max_hp_gain":0,"max_hp_loss":6,"event_name":"Winding Halls","floor":39,"gold_loss":0},{"damage_healed":0,"gold_gain":333,"player_choice":"Gave Idol","damage_taken":0,"max_hp_gain":0,"max_hp_loss":0,"event_name":"The Moai Head","floor":42,"relics_lost":["Golden Idol"],"gold_loss":0},{"damage_healed":0,"gold_gain":222,"player_choice":"Wore Mask","damage_taken":0,"max_hp_gain":0,"max_hp_loss":0,"event_name":"Tomb of Lord Red Mask","floor":46,"gold_loss":0}],"is_beta":false,"boss_relics":[{"not_picked":["Astrolabe","Coffee Dripper"],"picked":"Busted Crown"},{"not_picked":["Fusion Hammer","Black Star"],"picked":"Sozu"}],"items_purged_floors":[22,25,44],"is_endless":false,"potions_floor_spawned":[11,13,20,36,38,41],"killed_by":"Spire Growth","ascension_level":20}}