{"host":"o7j6aatxjwpw1421","time":1611141743,"event":{"mods":["2.2 Compatiblity","AchievementEnabler","BaseMod","Colored Map","DeckTracker","Highlight Path","Keyboard Shortcuts","Minty Spire (QoL Compilation)","Permanent Neow","Quick Restart","StSLib","SuperFastMode","everything is the same but u backflip on backflip"],"gold_per_floor":[116,132,57,1,13,42,58,76,76,91,91,91,102,112,112,112,112],"floor_reached":16,"language":"KOR","playtime":521,"items_purged":[],"score":212,"play_id":"05b83ebd-21d4-4558-b6fb-fb96705a9795","local_time":"20210120202223","is_ascension_mode":true,"campfire_choices":[{"floor":12.0,"key":"REST"},{"floor":15.0,"key":"REST"}],"circlet_count":0,"master_deck":["AscendersBane","Strike_G","Strike_G","Strike_G","Strike_G","Defend_G","Defend_G","Defend_G","Defend_G","Defend_G","Survivor","Neutralize","Panache","Dagger Spray","Masterful Stab","Footwork","Blade Dance","Footwork","Burst"],"relics":["Ring of the Snake","Potion Belt","Juzu Bracelet"],"acts_visited":["Exordium"],"potions_floor_usage":[16,16],"damage_taken":[{"damage":9.0,"enemies":"Small Slimes","floor":1.0,"turns":4.0},{"damage":0.0,"enemies":"2 Louse","floor":2.0,"turns":2.0},{"damage":7.0,"enemies":"Jaw Worm","floor":5.0,"turns":6.0},{"damage":30.0,"enemies":"Gremlin Nob","floor":6.0,"turns":4.0},{"damage":0.0,"enemies":"Looter","floor":7.0,"turns":2.0},{"damage":7.0,"enemies":"Blue Slaver","floor":8.0,"turns":3.0},{"damage":1.0,"enemies":"Large Slime","floor":10.0,"turns":5.0},{"damage":2.0,"enemies":"2 Fungi Beasts","floor":13.0,"turns":3.0},{"damage":4.0,"enemies":"Looter","floor":14.0,"turns":3.0},{"damage":19,"enemies":"Slime Boss","floor":16,"turns":8}],"seed_played":"1773624736521472028","potions_obtained":[{"floor":1.0,"key":"SkillPotion"},{"floor":6.0,"key":"Poison Potion"},{"floor":7.0,"key":"Dexterity Potion"},{"floor":14.0,"key":"ColorlessPotion"}],"is_trial":false,"path_per_floor":["M","M","?","$","M","E","M","M","T","M","?","R","M","M","R","B"],"character_chosen":"THE_SILENT","items_purchased":["Energy Potion"],"campfire_rested":2,"item_purchase_floors":[4],"current_hp_per_floor":[50,50,50,50,43,13,13,6,6,5,5,24,22,18,37,18,18],"gold":112,"neow_bonus":"RANDOM_COLORLESS_2","is_daily":false,"chose_seed":false,"campfire_upgraded":0,"win_rate":0.0,"timestamp":1611141743,"path_taken":["M","M","?","$","M","E","M","M","T","M","?","R","M","M","R","BOSS"],"items_purchased_type":["Potion"],"build_version":"2020-12-22","purchased_purges":0,"victory":false,"max_hp_per_floor":[66,66,66,66,66,66,66,66,66,66,66,66,66,66,66,66,66],"card_choices":[{"not_picked":["Secret Technique","Chrysalis"],"picked":"Panache","floor":0.0},{"not_picked":["Underhanded Strike","Backstab"],"picked":"Dagger Spray","floor":1.0},{"not_picked":["Accuracy","Heel Hook"],"picked":"Masterful Stab","floor":2.0},{"not_picked":["PiercingWail","Dagger Spray","Deflect"],"picked":"SKIP","floor":5.0},{"not_picked":["Terror","Blade Dance"],"picked":"Footwork","floor":6.0},{"not_picked":["Noxious Fumes","Dagger Throw"],"picked":"Blade Dance","floor":7.0},{"not_picked":["Acrobatics","Catalyst","Outmaneuver"],"picked":"SKIP","floor":8.0},{"not_picked":["Infinite Blades","Deadly Poison"],"picked":"Footwork","floor":10.0},{"not_picked":["Deadly Poison","Blur","Skewer"],"picked":"SKIP","floor":13.0},{"not_picked":["Deflect","Flying Knee"],"picked":"Burst","floor":14.0}],"player_experience":586127,"relics_obtained":[{"floor":6.0,"key":"Potion Belt"},{"floor":9.0,"key":"Juzu Bracelet"}],"event_choices":[{"cards_removed":["Writhe"],"damage_healed":0.0,"max_hp_gain":0.0,"max_hp_loss":0.0,"gold_gain":0.0,"event_name":"The Cleric","player_choice":"Card Removal","floor":3.0,"gold_loss":75.0,"damage_taken":0.0},{"cards_removed":["Strike_G"],"damage_healed":0.0,"max_hp_gain":0.0,"max_hp_loss":0.0,"gold_gain":0.0,"event_name":"Living Wall","player_choice":"Forget","floor":11.0,"gold_loss":0.0,"damage_taken":0.0}],"is_beta":false,"boss_relics":[],"items_purged_floors":[],"is_endless":false,"potions_floor_spawned":[1,5,6,7,14],"killed_by":"Slime Boss","ascension_level":20}}