{"host":"oeotdbd679q6m6vu","time":1611134711,"event":{"mods":["Act Like it!","BaseMod","Colored Map","Decade(Õı–°√˜)","Downfall","Friendly Minions","Gensokyo","GifTheSpireLib","Highlight Path","Marisa£®ÏF”Í°°ƒß¿Ì…≥£©","Minty Spire (QoL Compilation)","Rare Cards Sparkle","Reimu£®≤©¿ˆ¡È√Œ£©","StSLib","The Animator","Youmu£®ªÍ∆«—˝√Œ£©"],"gold_per_floor":[99,109,109,122,4,34,34,62,103,3,3,3,32,59,94,94,94],"floor_reached":16,"language":"ZHS","playtime":972,"items_purged":[],"score":129,"play_id":"079bb7df-a333-4e50-ab42-6e6f30c5e4ea","local_time":"20210120042511","is_ascension_mode":false,"campfire_choices":[{"data":"MaximisePower","floor":1.0,"key":"SMITH"},{"data":"EventHorizon","floor":10.0,"key":"SMITH"},{"data":"PulseMagic","floor":12,"key":"SMITH"}],"circlet_count":0,"master_deck":["Strike_MRS","Strike_MRS","Strike_MRS","Strike_MRS","Defend_MRS","Defend_MRS","Defend_MRS","Defend_MRS","UpSweep","MaximisePower+1","PulseMagic+1","Clumsy","WitchOfGreed","AlicesGift","ManaConvection","EventHorizon+1","SprinkleStarSeal","LuminesStrike","ManaConvection"],"relics":["MiniHakkero","Gensokyo:NagashiBinaDoll","Anchor","Ancient Tea Set","downfall:HeartBlessingBlue","Happy Flower","Prayer Wheel"],"acts_visited":["Exordium"],"potions_floor_usage":[],"damage_taken":[{"damage":4.0,"enemies":"Gensokyo:Gryphon","floor":2.0,"turns":4.0},{"damage":0.0,"enemies":"Gensokyo:3_Fairies","floor":4.0,"turns":3.0},{"damage":14.0,"enemies":"Gensokyo:Python","floor":6.0,"turns":4.0},{"damage":18.0,"enemies":"Gensokyo:5_Fairies","floor":8.0,"turns":6.0},{"damage":0.0,"enemies":"Gensokyo:Mamizou","floor":9.0,"turns":8.0},{"damage":7,"enemies":"Gensokyo:VengefulSpirit","floor":13,"turns":5},{"damage":14,"enemies":"Gensokyo:CorruptedTreant","floor":14,"turns":5},{"damage":6,"enemies":"Gensokyo:Kitsune","floor":15,"turns":3},{"damage":13,"enemies":"WA_ARCHETYPE_RETAIN","floor":16,"turns":3}],"seed_played":"-1191045948868857612","potions_obtained":[{"floor":2.0,"key":"Block Potion"},{"floor":4.0,"key":"GrandPatriotsElixir:ReiMu"},{"floor":6.0,"key":"DistilledChaos"},{"floor":8.0,"key":"PowerPotion"},{"floor":8.0,"key":"Fire Potion"},{"floor":9.0,"key":"ShroomBrew"},{"floor":13,"key":"DuplicationPotion"},{"floor":14,"key":"MagicPotion:ReiMu"},{"floor":14,"key":"FairyPotion"}],"is_trial":false,"path_per_floor":["R","M","?","M","COS","M","T","M","E","R","?","R","M","M","M","B"],"character_chosen":"MARISA","items_purchased":[],"campfire_rested":0,"item_purchase_floors":[],"current_hp_per_floor":[75,71,71,71,71,57,57,39,39,49,49,49,42,28,22,9,9],"gold":94,"neow_bonus":"ONE_RANDOM_RARE_CARD","is_daily":false,"chose_seed":false,"campfire_upgraded":3,"win_rate":0.0,"timestamp":1611134711,"path_taken":["R","M","?","?","COS","M","T","M","E","R","?","R","M","?","M","BOSS"],"items_purchased_type":[],"build_version":"2020-12-22","purchased_purges":0,"victory":false,"max_hp_per_floor":[75,75,75,75,75,75,75,75,75,85,85,85,85,85,85,85,85],"card_choices":[{"not_picked":["MagicAbsorber","6A"],"picked":"PulseMagic","floor":2.0},{"not_picked":["MysteriousBeam","DC"],"picked":"WitchOfGreed","floor":4.0},{"not_picked":["Acceleration","EscapeVelocity"],"picked":"AlicesGift","floor":6.0},{"not_picked":["FairyDestructionRay","ShootingEcho"],"picked":"ManaConvection","floor":8.0},{"not_picked":["GalacticHalo","GrandCross"],"picked":"EventHorizon","floor":9.0},{"not_picked":["LuminesStrike","EnergyFlow"],"picked":"SprinkleStarSeal","floor":13},{"not_picked":["SporeBomb","SprinkleStarSeal","OpenUniverse"],"picked":"SKIP","floor":13},{"not_picked":["OrrerysSun","EarthLightRay"],"picked":"LuminesStrike","floor":14},{"not_picked":["ShootingEcho","Singularity","PowerUp"],"picked":"SKIP","floor":14},{"not_picked":["GrandCross","GravityBeat"],"picked":"ManaConvection","floor":15},{"not_picked":["DoubleSpark","AsteroidBelt","6A"],"picked":"SKIP","floor":15}],"player_experience":355476,"relics_obtained":[{"floor":9.0,"key":"Ancient Tea Set"}],"event_choices":[],"is_beta":false,"boss_relics":[],"items_purged_floors":[],"is_endless":false,"potions_floor_spawned":[2,4,8,14],"killed_by":"WA_ARCHETYPE_RETAIN","ascension_level":0}}