{"host":"q1dfbtk1mb5myi3r","time":1611130214,"event":{"mods":["BaseMod","BetterRewards","Minty Spire (QoL Compilation)","Replay The Spire","StSLib","The Animator"],"gold_per_floor":[124,316,266,36,36,36,36,36,36],"floor_reached":8,"language":"ENG","playtime":393,"items_purged":[],"score":42,"play_id":"46475d9a-fe4c-4d56-9722-3bd64db9037e","local_time":"20210120031014","is_ascension_mode":false,"campfire_choices":[{"data":"animator:Mitsurugi","floor":6,"key":"SMITH"}],"circlet_count":0,"master_deck":["animator:Strike_Konosuba","animator:Defend_Konosuba","animator:Strike","animator:Strike","animator:Defend","animator:Defend","animator:Defend","animator:Kazuma+1","animator:Aqua","animator:Mitsurugi+1","animator:QuestionMark","Regret"],"relics":["animator:LivingPicture","animator:TheMissingPiece","Vajra","Smiling Mask"],"acts_visited":["Exordium"],"potions_floor_usage":[8],"damage_taken":[{"damage":1,"enemies":"Small Slimes","floor":1,"turns":5},{"damage":63,"enemies":"Lagavulin","floor":8,"turns":9}],"seed_played":"-1758330702184060191","potions_obtained":[{"floor":1,"key":"Swift Potion"}],"is_trial":false,"path_per_floor":["M","?","?","$","?","R","$","E"],"character_chosen":"THE_ANIMATOR","items_purchased":["Vajra","animator:QuestionMark"],"campfire_rested":0,"item_purchase_floors":[4,4],"current_hp_per_floor":[66,50,50,50,50,50,50,0,0],"gold":36,"neow_bonus":"RANDOM_EVENT","is_daily":false,"chose_seed":false,"campfire_upgraded":1,"win_rate":0.0,"timestamp":1611130214,"path_taken":["M","?","?","$","?","R","$","E"],"items_purchased_type":["Relic","Card"],"build_version":"2020-12-22","purchased_purges":0,"victory":false,"max_hp_per_floor":[66,66,66,66,66,66,66,66,66],"card_choices":[{"not_picked":["animator:FielNirvalen","animator:Entoma"],"picked":"animator:Mitsurugi","floor":1}],"player_experience":122360,"relics_obtained":[],"event_choices":[{"damage_healed":0,"gold_gain":0,"player_choice":"Grow","damage_taken":0,"max_hp_gain":0,"max_hp_loss":0,"event_name":"Living Wall","floor":0,"gold_loss":0,"cards_upgraded":["animator:Kazuma"]},{"cards_removed":["animator:Strike"],"damage_healed":0,"gold_gain":0,"player_choice":"Card Removal","damage_taken":0,"max_hp_gain":0,"max_hp_loss":0,"event_name":"The Cleric","floor":3,"gold_loss":50},{"damage_healed":0,"gold_gain":0,"player_choice":"Box","damage_taken":0,"relics_obtained":["Smiling Mask"],"max_hp_gain":0,"max_hp_loss":0,"event_name":"Big Fish","floor":5,"gold_loss":0,"cards_obtained":["Regret"]}],"is_beta":false,"boss_relics":[],"items_purged_floors":[],"is_endless":false,"potions_floor_spawned":[1],"killed_by":"Lagavulin","ascension_level":0}}