{"host":"sav7uxregyirlf69","time":1611121887,"event":{"mods":["AchievementEnabler","BaseMod","Colored Map","DeckTracker","Keyboard Shortcuts","Minty Spire (QoL Compilation)","READ ME - Guardian Mod","StSLib","SuperFastMode"],"gold_per_floor":[114,114,114,114,128,168,168,192,269,287,305,328,366,380,380,380,380],"floor_reached":16,"language":"KOR","playtime":217,"items_purged":[],"score":278,"play_id":"0ba37513-79ac-4110-a4ea-06649b824786","local_time":"20210120145127","is_ascension_mode":true,"campfire_choices":[{"data":"Sword Boomerang","floor":7,"key":"SMITH"},{"data":"Inflame","floor":15,"key":"SMITH"}],"circlet_count":0,"master_deck":["AscendersBane","Strike_R","Strike_R","Strike_R","Strike_R","Strike_R","Defend_R","Defend_R","Defend_R","Defend_R","Bash","Sword Boomerang+1","Feel No Pain","Inflame+1","Shockwave","Rupture"],"relics":["Burning Blood","NeowsBlessing","Golden Idol","Potion Belt","Anchor","Mummified Hand","Regal Pillow"],"acts_visited":["Exordium"],"potions_floor_usage":[13,16,16],"damage_taken":[{"damage":0,"enemies":"2 Louse","floor":1,"turns":1},{"damage":0,"enemies":"Jaw Worm","floor":5,"turns":1},{"damage":0,"enemies":"3 Sentries","floor":6,"turns":2},{"damage":6,"enemies":"Cultist","floor":8,"turns":3},{"damage":7,"enemies":"Exordium Thugs","floor":10,"turns":4},{"damage":23,"enemies":"3 Louse","floor":11,"turns":5},{"damage":10,"enemies":"Large Slime","floor":12,"turns":5},{"damage":25,"enemies":"Lagavulin","floor":13,"turns":6},{"damage":4,"enemies":"Red Slaver","floor":14,"turns":3},{"damage":21,"enemies":"Hexaghost","floor":16,"turns":7}],"seed_played":"-7487208351962743659","potions_obtained":[{"floor":1,"key":"SkillPotion"},{"floor":5,"key":"Explosive Potion"},{"floor":10,"key":"ColorlessPotion"},{"floor":12,"key":"BlessingOfTheForge"},{"floor":13,"key":"AttackPotion"},{"floor":14,"key":"BlessingOfTheForge"}],"is_trial":false,"path_per_floor":["M","?","?","?","M","E","R","M","T","M","M","M","E","M","R","B"],"character_chosen":"IRONCLAD","items_purchased":[],"campfire_rested":0,"item_purchase_floors":[],"current_hp_per_floor":[74,74,48,48,54,60,60,60,60,59,42,38,19,21,21,0,0],"gold":380,"neow_bonus":"THREE_ENEMY_KILL","is_daily":false,"chose_seed":false,"campfire_upgraded":2,"win_rate":0.0,"timestamp":1611121887,"path_taken":["M","?","?","?","M","E","R","M","T","M","?","M","E","M","R","BOSS"],"items_purchased_type":[],"build_version":"2020-12-22","purchased_purges":0,"victory":false,"max_hp_per_floor":[75,75,75,75,75,75,75,75,75,75,75,75,75,75,75,75,75],"card_choices":[{"not_picked":["Intimidate","True Grit","Havoc"],"picked":"SKIP","floor":1},{"not_picked":["Warcry","Flame Barrier","Headbutt"],"picked":"SKIP","floor":5},{"not_picked":["Iron Wave","Sentinel"],"picked":"Sword Boomerang","floor":6},{"not_picked":["Dual Wield","True Grit"],"picked":"Feel No Pain","floor":8},{"not_picked":["Bloodletting","Iron Wave","Thunderclap"],"picked":"SKIP","floor":10},{"not_picked":["Shrug It Off","Twin Strike"],"picked":"Inflame","floor":11},{"not_picked":["Bloodletting","Thunderclap"],"picked":"Shockwave","floor":12},{"not_picked":["Anger","Ghostly Armor"],"picked":"Rupture","floor":13},{"not_picked":["Uppercut","Wild Strike","Clothesline"],"picked":"SKIP","floor":14}],"player_experience":1324016,"relics_obtained":[{"floor":6,"key":"Anchor"},{"floor":9,"key":"Mummified Hand"},{"floor":13,"key":"Regal Pillow"}],"event_choices":[{"damage_healed":0,"gold_gain":0,"player_choice":"Ignored","damage_taken":0,"max_hp_gain":0,"max_hp_loss":0,"event_name":"Liars Game","floor":2,"gold_loss":0},{"damage_healed":0,"gold_gain":0,"player_choice":"Take Damage","damage_taken":26,"relics_obtained":["Golden Idol"],"max_hp_gain":0,"max_hp_loss":0,"event_name":"Golden Idol","floor":3,"gold_loss":0},{"damage_healed":0,"gold_gain":0,"player_choice":"Gave Potion","damage_taken":0,"relics_obtained":["Potion Belt"],"max_hp_gain":0,"max_hp_loss":0,"event_name":"WeMeetAgain","floor":4,"gold_loss":0}],"is_beta":false,"boss_relics":[],"items_purged_floors":[],"is_endless":false,"potions_floor_spawned":[1,5,10,12,13,14],"killed_by":"Hexaghost","ascension_level":20}}