{"host":"7bzprrpqr2usgpra","time":1611181722,"event":{"mods":["ATMod(阿瑾Mod)","BaseMod","BetterRewards","Downfall","Energized Spire","HololiveMod","Lobotomy","Minty Spire (QoL Compilation)","MostiFishMod","Quick Restart","Spicy Shops","StSLib","TestMod","[IsaacMod]以撒尖塔"],"gold_per_floor":[99,99,118,129,147,160,160,242,73,92,106,140,140,140,149,252,252,252,273,273,201,215,115,189,219,229,243,143,242,256,256,275,379,379,379,379,379,390,403,429,501,515,543,543,553,602,602,634,534,535,535,569,36,36,40,40,40],"floor_reached":55,"language":"ZHS","playtime":1696,"items_purged":["downfall:Malfunctioning","sneckomod:Defend+1"],"score":1254,"play_id":"c19c242b-8480-4437-aab9-fd65f66a99b4","local_time":"20210121062842","is_ascension_mode":false,"campfire_choices":[{"data":"AT_MachinaRedman","floor":1,"key":"SMITH"},{"floor":18,"key":"RECALL"},{"data":"testmod-Arrangement","floor":23,"key":"SMITH"},{"data":"sneckomod:Unknown3Cost","floor":28,"key":"SMITH"},{"data":"sneckomod:UnknownRareSkill","floor":35,"key":"SMITH"},{"data":"sneckomod:Restock","floor":44,"key":"SMITH"},{"data":"sneckomod:Mudshield","floor":47,"key":"SMITH"},{"data":"sneckomod:Nope","floor":49,"key":"SMITH"},{"data":"sneckomod:ImprovisedAttack","floor":54,"key":"SMITH"}],"circlet_count":0,"master_deck":["sneckomod:Strike","sneckomod:Strike+1","sneckomod:Defend+1","sneckomod:TailWhip+1","sneckomod:SnekBite","sneckomod:Unknown","sneckomod:Unknown","AT_MachinaRedman+1","sneckomod:SoulCleanse","sneckomod:Restock+1","sneckomod:ImprovisedAttack+1","sneckomod:Unknown3Cost+1","sneckomod:Mudshield+1","sneckomod:Nope+1","sneckomod:TrashToTreasure","sneckomod:RainOfDice","sneckomod:Unknown0Cost","sneckomod:UnknownRareSkill+1","testmod-Arrangement+1","sneckomod:SoulCleanse+1","sneckomod:WideSting","sneckomod:MasterEye+1","sneckomod:ImprovisedGuard+1","sneckomod:UnknownClassLobotomy","sneckomod:ImprovisedAttack","sneckomod:SnekBeam","J.A.X.","sneckomod:UnendingSupply","sneckomod:UnknownX","Necronomicurse","sneckomod:Unknown0Cost","sneckomod:UnknownBoss+1","sneckomod:UnknownRareAttack+1","sneckomod:RainOfDice+1","sneckomod:DangerNoodle+1","sneckomod:MorePower+1","sneckomod:UnknownBoss+1","sneckomod:UnknownUncommonAttack"],"relics":["AT_ATBox","testmod-TestBox","HushsDoor","RhineSuit","ExusiaiGun","PillsDrop","testmod-DeterminationOfClimber","testmod-BouquetWithThorns","testmod-Justice","testmod-Charity","DaveBox","ExusiaiGun","RhineCircuit","downfall:RedIOU","BrkXgEgg","downfall:HeartBlessingRed","SynthV:C4","downfall:HeartBlessingBlue","MutagenicStrength","Necronomicon","xbg","Gremlin Horn","testmod-BalancedPeriapt","AT_ArchangelStaff","DaCapo","Strawberry","downfall:HeartBlessingGreen","testmod-Hope","testmod-ObsoleteBoomerang","testmod-AssaultLearning"],"acts_visited":["Exordium","TheCity","TheBeyond","TheEnding"],"potions_floor_usage":[32],"damage_taken":[{"damage":0,"enemies":"Jaw Worm","floor":3,"turns":1},{"damage":0,"enemies":"2 Louse","floor":4,"turns":1},{"damage":0,"enemies":"Cultist","floor":5,"turns":1},{"damage":8,"enemies":"Lots of Slimes","floor":6,"turns":2},{"damage":0,"enemies":"downfall:FleeingMerchant","floor":9,"turns":1},{"damage":0,"enemies":"Large Slime","floor":10,"turns":1},{"damage":0,"enemies":"2 Fungi Beasts","floor":11,"turns":1},{"damage":0,"enemies":"3 Sentries","floor":12,"turns":1},{"damage":0,"enemies":"3 Louse","floor":15,"turns":1},{"damage":0,"enemies":"SI_SHIV_ARCHETYPE","floor":16,"turns":1},{"damage":0,"enemies":"3 Byrds","floor":19,"turns":1},{"damage":0,"enemies":"Cultist and Chosen","floor":22,"turns":1},{"damage":0,"enemies":"Gremlin Leader","floor":25,"turns":1},{"damage":0,"enemies":"Snecko","floor":26,"turns":1},{"damage":0,"enemies":"Shelled Parasite and Fungi","floor":27,"turns":2},{"damage":0,"enemies":"downfall:Augmenter","floor":29,"turns":2},{"damage":0,"enemies":"Cultist and Chosen","floor":30,"turns":1},{"damage":0,"enemies":"Snecko","floor":32,"turns":1},{"damage":0,"enemies":"IC_MUSHROOM_ARCHETYPE","floor":33,"turns":1},{"damage":0,"enemies":"3 Shapes","floor":38,"turns":1},{"damage":0,"enemies":"3 Darklings","floor":39,"turns":1},{"damage":0,"enemies":"Reptomancer","floor":40,"turns":1},{"damage":0,"enemies":"Transient","floor":42,"turns":5},{"damage":4,"enemies":"Giant Head","floor":43,"turns":2},{"damage":0,"enemies":"Maw","floor":45,"turns":1},{"damage":0,"enemies":"Maw","floor":46,"turns":1},{"damage":0,"enemies":"Nemesis","floor":48,"turns":3},{"damage":0,"enemies":"DF_ARCHETYPE_ORBS","floor":50,"turns":1},{"damage":0,"enemies":"downfall:CharBossMerchant","floor":52,"turns":1},{"damage":0,"enemies":"downfall:NeowBoss","floor":55,"turns":6}],"seed_played":"-2695743086357319769","potions_obtained":[{"floor":3,"key":"Weak Potion"},{"floor":6,"key":"LiquidMemories"},{"floor":10,"key":"DistilledChaos"},{"floor":32,"key":"Fruit Juice"},{"floor":33,"key":"SkillPotion"}],"is_trial":false,"path_per_floor":["R","?","M","M","M","M","T","?","$","M","M","E","$","?","M","B",null,"R","M","?","$","M","R","T","E","M","M","R","?","M","?","M","B",null,"R","$","?","M","M","E","T","M","E","R","M","?","R","E","R","B",null,"E","$","R","B"],"character_chosen":"THE_SNECKO","items_purchased":["testmod-Justice","testmod-Charity","testmod-Arrangement","BrkXgEgg","testmod-ObsoleteBoomerang","testmod-AssaultLearning"],"campfire_rested":0,"item_purchase_floors":[9,9,17,21,53,53],"current_hp_per_floor":[90,90,90,90,90,82,82,67,69,73,76,80,80,80,81,82,89,89,94,94,94,95,95,96,98,99,101,111,113,116,100,106,107,118,118,118,118,119,120,125,126,126,126,126,126,126,126,126,126,126,126,125,125,125,125,125,125],"gold":40,"neow_bonus":"BOSS_RELIC","is_daily":false,"chose_seed":false,"campfire_upgraded":8,"win_rate":0.0,"timestamp":1611181722,"path_taken":["R","?","?","M","M","M","T","?","$","M","M","E","$","?","M","BOSS","R","M","?","$","M","R","T","E","M","M","R","?","?","?","M","BOSS","R","$","?","M","M","E","T","?","E","R","M","?","R","E","R","BOSS","E","$","R","BOSS"],"items_purchased_type":["Relic","Relic","Card","Relic","Relic","Relic"],"build_version":"2020-12-22","purchased_purges":2,"victory":false,"max_hp_per_floor":[90,90,90,90,90,85,85,85,85,87,89,91,91,91,92,93,89,89,94,94,94,95,95,96,98,99,101,111,113,116,116,122,118,118,118,118,118,119,120,125,126,126,126,126,126,126,126,126,126,126,126,125,125,125,125,125,125],"card_choices":[{"not_picked":["sneckomod:SnekBeam","sneckomod:Unknown0Cost"],"picked":"sneckomod:SoulCleanse","floor":3},{"not_picked":["sneckomod:UnknownBlock","sneckomod:WideSting"],"picked":"sneckomod:Restock","floor":4},{"not_picked":["sneckomod:QuickBite","sneckomod:UnknownCommonSkill"],"picked":"sneckomod:ImprovisedAttack","floor":5},{"not_picked":["sneckomod:SoulCleanse","sneckomod:SoulRoll"],"picked":"sneckomod:Unknown3Cost","floor":6},{"not_picked":["sneckomod:Unknown1Cost","sneckomod:UnknownCommonSkill"],"picked":"sneckomod:Mudshield","floor":9},{"not_picked":["sneckomod:RainOfDice","sneckomod:SnekBeam"],"picked":"sneckomod:Nope","floor":10},{"not_picked":["sneckomod:ImprovisedGuard","sneckomod:RainOfDice"],"picked":"sneckomod:TrashToTreasure","floor":11},{"not_picked":["Bomb","sneckomod:Unknown2Cost"],"picked":"sneckomod:RainOfDice","floor":12},{"not_picked":["sneckomod:QuickBite","sneckomod:WideSting"],"picked":"sneckomod:Unknown0Cost","floor":15},{"not_picked":["sneckomod:DangerNoodle","sneckomod:Unknown3Cost"],"picked":"sneckomod:UnknownRareSkill","floor":16},{"not_picked":["sneckomod:UnknownUncommonSkill","sneckomod:IronFang"],"picked":"sneckomod:SoulCleanse+1","floor":19},{"not_picked":["sneckomod:UnknownVulnerable","sneckomod:UnknownCommonAttack"],"picked":"sneckomod:WideSting","floor":22},{"not_picked":["sneckomod:SnekBeam","sneckomod:UnknownCommonSkill"],"picked":"sneckomod:MasterEye+1","floor":25},{"not_picked":["sneckomod:Nope+1","sneckomod:SoulRoll+1"],"picked":"sneckomod:ImprovisedGuard+1","floor":26},{"not_picked":["sneckomod:UnknownDraw","sneckomod:DiceBlock"],"picked":"sneckomod:UnknownClassLobotomy","floor":27},{"not_picked":[],"picked":"J.A.X.","floor":29},{"not_picked":["sneckomod:QuickMove","sneckomod:SoulRoll"],"picked":"sneckomod:UnendingSupply","floor":29},{"not_picked":["sneckomod:UnknownCommonSkill","sneckomod:DiceCrush"],"picked":"sneckomod:UnknownX","floor":30},{"not_picked":["sneckomod:UnknownClassLobotomy","sneckomod:IronFang"],"picked":"sneckomod:Unknown0Cost","floor":32},{"not_picked":["sneckomod:SerpentMind+1","sneckomod:DangerNoodle+1"],"picked":"sneckomod:UnknownBoss+1","floor":33},{"not_picked":["sneckomod:SlitherStrike","sneckomod:UnknownUncommonSkill","sneckomod:UnknownClassLobotomy+1"],"picked":"SKIP","floor":38},{"not_picked":["sneckomod:SoulRoll","sneckomod:UnknownDraw","sneckomod:SoulDraw+1"],"picked":"SKIP","floor":39},{"not_picked":["sneckomod:WideSting","sneckomod:Nope+1"],"picked":"sneckomod:UnknownRareAttack+1","floor":40},{"not_picked":["sneckomod:UnknownVulnerable","sneckomod:UnknownBlock+1","sneckomod:UnknownDraw+1"],"picked":"SKIP","floor":42},{"not_picked":["sneckomod:UnknownExhaust+1","sneckomod:UnknownUncommonSkill","sneckomod:SlitherStrike"],"picked":"SKIP","floor":43},{"not_picked":["sneckomod:IronFang","sneckomod:SoulRoll"],"picked":"sneckomod:RainOfDice+1","floor":45},{"not_picked":["sneckomod:UnknownVulnerable+1","sneckomod:UnknownBlock"],"picked":"sneckomod:DangerNoodle+1","floor":46},{"not_picked":["sneckomod:UnknownStrike+1","sneckomod:Unknown1Cost+1"],"picked":"sneckomod:MorePower+1","floor":48},{"not_picked":["sneckomod:UnknownClassTHE_BRONZE_AUTOMATON+1","sneckomod:UnknownClassHololive_BLUE+1"],"picked":"sneckomod:UnknownBoss+1","floor":52},{"not_picked":["sneckomod:RainOfDice+1","sneckomod:Unknown1Cost"],"picked":"sneckomod:UnknownUncommonAttack","floor":52}],"player_experience":277879,"relics_obtained":[{"floor":7,"key":"testmod-BouquetWithThorns"},{"floor":12,"key":"War Paint"},{"floor":25,"key":"SynthV:C4"},{"floor":29,"key":"MutagenicStrength"},{"floor":31,"key":"Necronomicon"},{"floor":40,"key":"Gremlin Horn"},{"floor":41,"key":"testmod-BalancedPeriapt"},{"floor":43,"key":"AT_ArchangelStaff"},{"floor":46,"key":"DaCapo"},{"floor":48,"key":"Strawberry"},{"floor":52,"key":"testmod-Hope"}],"event_choices":[{"damage_healed":0,"gold_gain":0,"player_choice":"Swap Relic","damage_taken":0,"relics_obtained":["DaveBox"],"max_hp_gain":0,"max_hp_loss":0,"event_name":"给自己的盒子","floor":14,"relics_lost":["DaveBox"],"gold_loss":0}],"is_beta":false,"boss_relics":[{"not_picked":["MoonlightInvasionPlan","Tiny House"],"picked":"RhineCircuit"},{"not_picked":[]},{"not_picked":["SynthV:MejaisSoulstealer","Fusion Hammer"],"picked":"xbg"},{"not_picked":[]}],"items_purged_floors":[9,53],"is_endless":false,"potions_floor_spawned":[3,6,10,22,29,32,33,40,43,45,46,52],"killed_by":"downfall:NeowBoss","ascension_level":0}}