{"host":"xc18ixkpjvqrt8st","time":1611109788,"event":{"mods":["Act Like it!","BaseMod","Better Match","Better Third Choice","Conspire","Hallownest","Hermit","Hubris","Infinite Spire","Minty Spire (QoL Compilation)","Replay The Spire","Robot Space Explorer","Shop Mod","Spicy Shops","StSLib","The Animator","The Jungle","The Marked"],"gold_per_floor":[116,20,0,12,26,72,32,32,32,32,49,68,99,116,116,232,232,262,262,274,7,27,47,47,47,47,58,58,70,70,82,82,192,192,229,229,245,280,280,280,280,280,280,282,320,24,47,66,66,94,94,94,478,540,540,540],"floor_reached":55,"language":"ENG","playtime":14593,"items_purged":[],"score":885,"play_id":"05bdf82a-408a-45c6-a732-0556278e9773","local_time":"20210119202948","is_ascension_mode":false,"campfire_choices":[{"floor":8.0,"key":"REST"},{"floor":15.0,"key":"REST"},{"floor":24.0,"key":"REST"},{"floor":30,"key":"REST"},{"floor":32,"key":"REST"},{"floor":40,"key":"RECALL"},{"floor":42,"key":"REST"},{"data":"ReplayTheSpireMod:Chaos Vortex","floor":49,"key":"SMITH"},{"data":"animator:AcuraTooru","floor":52,"key":"SMITH"}],"circlet_count":0,"master_deck":["animator:Strike_Konosuba","animator:Defend_Konosuba","animator:Kazuma","animator:Aqua","animator:Tyuule","animator:Strike_Overlord","animator:Strike_HitsugiNoChaika","animator:Strike_GATE","animator:Defend_OnePunchMan","animator:Defend_MadokaMagica","animator:Defend_GATE","Enlightenment","animator:AcuraTooru","animator:Mitsuba","animator:Mitsurugi","animator:Arpeggio","animator:DolaSchwi","animator:TukaLunaMarceau","animator:Megumin","animator:MadokaKaname","animator:Cocytus","animator:YaoHaDucy","animator:DolaCouronne","animator:YunYun","animator:RoryMercury","animator:IrohaTamaki","animator:DolaRiku","Beam Cell","Neutralize","animator:IrohaTamaki","animator:ChaikaBohdan","animator:Hans","animator:NagisaMomoe","animator:HigakiRinne","animator:KyokoSakura","animator:IzunaHatsuse","Bandage Up","animator:MisaKurobane","animator:Zero","Parasite","animator:Demiurge","animator:PandorasActor"],"relics":["animator:TheEgnaroPiece","animator:LivingPicture","animator:TheMissingPiece"],"acts_visited":["Exordium","TheCity","TheBeyond","TheEnding","EYB:TheUnnamedReign"],"potions_floor_usage":[33,33,37,50,50,55],"damage_taken":[{"damage":7.0,"enemies":"Jaw Worm","floor":1.0,"turns":8.0},{"damage":0.0,"enemies":"2 Louse","floor":4.0,"turns":4.0},{"damage":0.0,"enemies":"Cultist","floor":5.0,"turns":4.0},{"damage":38.0,"enemies":"Lagavulin","floor":6.0,"turns":8.0},{"damage":10.0,"enemies":"3 Louse","floor":11.0,"turns":4.0},{"damage":22.0,"enemies":"Exordium Thugs","floor":12.0,"turns":6.0},{"damage":27.0,"enemies":"Gremlin Nob","floor":13.0,"turns":5.0},{"damage":5.0,"enemies":"Lots of Slimes","floor":14.0,"turns":4.0},{"damage":18.0,"enemies":"Slime Boss","floor":16.0,"turns":8.0},{"damage":23.0,"enemies":"Shell Parasite","floor":18.0,"turns":9.0},{"damage":17.0,"enemies":"Chosen","floor":20.0,"turns":5.0},{"damage":20.0,"enemies":"Centurion and Healer","floor":22.0,"turns":9.0},{"damage":19.0,"enemies":"Cultist and Chosen","floor":23.0,"turns":5.0},{"damage":24.0,"enemies":"Snake Plant","floor":27.0,"turns":5.0},{"damage":27,"enemies":"Centurion and Healer","floor":29,"turns":5},{"damage":13,"enemies":"3 Cultists","floor":31,"turns":4},{"damage":79,"enemies":"Pondfish","floor":33,"turns":11},{"damage":13,"enemies":"Orb Walker","floor":35,"turns":2},{"damage":0,"enemies":"3 Darklings","floor":37,"turns":1},{"damage":8,"enemies":"Spire Growth","floor":38,"turns":4},{"damage":12,"enemies":"Writhing Mass","floor":45,"turns":6},{"damage":27,"enemies":"Jaw Worm Horde","floor":47,"turns":3},{"damage":2,"enemies":"Maw","floor":48,"turns":8},{"damage":45,"enemies":"infinitespire:MassOfShapes","floor":50,"turns":13},{"damage":86,"enemies":"animator:UNNAMED_HAT","floor":54,"turns":17},{"damage":13,"enemies":"animator:UNNAMED_CULTIST_1","floor":55,"turns":8}],"seed_played":"7105257078175159645","potions_obtained":[{"floor":5.0,"key":"Swift Potion"},{"floor":12.0,"key":"DuplicationPotion"},{"floor":13.0,"key":"GamblersBrew"},{"floor":14.0,"key":"Weak Potion"},{"floor":20.0,"key":"Fire Potion"},{"floor":31,"key":"Doom Potion"},{"floor":33,"key":"Fruit Juice"},{"floor":35,"key":"AttackPotion"},{"floor":38,"key":"Regen Potion"},{"floor":48,"key":"Fire Potion"},{"floor":54,"key":"animator:FalseLifePotion"}],"is_trial":false,"path_per_floor":["M","?","?","M","M","E","$","R","T","$","M","M","E","M","R","B",null,"M","?","M","$","M","M","R","?","T","M","AVR","M","R","M","R","B",null,"M","$","M","M","AVR","R","?","R","T","?","M","$","M","M","R","B",null,"R","??","M","M"],"character_chosen":"THE_ANIMATOR","items_purchased":["animator:Arpeggio","Gremlin Food","animator:DolaCouronne","animator:YunYun","hubris:KleinBottle","TwistedFunnel","infinitespire:PuzzleCube","Nunchaku","Happy Flower"],"campfire_rested":6,"item_purchase_floors":[7,21,21,21,36,36,36,46,46],"current_hp_per_floor":[67,67,73,75,77,40,40,63,63,63,55,35,10,8,31,15,87,68,68,56,56,41,28,57,62,62,43,43,21,52,42,74,62,116,106,67,71,66,66,66,66,102,102,97,106,106,96,113,113,80,118,118,86,7,0,0],"gold":540,"neow_bonus":"TEN_PERCENT_HP_BONUS","is_daily":false,"chose_seed":false,"campfire_upgraded":2,"win_rate":0.0,"timestamp":1611109788,"path_taken":["M","?","?","M","?","E","$","R","T","$","M","M","E","M","R","BOSS","M","?","M","?","M","?","R","?","T","M","AVR","M","R","M","R","BOSS","M","?","M","?","AVR","R","?","R","T","?","M","$","M","M","R","BOSS","R","??","M","M"],"items_purchased_type":["Card","Relic","Card","Card","Relic","Relic","Relic","Relic","Relic"],"build_version":"2020-12-22","purchased_purges":0,"victory":false,"max_hp_per_floor":[72,72,78,78,78,78,78,78,78,78,78,78,78,79,79,79,87,89,89,92,92,95,99,99,99,99,102,102,105,105,108,108,116,116,119,119,123,121,121,121,121,121,121,121,119,119,118,120,120,118,118,118,86,86,86,86],"card_choices":[{"not_picked":["animator:Vanir","animator:YuiTsuruno"],"picked":"animator:Tyuule","floor":1.0},{"not_picked":["animator:Fredrika","animator:FielNirvalen"],"picked":"animator:AcuraTooru","floor":4.0},{"not_picked":["animator:Tet","animator:Sebas"],"picked":"animator:Mitsuba","floor":5.0},{"not_picked":["animator:Chris","animator:Darkness"],"picked":"animator:Mitsurugi","floor":6.0},{"not_picked":["animator:FeridBathory","animator:DolaRiku"],"picked":"animator:DolaSchwi","floor":11.0},{"not_picked":["animator:AcuraTooru","animator:Shinoa"],"picked":"animator:TukaLunaMarceau","floor":12.0},{"not_picked":["animator:Albedo","animator:Shinoa"],"picked":"animator:Mikaela","floor":13.0},{"not_picked":["animator:YunYun","animator:Kazuma"],"picked":"animator:Megumin","floor":14.0},{"not_picked":["animator:Hans","animator:FeridBathory"],"picked":"animator:MadokaKaname","floor":16.0},{"not_picked":["animator:ChaikaBohdan","animator:DolaRiku"],"picked":"animator:Cocytus","floor":18.0},{"not_picked":["animator:DolaCouronne","animator:KyokoSakura"],"picked":"animator:YaoHaDucy+1","floor":20.0},{"not_picked":["animator:MamiTomoe","animator:Megumin"],"picked":"animator:RoryMercury+1","floor":22.0},{"not_picked":["animator:MamiTomoe","animator:YuiTsuruno"],"picked":"animator:IrohaTamaki","floor":23.0},{"not_picked":["animator:Megumin","animator:HiiragiShinya+1"],"picked":"animator:DolaRiku","floor":27.0},{"not_picked":["animator:Mitsurugi+1","animator:AcuraTooru"],"picked":"animator:IrohaTamaki","floor":29},{"not_picked":["animator:Mitsuba","animator:Guy"],"picked":"animator:ChaikaBohdan","floor":31},{"not_picked":["animator:HomuraAkemi","animator:Shiro"],"picked":"animator:Hans","floor":33},{"not_picked":["animator:SuzuneAmano","animator:SayakaMiki"],"picked":"animator:NagisaMomoe","floor":35},{"not_picked":["ReplayTheSpireMod:Haul","ReplayTheSpireMod:??????????????????????"],"picked":"ReplayTheSpireMod:Chaos Vortex","floor":36},{"not_picked":["animator:FielNirvalen+1","animator:IzunaHatsuse"],"picked":"animator:KyokoSakura+1","floor":37},{"not_picked":["animator:AcuraAkari+1","animator:SuzuneAmano"],"picked":"animator:IzunaHatsuse+1","floor":38},{"not_picked":["animator:Emilia","animator:NononJakuzure"],"picked":"animator:MisaKurobane","floor":44},{"not_picked":["animator:QuestionMark","animator:LimeBell"],"picked":"animator:Zero","floor":44},{"not_picked":["animator:Layla","animator:DolaRiku+1","animator:Evileye+1"],"picked":"SKIP","floor":45},{"not_picked":["animator:Verdia","animator:Chris"],"picked":"animator:Eris","floor":47},{"not_picked":["animator:Shinoa+1","animator:YuiTsuruno"],"picked":"animator:Demiurge","floor":48},{"not_picked":["animator:Tyuule+1","animator:TukaLunaMarceau+1"],"picked":"animator:PandorasActor","floor":54}],"player_experience":546987,"relics_obtained":[{"floor":6.0,"key":"Charon\u0027s Ashes"},{"floor":13.0,"key":"Centennial Puzzle"},{"floor":26.0,"key":"hubris:Metronome"},{"floor":43,"key":"infinitespire:Midas Blood"},{"floor":53,"key":"animator:TheEgnaroPiece"}],"event_choices":[{"damage_healed":0.0,"max_hp_gain":0.0,"max_hp_loss":0.0,"gold_gain":0.0,"event_name":"betterThird:BetterSerpent","player_choice":"RENOUNCE","floor":3.0,"gold_loss":20.0,"damage_taken":20.0,"cards_obtained":["Enlightenment"]},{"damage_healed":0.0,"max_hp_gain":0.0,"max_hp_loss":0.0,"gold_gain":0.0,"event_name":"FaceTrader","player_choice":"Trade","floor":19.0,"gold_loss":0.0,"damage_taken":0.0,"relics_obtained":["FaceOfCleric"]},{"cards_removed":["animator:Mikaela"],"damage_healed":5.0,"max_hp_gain":0.0,"max_hp_loss":0.0,"gold_gain":0.0,"event_name":"Bonfire Elementals","player_choice":"Offered Common","floor":25.0,"gold_loss":0.0,"damage_taken":0.0},{"cards_removed":["animator:Mikaela"],"damage_healed":5.0,"max_hp_gain":0.0,"max_hp_loss":0.0,"gold_gain":0.0,"event_name":"Bonfire Elementals","player_choice":"Offered Special","floor":25.0,"gold_loss":0.0,"damage_taken":0.0},{"damage_healed":0,"gold_gain":0,"player_choice":"Ignored","damage_taken":0,"max_hp_gain":0,"max_hp_loss":0,"event_name":"Tomb of Lord Red Mask","floor":41,"gold_loss":0},{"damage_healed":0,"gold_gain":0,"player_choice":"Memory 2","damage_taken":5,"max_hp_gain":0,"max_hp_loss":0,"event_name":"SensoryStone","floor":44,"gold_loss":0}],"is_beta":false,"boss_relics":[{"not_picked":["Tiny House","Ring of Chaos"],"picked":"animator:HolyGrailRelic"},{"not_picked":["Honey Jar","Replay:Drink Me"],"picked":"hubris:RunicObelisk"}],"items_purged_floors":[],"is_endless":false,"potions_floor_spawned":[5,12,13,14,20,22,31,33,35,38,48,54],"killed_by":"animator:UNNAMED_CULTIST_1","ascension_level":0}}