{"host":"627up2rvtmm0cf0r","time":1611157984,"event":{"mods":["100% Spire Juice","ATMod(°¢èªMod)","Act Like it!","BaseMod","Better Vampires","CapriCore","Card Filter","Card Forge","Colored Powertips","DeckTracker","Dota2Spire","Downfall","Energized Spire","Friendly Minions","Highlight Path","Infinite Spire","Jedi Mod","Marked Mod","Mimic Mod","Minty Spire (QoL Compilation)","MostiFishMod","Permanent Neow","Practice Mode","Quick Restart","Relic Stats","Shop Mod","Spicy Shops","StSLib","SuperFastMode","TestMod","The Blackbeard","The Marked","¡¾ÒÅÎï¿¨ÅÆ¡¿REMEMod","²ÐÁôÖ®Îï","óô»ðÖ¸ÄÏ"],"gold_per_floor":[0,15,32,44,29,64,101,123,145,186,198,237,59,159,171,271,271,271,291,376,376,395,395,447,461,461,475,486,517,517,517,527,626,626,626,646,646,624,639,671,695,724,740,752,319,338,338,351,362,362],"floor_reached":51,"language":"ZHS","playtime":2166,"items_purged":["Decay","Guardian:Defend_Guardian","Guardian:Strike_Guardian","Guardian:Defend_Guardian"],"score":1213,"play_id":"e704e4a9-db55-4e34-b46f-87313346d1e3","local_time":"20210120235304","is_ascension_mode":true,"campfire_choices":[{"data":"Guardian:TwinSlam","floor":1,"key":"SMITH"},{"data":"Guardian:PiercingHide","floor":11,"key":"SMITH"},{"data":"champ:CheapShot","floor":18,"key":"SMITH"},{"data":"Guardian:AncientConstruct","floor":26,"key":"SMITH"},{"data":"infinitespire:Collect","floor":35,"key":"SMITH"}],"circlet_count":0,"master_deck":["Guardian:Defend_Guardian","Guardian:Defend_Guardian","Guardian:CurlUp+1","Guardian:TwinSlam+1","champ:CheapShot+1","Guardian:PiercingHide+1","Guardian:ExploitGems+1","Guardian:AncientConstruct+1","infinitespire:Collect+1"],"relics":["Guardian:ModeShifter","Hammer of Thor","Seething Fire","Anvil of the Gods","DaveBox","testmod-TestBox","REME_ComplimentaryCards","AT_ATBox","testmod-RainbowHikingShoes","HollowDreamFlower","MawBank","Happy Flower","infinitespire:Bottled Soul","AT_TrinityForce","Dota2Spire:PowerTreads","PlaceholderMod:DeVermisMysteriis","AT_ForceNature","Kunai","Dota2Spire:Desolator","Dota2Spire:LotusOrb","Anchor","Omamori","AT_BladeRuinedKing"],"acts_visited":["Exordium","TheCity","TheBeyond"],"potions_floor_usage":[33],"damage_taken":[{"damage":0,"enemies":"Cultist","floor":2,"turns":3},{"damage":2,"enemies":"Jaw Worm","floor":3,"turns":4},{"damage":5,"enemies":"Small Slimes","floor":4,"turns":3},{"damage":5,"enemies":"downfall:FleeingMerchant","floor":5,"turns":5},{"damage":16,"enemies":"Lagavulin","floor":6,"turns":9},{"damage":13,"enemies":"Exordium Thugs","floor":8,"turns":5},{"damage":6,"enemies":"Blue Slaver","floor":9,"turns":4},{"damage":35,"enemies":"Gremlin Nob","floor":10,"turns":6},{"damage":36,"enemies":"Lagavulin","floor":12,"turns":8},{"damage":0,"enemies":"downfall:FleeingMerchant","floor":13,"turns":5},{"damage":4,"enemies":"Lots of Slimes","floor":15,"turns":4},{"damage":25,"enemies":"DF_ARCHETYPE_STREAMLINE","floor":16,"turns":11},{"damage":0,"enemies":"Spheric Guardian","floor":19,"turns":4},{"damage":0,"enemies":"3 Byrds","floor":22,"turns":3},{"damage":0,"enemies":"Centurion and Healer","floor":25,"turns":5},{"damage":2,"enemies":"Snake Plant","floor":27,"turns":3},{"damage":0,"enemies":"Cultist and Chosen","floor":28,"turns":4},{"damage":0,"enemies":"Gremlin Leader","floor":29,"turns":5},{"damage":0,"enemies":"3 Cultists","floor":32,"turns":1},{"damage":0,"enemies":"SI_MIRROR_ARCHETYPE","floor":33,"turns":1},{"damage":0,"enemies":"Orb Walker","floor":36,"turns":1},{"damage":0,"enemies":"downfall:FleeingMerchant","floor":38,"turns":1},{"damage":0,"enemies":"3 Darklings","floor":39,"turns":1},{"damage":0,"enemies":"Reptomancer","floor":40,"turns":1},{"damage":0,"enemies":"Nemesis","floor":42,"turns":1},{"damage":9,"enemies":"4 Shapes","floor":43,"turns":1},{"damage":0,"enemies":"Maw","floor":44,"turns":1},{"damage":0,"enemies":"Spire Growth","floor":46,"turns":1},{"damage":0,"enemies":"3 Darklings","floor":48,"turns":1},{"damage":0,"enemies":"Transient","floor":49,"turns":1},{"damage":0,"enemies":"IC_BLOCK_ARCHETYPE","floor":50,"turns":1}],"seed_played":"-7507986187487720515","potions_obtained":[{"floor":2,"key":"FairyPotion"},{"floor":4,"key":"Energy Potion"},{"floor":6,"key":"SteroidPotion"},{"floor":12,"key":"Weak Potion"},{"floor":33,"key":"testmod-SpacePotion"},{"floor":39,"key":"Dota2Spire:HealingSalve"},{"floor":43,"key":"bronze:BurnAndBuffPotion"}],"is_trial":false,"path_per_floor":["R","M","M","M","$","E","T","M","M","E","R","E","$","?","M","B",null,"R","M","?","?","M","?","T","M","R","M","M","E","?","AVR","M","B",null,"R","M","?","$","M","E","T","E","M","M","R","M","?","M","M","B",null],"character_chosen":"GUARDIAN","items_purchased":["infinitespire:Bottled Soul","Kunai","Omamori","AT_BladeRuinedKing"],"campfire_rested":0,"item_purchase_floors":[13,38,45,45],"current_hp_per_floor":[80,80,78,75,74,62,62,53,51,20,20,24,28,28,28,7,80,80,80,64,56,60,60,60,64,64,66,70,74,74,74,78,80,80,80,80,80,80,80,80,80,80,71,75,75,79,79,80,80,80],"gold":362,"neow_bonus":"THREE_RARE_CARDS","is_daily":false,"chose_seed":false,"campfire_upgraded":5,"win_rate":0.0,"timestamp":1611157984,"path_taken":["R","M","M","M","$","E","T","M","M","E","R","E","$","?","M","BOSS","R","M","?","?","?","?","T","?","R","M","M","E","?","AVR","M","BOSS","R","M","?","$","M","E","T","E","M","M","R","M","?","?","M","BOSS"],"items_purchased_type":["Relic","Relic","Relic","Relic"],"build_version":"2020-12-22","purchased_purges":4,"victory":true,"max_hp_per_floor":[80,80,80,80,80,80,80,80,80,80,80,80,80,80,80,80,80,80,80,80,80,80,80,80,80,80,80,80,80,80,80,80,80,80,80,80,80,80,80,80,80,80,80,80,80,80,80,80,80,80],"relic_stats":{"Happy Flower":[19],"counters":[31,104],"Kunai":[19],"MawBank":84,"obtain_stats":[{"AT_ForceNature":31,"Dota2Spire:PowerTreads":24,"testmod-TestBox":0,"AT_ATBox":0,"DaveBox":0,"Happy Flower":12,"Guardian:ModeShifter":0,"Hammer of Thor":0,"PlaceholderMod:DeVermisMysteriis":29,"AT_BladeRuinedKing":45,"Omamori":45,"Seething Fire":0,"testmod-RainbowHikingShoes":0,"MawBank":6,"Dota2Spire:LotusOrb":41,"Anchor":42,"Anvil of the Gods":0,"infinitespire:Bottled Soul":13,"AT_TrinityForce":17,"Kunai":38,"HollowDreamFlower":0,"REME_ComplimentaryCards":0,"Dota2Spire:Desolator":40},{"AT_ForceNature":18,"Dota2Spire:PowerTreads":14,"testmod-TestBox":0,"AT_ATBox":0,"DaveBox":0,"Happy Flower":9,"Guardian:ModeShifter":0,"Hammer of Thor":0,"PlaceholderMod:DeVermisMysteriis":18,"AT_BladeRuinedKing":27,"Omamori":27,"Seething Fire":0,"testmod-RainbowHikingShoes":0,"MawBank":5,"Dota2Spire:LotusOrb":24,"Anchor":25,"Anvil of the Gods":0,"infinitespire:Bottled Soul":10,"AT_TrinityForce":12,"Kunai":22,"HollowDreamFlower":0,"REME_ComplimentaryCards":0,"Dota2Spire:Desolator":24},{"AT_ForceNature":91,"Dota2Spire:PowerTreads":74,"testmod-TestBox":0,"AT_ATBox":0,"DaveBox":0,"Happy Flower":47,"Guardian:ModeShifter":0,"Hammer of Thor":0,"PlaceholderMod:DeVermisMysteriis":91,"AT_BladeRuinedKing":100,"Omamori":100,"Seething Fire":0,"testmod-RainbowHikingShoes":0,"MawBank":24,"Dota2Spire:LotusOrb":97,"Anchor":98,"Anvil of the Gods":0,"infinitespire:Bottled Soul":52,"AT_TrinityForce":67,"Kunai":95,"HollowDreamFlower":0,"REME_ComplimentaryCards":0,"Dota2Spire:Desolator":97}]},"card_choices":[{"not_picked":["Guardian:SphericShield","Guardian:ConstructionForm"],"picked":"Guardian:Gem_Synthetic","floor":0},{"not_picked":["Guardian:ShieldCharger","Guardian:VentSteam","Guardian:Suspension"],"picked":"SKIP","floor":2},{"not_picked":["Guardian:Suspension","Guardian:MultiBeam","Guardian:PiercingHide"],"picked":"SKIP","floor":3},{"not_picked":["Guardian:Suspension","Guardian:MultiBeam"],"picked":"Guardian:PiercingHide","floor":3},{"not_picked":["Guardian:Gem_Green","Guardian:Suspension","Guardian:BodySlam"],"picked":"SKIP","floor":4},{"not_picked":["Guardian:TemporalStrike","Guardian:Emergency"],"picked":"Guardian:ExploitGems","floor":5},{"not_picked":["Guardian:Planning","Guardian:Reroute","Guardian:Gem_Cyan"],"picked":"SKIP","floor":6},{"not_picked":["Guardian:DecasProtection","Guardian:ShieldCharger","Guardian:Recover"],"picked":"SKIP","floor":8},{"not_picked":["Guardian:Clone","Guardian:ChargeCore","Guardian:Incinerate"],"picked":"SKIP","floor":9},{"not_picked":["Guardian:BodySlam","Guardian:BronzeArmor"],"picked":"Guardian:Gem_Purple","floor":10},{"not_picked":["Guardian:ShieldSpikes","Guardian:PiercingHide"],"picked":"Guardian:Gem_Orange","floor":12},{"not_picked":["Guardian:Planning","Guardian:Gem_Green","Guardian:ShieldCharger"],"picked":"SKIP","floor":13},{"not_picked":["Guardian:Reroute","Guardian:Recover","Guardian:Harden"],"picked":"SKIP","floor":15},{"not_picked":["Guardian:BaubleBeam","Guardian:TimeSifter"],"picked":"Guardian:AncientConstruct","floor":16},{"not_picked":["Guardian:Gem_Lightblue","Guardian:Gem_Green","Guardian:Gem_Cyan"],"picked":"SKIP","floor":19},{"not_picked":["Guardian:SpikerProtocol","Guardian:ChargeCore+1","Guardian:CrystalBeam"],"picked":"SKIP","floor":22},{"not_picked":["Guardian:Preprogram","Guardian:ArmoredProtocol"],"picked":"Guardian:Gem_Red","floor":25},{"not_picked":["Guardian:Gem_Crimson","Guardian:Gem_Cyan","Guardian:Gem_Fragmented"],"picked":"SKIP","floor":27},{"not_picked":["Guardian:Gem_Cyan","Guardian:TimeCapacitor","Guardian:RevengeProtocol"],"picked":"SKIP","floor":28},{"not_picked":["Guardian:Harden","Guardian:AncientConstruct"],"picked":"Guardian:Gem_White","floor":29},{"not_picked":["Guardian:SentryBeam+1","Guardian:ShieldCharger","Guardian:Gem_Lightblue"],"picked":"SKIP","floor":32},{"not_picked":["Guardian:Gem_Lightblue","Guardian:TemporalShield","Guardian:Gem_Crimson"],"picked":"SKIP","floor":36},{"not_picked":["Guardian:TemporalShield","Guardian:VentSteam","Guardian:RollAttack+1"],"picked":"SKIP","floor":38},{"not_picked":["Guardian:WalkerClaw","Guardian:ConstructionForm","Guardian:Gem_Red"],"picked":"SKIP","floor":39},{"not_picked":["Guardian:Gem_Cyan","Guardian:Gem_Orange","Guardian:FloatingOrbs+1"],"picked":"SKIP","floor":40},{"not_picked":["Guardian:GuardianWhirl+1","Guardian:TimeSifter","Guardian:ShieldCharger"],"picked":"SKIP","floor":42},{"not_picked":["Guardian:TemporalStrike+1","Guardian:MultiBeam+1","Guardian:Gem_Crimson"],"picked":"SKIP","floor":43},{"not_picked":["Guardian:Preprogram+1","Guardian:Gem_Red","Guardian:VentSteam"],"picked":"SKIP","floor":44},{"not_picked":["Guardian:RollAttack+1","Guardian:HyperBeam_Guardian","Guardian:TimeBomb+1"],"picked":"SKIP","floor":46},{"not_picked":["Guardian:TemporalStrike","Guardian:Recover+1","Guardian:Planning"],"picked":"SKIP","floor":48},{"not_picked":["Guardian:Planning+1","Guardian:WalkerClaw+1","Guardian:Suspension"],"picked":"SKIP","floor":49}],"player_experience":129146,"relics_obtained":[{"floor":6,"key":"MawBank"},{"floor":12,"key":"Happy Flower"},{"floor":24,"key":"Dota2Spire:PowerTreads"},{"floor":29,"key":"PlaceholderMod:DeVermisMysteriis"},{"floor":40,"key":"Dota2Spire:Desolator"},{"floor":41,"key":"Dota2Spire:LotusOrb"},{"floor":42,"key":"Anchor"}],"event_choices":[{"cards_removed":["Guardian:Strike_Guardian"],"damage_healed":0,"gold_gain":0,"player_choice":"Removed Attack","damage_taken":0,"max_hp_gain":0,"max_hp_loss":0,"event_name":"Falling","floor":37,"gold_loss":0}],"is_beta":false,"boss_relics":[{"not_picked":["Sozu","energizedSpire:NeverEndingSparkler"],"picked":"AT_TrinityForce"},{"not_picked":["GreenFoldingFan","FixedStarFall","NightmareShop"]}],"items_purged_floors":[13,31,38,45],"is_endless":false,"potions_floor_spawned":[2,4,6,9,12,22,28,32,33,39,43,44],"ascension_level":3}}