{"host":"on8kfoejf6vp3cg3","time":1611117613,"event":{"mods":["AchievementEnabler","BaseMod","Better Match","Better Third Choice","Block Reminder","Colored Map","Colored Powertips","Disable Question Mark Monsters","Googly Eyes","Hermit","Highlight Path","Minty Spire (QoL Compilation)","Permanent Neow","Poor People Problems","Rare Cards Sparkle","Replay The Spire","StSLib","The Blackbeard","The Bladedancer","The Cursed"],"gold_per_floor":[112,122,139,156,68,68,68,68,68,103,103,103,103,119,119,202,202,217,232,232,147,165,165,165,165,165,202,211,229,194,64,64,146,146,157,23,41,54,73,409,409,409,436,453,463,472,0,20,20,20,20,20],"floor_reached":51,"language":"ENG","playtime":3915,"items_purged":[],"score":1469,"play_id":"158e4d6b-dedc-428e-9c06-b97826ac1e25","local_time":"20210119234013","daily_mods":["Insanity","Vintage","Heirloom","Time Dilation","Flight"],"is_ascension_mode":true,"campfire_choices":[{"floor":6.0,"key":"REST"},{"floor":8.0,"key":"REST"},{"floor":12.0,"key":"REST"},{"data":"blademaster:Cut","floor":15.0,"key":"SMITH"},{"data":"blademaster:ChargingUp","floor":15.0,"key":"SMITH"},{"floor":23,"key":"REST"},{"floor":24,"key":"REST"},{"floor":25,"key":"REST"},{"data":"blademaster:UnrelentingWind","floor":32,"key":"SMITH"},{"data":"blademaster:IcyWind","floor":32,"key":"SMITH"},{"floor":41,"key":"REST"},{"floor":42,"key":"REST"},{"floor":46,"key":"REST"},{"data":"blademaster:Overcharge","floor":49,"key":"SMITH"},{"data":"blademaster:Blindside","floor":49,"key":"SMITH"}],"circlet_count":0,"master_deck":["AscendersBane","blademaster:BladeCross","blademaster:TraverseCut","blademaster:Stability","blademaster:CombatPrep","blademaster:AirSlash","blademaster:SlyStabs","blademaster:Slice","blademaster:Slice","blademaster:BloodyBlow","blademaster:Slice","blademaster:Sharpen","blademaster:Thrust","blademaster:EyeOfTheTornado","blademaster:Gust","blademaster:BrainBloom","blademaster:Slice","blademaster:IcyWind+1","blademaster:DaggerAndCloak","blademaster:SharpBlades","blademaster:IcyWind","blademaster:BloodyBlow","blademaster:Thrust","blademaster:ParryingStrike","blademaster:DaggerAndCloak","blademaster:BloodyBlow","blademaster:AirSlash","blademaster:SharpBlades","blademaster:SlyStabs+1","blademaster:DaggerAndCloak","blademaster:LightningCrash","blademaster:BrainBloom","blademaster:AncestralHealing","blademaster:Stormstrike","blademaster:ChargingUp","blademaster:Breeze","blademaster:Stormstrike","blademaster:BladeCross","blademaster:Breeze","blademaster:Cut+1","blademaster:Thrust","blademaster:ChargingUp+1","blademaster:Stability","blademaster:Frontflip","blademaster:CombatPrep+1","blademaster:Slice","blademaster:AspectOfLightning","blademaster:EyeOfTheStorm","blademaster:AspectOfWind","blademaster:Blindside+1","blademaster:DaggerAndCloak","blademaster:UnrelentingWind+1","blademaster:Stability","blademaster:Cut+1","blademaster:Cut+1","blademaster:ThreePointStrike+1","blademaster:Flurry","blademaster:Overcharge+1"],"relics":["blademaster:DancersAmulet","Replay:Arrowhead","Replay:Accelerometer","Strawberry","Counterbalance","Molten Egg 2","Lizard Tail","CeramicFish","Empty Cage","The Courier","Turnip","ReplayTheSpireMod:TigerMarble","Lantern","Replay:Rubber Ducky","War Paint","ReplayFunnel","Orichalcum","Frozen Eye","Pen Nib","Nunchaku","Replay:WaspNest","Old Coin","Dream Catcher","Meat on the Bone","PreservedInsect","Red Mask","Replay:Wax Seal"],"acts_visited":["Exordium","TheCity","TheBeyond"],"potions_floor_usage":[22,33,45,50],"damage_taken":[{"damage":6.0,"enemies":"Small Slimes","floor":1.0,"turns":4.0},{"damage":0.0,"enemies":"Jaw Worm","floor":2.0,"turns":2.0},{"damage":6.0,"enemies":"2 Louse","floor":3.0,"turns":3.0},{"damage":43.0,"enemies":"Gremlin Gang","floor":4.0,"turns":5.0},{"damage":15.0,"enemies":"3 Sentries","floor":10.0,"turns":4.0},{"damage":9.0,"enemies":"Exordium Thugs","floor":14.0,"turns":4.0},{"damage":80.0,"enemies":"The Guardian","floor":16.0,"turns":10.0},{"damage":21.0,"enemies":"Shell Parasite","floor":18.0,"turns":5.0},{"damage":35,"enemies":"3 Byrds","floor":19,"turns":7},{"damage":21,"enemies":"3 Cultists","floor":22,"turns":4},{"damage":42,"enemies":"Book of Stabbing","floor":27,"turns":5},{"damage":6,"enemies":"Snake Plant","floor":29,"turns":3},{"damage":37,"enemies":"Automaton","floor":33,"turns":7},{"damage":0,"enemies":"Orb Walker","floor":35,"turns":2},{"damage":4,"enemies":"3 Darklings","floor":37,"turns":3},{"damage":4,"enemies":"Spire Growth","floor":38,"turns":4},{"damage":15,"enemies":"Transient","floor":39,"turns":6},{"damage":74,"enemies":"Nemesis","floor":40,"turns":7},{"damage":2,"enemies":"Sphere and 2 Shapes","floor":44,"turns":2},{"damage":51,"enemies":"4 Shapes","floor":45,"turns":3},{"damage":0,"enemies":"3 Darklings","floor":48,"turns":2},{"damage":43,"enemies":"Donu and Deca","floor":50,"turns":6},{"damage":82,"enemies":"Awakened One","floor":51,"turns":6}],"seed_played":"-4814131096168376766","potions_obtained":[{"floor":1.0,"key":"Fire Potion"},{"floor":2.0,"key":"Adrenaline Potion"},{"floor":16.0,"key":"EssenceOfSteel"},{"floor":37,"key":"Regen Potion"},{"floor":39,"key":"SkillPotion"}],"is_trial":true,"path_per_floor":["M","M","M","M","$","R","$","R","T","E","?","R","$","M","R","B",null,"M","M","?","?","M","R","R","R","T","E","?","M","$","$","R","B",null,"M","$","M","M","M","E","R","R","T","M","M","R","?","M","R","B","B"],"character_chosen":"THE_BLADEMASTER","items_purchased":["blademaster:Blindside","blademaster:Cut+1","ReplayFunnel","Frozen Eye"],"campfire_rested":9,"item_purchase_floors":[5,30,31,36],"current_hp_per_floor":[58,58,59,16,16,39,39,62,62,47,47,70,70,61,61,78,78,57,22,22,22,7,30,53,76,76,78,78,78,78,78,78,47,70,76,76,78,78,69,10,33,56,56,60,32,55,55,61,61,36,0,0],"gold":20,"neow_bonus":"","is_daily":false,"chose_seed":false,"campfire_upgraded":6,"win_rate":0.0,"timestamp":1611117613,"path_taken":["M","M","M","M","$","R","$","R","T","E","?","R","$","M","R","BOSS","M","M","?","?","M","R","R","R","T","E","?","M","$","$","R","BOSS","M","$","M","M","M","E","R","R","T","?","M","R","?","M","R","BOSS","BOSS"],"items_purchased_type":["Card","Card","Relic","Relic"],"build_version":"2020-12-22","purchased_purges":0,"victory":false,"max_hp_per_floor":[71,71,78,78,78,78,78,78,78,78,78,78,78,78,78,78,78,78,78,78,78,78,78,78,78,78,78,78,78,78,78,78,78,78,78,78,78,78,78,78,78,78,78,78,78,78,78,78,78,78,78,78],"card_choices":[{"not_picked":["blademaster:Sunder+1","blademaster:Meditate"],"picked":"blademaster:DaggerAndCloak","floor":10.0},{"not_picked":["blademaster:RagingBlow+1","blademaster:StanceMastery"],"picked":"blademaster:UnrelentingWind","floor":16.0},{"not_picked":["blademaster:AirSlash+1","blademaster:SharpBlades"],"picked":"blademaster:Stability","floor":27},{"not_picked":["blademaster:LightningDraw+1","blademaster:CloudOfSteel"],"picked":"blademaster:ThreePointStrike+1","floor":33},{"not_picked":["blademaster:DragonStrike+1","blademaster:Gust"],"picked":"blademaster:Flurry","floor":40},{"not_picked":["blademaster:AwakeningDefend+1","blademaster:CullingStrike+1"],"picked":"blademaster:Overcharge","floor":46}],"player_experience":487753,"relics_obtained":[{"floor":1.0,"key":"blademaster:BleedingLaceratePerk"},{"floor":2.0,"key":"Replay:Accelerometer"},{"floor":2.0,"key":"blademaster:StrongPerk"},{"floor":3.0,"key":"Strawberry"},{"floor":3.0,"key":"blademaster:WindChargePerk"},{"floor":4.0,"key":"Counterbalance"},{"floor":4.0,"key":"blademaster:OnAttackedChargePerk"},{"floor":9.0,"key":"Molten Egg 2"},{"floor":10.0,"key":"Lizard Tail"},{"floor":10.0,"key":"blademaster:ComboEveryTurnPerk"},{"floor":14.0,"key":"CeramicFish"},{"floor":14.0,"key":"blademaster:BonusFuryPerk"},{"floor":18.0,"key":"The Courier"},{"floor":18.0,"key":"blademaster:RandomStancePerk"},{"floor":19,"key":"Turnip"},{"floor":19,"key":"blademaster:StanceHealPerk"},{"floor":22,"key":"Lantern"},{"floor":22,"key":"blademaster:DextrousPerk"},{"floor":27,"key":"Replay:Rubber Ducky"},{"floor":27,"key":"blademaster:BleedingMoreDamagePerk"},{"floor":29,"key":"War Paint"},{"floor":29,"key":"blademaster:RandomBladePerk"},{"floor":35,"key":"Orichalcum"},{"floor":35,"key":"blademaster:LightningChargePerk"},{"floor":37,"key":"Pen Nib"},{"floor":37,"key":"blademaster:FuryEveryTurnPerk"},{"floor":38,"key":"Nunchaku"},{"floor":38,"key":"blademaster:BonusComboPerk"},{"floor":39,"key":"Replay:WaspNest"},{"floor":40,"key":"Old Coin"},{"floor":43,"key":"Dream Catcher"},{"floor":44,"key":"Meat on the Bone"},{"floor":45,"key":"PreservedInsect"},{"floor":48,"key":"Replay:Wax Seal"}],"event_choices":[{"damage_healed":0.0,"max_hp_gain":0.0,"max_hp_loss":0.0,"gold_gain":0.0,"event_name":"The Cleric","player_choice":"Leave","floor":11.0,"gold_loss":0.0,"damage_taken":0.0},{"damage_healed":0,"gold_gain":0,"player_choice":"Ignored","damage_taken":0,"max_hp_gain":0,"max_hp_loss":0,"event_name":"Ghosts","floor":20,"gold_loss":0},{"damage_healed":0,"gold_gain":0,"player_choice":"Obtained Relic","damage_taken":0,"relics_obtained":["ReplayTheSpireMod:TigerMarble"],"max_hp_gain":0,"max_hp_loss":0,"event_name":"Addict","floor":21,"gold_loss":85},{"damage_healed":0,"gold_gain":0,"player_choice":"Copied","damage_taken":0,"max_hp_gain":0,"max_hp_loss":0,"event_name":"Duplicator","floor":28,"gold_loss":0,"cards_obtained":["blademaster:Cut"]},{"damage_healed":0,"gold_gain":0,"player_choice":"Paid","damage_taken":0,"relics_obtained":["Red Mask"],"max_hp_gain":0,"max_hp_loss":0,"event_name":"Tomb of Lord Red Mask","floor":47,"gold_loss":472}],"is_beta":false,"boss_relics":[{"not_picked":["Honey Jar","Replay:Drink Me"],"picked":"Empty Cage"},{"not_picked":["Snecko Heart","Runic Dome","Replay:Bronze Core"]}],"items_purged_floors":[],"is_endless":false,"potions_floor_spawned":[1,2,16,22,27,37,39,40],"killed_by":"Awakened One","ascension_level":20}}