{"host":"sdjng9zhqonqi3uc","time":1611102167,"event":{"mods":["2.2 Compatiblity","AchievementEnabler","BaseMod","Better Third Choice","BetterRewards","Colored Powertips","Downfall","Hero for Fun","Minty Spire (QoL Compilation)","Quick Restart","Shop Mod","Spicy Shops","StSLib","Td1madao Mod","The Animator","The Cursed","The Servant 0.9.4"],"gold_per_floor":[15,29,29,42,62,90,90,90,90,90,117,42,42,57,57,136,136,153,53,103,103,103,103,130,146,146,178,178,190,65,77,77,151,151,161,161,161,178,193,228,228,263,263,276,294,347,378,228,228,228],"floor_reached":51,"language":"ENG","playtime":356,"items_purged":["Defend_Y","Defend_Y","Defend_Y","Defend_Y"],"score":2649,"play_id":"08b68e7b-ff50-42c9-b12c-c961a6b16aef","local_time":"20210120012247","is_ascension_mode":true,"campfire_choices":[{"floor":7,"key":"RECALL"},{"data":"Strike_Y","floor":10,"key":"SMITH"},{"data":"Slap","floor":13,"key":"SMITH"},{"data":"Slap","floor":15,"key":"SMITH"},{"data":"Serious_Punch","floor":23,"key":"SMITH"},{"data":"Strike_Y","floor":28,"key":"SMITH"},{"data":"Strike_Y","floor":32,"key":"SMITH"},{"data":"Flash of Steel","floor":49,"key":"SMITH"}],"circlet_count":0,"master_deck":["AscendersBane","Strike_Y+1","Strike_Y+1","Strike_Y+1","Strike_Y","Strike_Y","Slap+1","Slap+1","Serious_Punch+1","Flash of Steel+1"],"relics":["Cape","InkBottle","Blue Candle","Frozen Egg 2","Runic Dome","Mercury Hourglass","Matryoshka","StrikeDummy","Velvet Choker","Vajra","Nunchaku","Pantograph","Du-Vu Doll","Thread and Needle","Orichalcum"],"acts_visited":["Exordium","TheCity","TheBeyond"],"potions_floor_usage":[],"damage_taken":[{"damage":0,"enemies":"Jaw Worm","floor":1,"turns":1},{"damage":0,"enemies":"Small Slimes","floor":2,"turns":1},{"damage":0,"enemies":"Cultist","floor":4,"turns":1},{"damage":0,"enemies":"Exordium Thugs","floor":5,"turns":1},{"damage":0,"enemies":"Lagavulin","floor":6,"turns":1},{"damage":0,"enemies":"Gremlin Nob","floor":11,"turns":1},{"damage":0,"enemies":"Looter","floor":14,"turns":1},{"damage":0,"enemies":"The Guardian","floor":16,"turns":1},{"damage":0,"enemies":"Chosen","floor":18,"turns":1},{"damage":0,"enemies":"Book of Stabbing","floor":24,"turns":1},{"damage":0,"enemies":"Spheric Guardian","floor":25,"turns":1},{"damage":0,"enemies":"Slavers","floor":27,"turns":1},{"damage":0,"enemies":"Centurion and Healer","floor":29,"turns":1},{"damage":0,"enemies":"Chosen and Byrds","floor":31,"turns":1},{"damage":0,"enemies":"Automaton","floor":33,"turns":1},{"damage":0,"enemies":"3 Shapes","floor":35,"turns":1},{"damage":0,"enemies":"3 Darklings","floor":38,"turns":1},{"damage":0,"enemies":"Spire Growth","floor":39,"turns":1},{"damage":0,"enemies":"Reptomancer","floor":40,"turns":1},{"damage":0,"enemies":"Nemesis","floor":42,"turns":1},{"damage":0,"enemies":"4 Shapes","floor":44,"turns":1},{"damage":0,"enemies":"Writhing Mass","floor":45,"turns":1},{"damage":0,"enemies":"2 Orb Walkers","floor":46,"turns":1},{"damage":0,"enemies":"Reptomancer","floor":47,"turns":1},{"damage":0,"enemies":"Time Eater","floor":50,"turns":1}],"seed_played":"7790833220873219981","potions_obtained":[{"floor":24,"key":"SneckoOil"},{"floor":27,"key":"Energy Potion"}],"is_trial":false,"path_per_floor":["M","M","?","M","M","E","R","?","T","R","E","$","R","M","R","B",null,"M","$","?","$","?","R","E","M","T","E","R","M","$","M","R","B",null,"M","?","?","M","M","E","?","E","T","M","M","?","E","$","R","B",null],"character_chosen":"OPM","items_purchased":[],"campfire_rested":0,"item_purchase_floors":[],"current_hp_per_floor":[896,896,896,896,896,896,896,896,896,896,896,896,896,896,896,896,970,970,970,970,970,970,970,970,970,970,970,970,970,970,970,970,970,989,989,989,989,989,989,989,989,989,989,989,989,989,989,989,989,995],"gold":228,"neow_bonus":"","is_daily":false,"chose_seed":false,"campfire_upgraded":7,"win_rate":0.0,"timestamp":1611102167,"path_taken":["M","M","?","M","M","E","R","?","T","R","E","$","R","?","R","BOSS","M","$","?","?","?","R","E","M","T","E","R","?","$","M","R","BOSS","M","?","?","M","M","E","?","E","T","M","?","?","E","$","R","BOSS"],"items_purchased_type":[],"build_version":"2020-12-22","purchased_purges":4,"victory":true,"max_hp_per_floor":[995,995,995,995,995,995,995,995,995,995,995,995,995,995,995,995,995,995,995,995,995,995,995,995,995,995,995,995,995,995,995,995,995,995,995,995,995,995,995,995,995,995,995,995,995,995,995,995,995,995],"card_choices":[{"not_picked":["Do_Nothing","Hop","Side_Hop"],"picked":"SKIP","floor":1},{"not_picked":["Normal_Punch","Consecutive_Normal_Punch","Do_Nothing"],"picked":"SKIP","floor":2},{"not_picked":["Yawn","Slap","Hop"],"picked":"SKIP","floor":4},{"not_picked":["Wear_Disguise","Toss_Stone","Consecutive_Normal_Punch"],"picked":"SKIP","floor":5},{"not_picked":["Yawn","Ignore","Hop"],"picked":"SKIP","floor":6},{"not_picked":["Normal_Punch","Hop"],"picked":"Slap","floor":11},{"not_picked":["Normal_Punch","Do_Nothing"],"picked":"Slap","floor":14},{"not_picked":["Hip_Strike","Get_Hopes_Up"],"picked":"Serious_Punch","floor":16},{"not_picked":["Normal_Punch","Toss_Stone","Yawn"],"picked":"SKIP","floor":18},{"not_picked":["Normal_Punch","Toss_Stone+1","Slap"],"picked":"SKIP","floor":24},{"not_picked":["Ignore","Wear_Disguise+1","Slap"],"picked":"SKIP","floor":25},{"not_picked":["Wear_Disguise+1","Yawn","Normal_Punch"],"picked":"SKIP","floor":27},{"not_picked":["Normal_Punch+1","Hop","Yawn"],"picked":"SKIP","floor":29},{"not_picked":["Ignore","Do_Nothing","Slap+1"],"picked":"SKIP","floor":31},{"not_picked":["Ignore+1","Consecutive_Normal_Punch","Hop"],"picked":"SKIP","floor":35},{"not_picked":["Enlightenment","Purity"],"picked":"Flash of Steel","floor":37},{"not_picked":["Ignore","Side_Hop+1","Hop"],"picked":"SKIP","floor":38},{"not_picked":["Slap+1","Ignore","Side_Hop+1"],"picked":"SKIP","floor":39},{"not_picked":["Serious_Side_Hops","Ignore","Slap"],"picked":"SKIP","floor":40},{"not_picked":["Wear_Disguise+1","Get_Hopes_Up","Normal_Punch+1"],"picked":"SKIP","floor":42},{"not_picked":["Normal_Punch","Hop+1","Ignore"],"picked":"SKIP","floor":44},{"not_picked":["Toss_Stone","Yawn","Hop+1"],"picked":"SKIP","floor":45},{"not_picked":["Ignore","Side_Hop+1","Toss_Stone"],"picked":"SKIP","floor":47}],"player_experience":349385,"relics_obtained":[{"floor":6,"key":"InkBottle"},{"floor":9,"key":"Blue Candle"},{"floor":11,"key":"Frozen Egg 2"},{"floor":24,"key":"Mercury Hourglass"},{"floor":26,"key":"Matryoshka"},{"floor":27,"key":"StrikeDummy"},{"floor":40,"key":"Vajra"},{"floor":42,"key":"Nunchaku"},{"floor":43,"key":"Pantograph"},{"floor":43,"key":"Du-Vu Doll"},{"floor":46,"key":"Thread and Needle"},{"floor":47,"key":"Orichalcum"}],"event_choices":[{"damage_healed":0,"gold_gain":0,"player_choice":"Ignored","damage_taken":0,"max_hp_gain":0,"max_hp_loss":0,"event_name":"Golden Idol","floor":3,"gold_loss":0},{"damage_healed":0,"gold_gain":0,"player_choice":"Leave","damage_taken":0,"max_hp_gain":0,"max_hp_loss":0,"event_name":"FaceTrader","floor":8,"gold_loss":0},{"damage_healed":0,"gold_gain":50,"player_choice":"Pray","damage_taken":0,"max_hp_gain":0,"max_hp_loss":0,"event_name":"Golden Shrine","floor":20,"gold_loss":0},{"cards_removed":["Defend_Y"],"damage_healed":0,"gold_gain":0,"player_choice":"Elegance","damage_taken":0,"max_hp_gain":0,"max_hp_loss":0,"event_name":"betterThird:BetterWriting","floor":22,"gold_loss":0},{"damage_healed":0,"gold_gain":0,"player_choice":"Ignored","damage_taken":0,"max_hp_gain":0,"max_hp_loss":0,"event_name":"Tomb of Lord Red Mask","floor":36,"gold_loss":0},{"damage_healed":0,"gold_gain":0,"player_choice":"Memory 1","damage_taken":0,"max_hp_gain":0,"max_hp_loss":0,"event_name":"SensoryStone","floor":37,"gold_loss":0},{"damage_healed":0,"gold_gain":0,"player_choice":"Ignored","damage_taken":0,"max_hp_gain":0,"max_hp_loss":0,"event_name":"Upgrade Shrine","floor":41,"gold_loss":0},{"damage_healed":0,"gold_gain":0,"player_choice":"Fight","damage_taken":0,"max_hp_gain":0,"max_hp_loss":0,"event_name":"Mysterious Sphere","floor":46,"gold_loss":0}],"is_beta":false,"boss_relics":[{"not_picked":["SlaversCollar","Runic Pyramid"],"picked":"Runic Dome"},{"not_picked":["Astrolabe","Calling Bell"],"picked":"Velvet Choker"}],"items_purged_floors":[12,19,30,48],"is_endless":false,"potions_floor_spawned":[1,14,16,24,27,38,42,45,46],"ascension_level":19}}