{"host":"vyjryxuuuxkt43k4","time":1611167247,"event":{"mods":["AchievementEnabler","BaseMod","Colored Map","DeckTracker","Keyboard Shortcuts","Minty Spire (QoL Compilation)","Permanent Neow","Quick Restart","StSLib","SuperFastMode","everything is the same but u backflip on backflip"],"gold_per_floor":[117,132,97,109,109,137,137,137,187,187,215,215,243,261,261,339,339,359,370,381,381,60,60,76,76,125,18,18,51,65,85,85,160,160,180,205,205,225,239,272,282,307,333,382,382,32,46,46,46,46,46],"floor_reached":50,"language":"KOR","playtime":2276,"items_purged":[],"score":1042,"play_id":"96a89742-77d0-465c-bc9e-5f0cff912c1d","local_time":"20210121032727","is_ascension_mode":true,"campfire_choices":[{"data":"Perfected Strike","floor":7.0,"key":"SMITH"},{"data":"Perfected Strike","floor":10.0,"key":"SMITH"},{"data":"Impervious","floor":12.0,"key":"SMITH"},{"data":"Intimidate","floor":15.0,"key":"SMITH"},{"floor":23.0,"key":"REST"},{"data":"Inflame","floor":25.0,"key":"SMITH"},{"data":"Trip","floor":32.0,"key":"SMITH"},{"floor":45.0,"key":"REST"},{"floor":49.0,"key":"RECALL"}],"circlet_count":0,"master_deck":["AscendersBane","Strike_R","Strike_R","Strike_R","Strike_R","Strike_R","Defend_R+1","Impervious+1","Perfected Strike+1","Perfected Strike+1","Impervious+1","Wild Strike","Inflame+1","Intimidate+1","Headbutt","Reaper","Dual Wield+1","Armaments+1","Trip+1","Wild Strike","Flex+1","Barricade+1","Feed+1","Carnage+1","Seeing Red+1","Perfected Strike","True Grit+1","Feel No Pain","Twin Strike"],"relics":["Burning Blood","Centennial Puzzle","Red Skull","War Paint","White Beast Statue","Velvet Choker","Nilry\u0027s Codex","FossilizedHelix","Strawberry","MutagenicStrength","Calipers","Astrolabe","Incense Burner","Potion Belt","Bag of Preparation","Regal Pillow","Ornamental Fan"],"acts_visited":["Exordium","TheCity","TheBeyond"],"potions_floor_usage":[50,50,50],"damage_taken":[{"damage":3.0,"enemies":"2 Louse","floor":1.0,"turns":3.0},{"damage":15.0,"enemies":"Small Slimes","floor":2.0,"turns":4.0},{"damage":0.0,"enemies":"Cultist","floor":4.0,"turns":3.0},{"damage":20.0,"enemies":"3 Sentries","floor":6.0,"turns":8.0},{"damage":16.0,"enemies":"Gremlin Nob","floor":11.0,"turns":3.0},{"damage":20.0,"enemies":"3 Sentries","floor":13.0,"turns":5.0},{"damage":6.0,"enemies":"2 Fungi Beasts","floor":14.0,"turns":2.0},{"damage":31.0,"enemies":"Hexaghost","floor":16.0,"turns":9.0},{"damage":12.0,"enemies":"Chosen","floor":18.0,"turns":3.0},{"damage":26.0,"enemies":"3 Byrds","floor":19.0,"turns":7.0},{"damage":0.0,"enemies":"Snecko","floor":20.0,"turns":3.0},{"damage":0.0,"enemies":"Sentry and Sphere","floor":24.0,"turns":3.0},{"damage":31.0,"enemies":"Slavers","floor":29.0,"turns":5.0},{"damage":12.0,"enemies":"3 Cultists","floor":30.0,"turns":6.0},{"damage":0.0,"enemies":"Snake Plant","floor":31.0,"turns":4.0},{"damage":43.0,"enemies":"Collector","floor":33.0,"turns":10.0},{"damage":0.0,"enemies":"Orb Walker","floor":35.0,"turns":2.0},{"damage":6.0,"enemies":"Mind Bloom Boss Battle","floor":36.0,"turns":6.0},{"damage":0.0,"enemies":"3 Shapes","floor":38.0,"turns":3.0},{"damage":20.0,"enemies":"3 Darklings","floor":39.0,"turns":12.0},{"damage":77.0,"enemies":"Reptomancer","floor":40.0,"turns":11.0},{"damage":0.0,"enemies":"Jaw Worm Horde","floor":41.0,"turns":6.0},{"damage":0.0,"enemies":"Nemesis","floor":42.0,"turns":9.0},{"damage":11.0,"enemies":"4 Shapes","floor":47.0,"turns":5.0},{"damage":99,"enemies":"Awakened One","floor":50,"turns":15}],"seed_played":"868777855779410191","potions_obtained":[{"floor":1.0,"key":"SkillPotion"},{"floor":6.0,"key":"AttackPotion"},{"floor":14.0,"key":"Strength Potion"},{"floor":16.0,"key":"CultistPotion"},{"floor":18.0,"key":"FearPotion"},{"floor":19.0,"key":"Fire Potion"},{"floor":20.0,"key":"Energy Potion"},{"floor":24.0,"key":"Dexterity Potion"},{"floor":29.0,"key":"LiquidMemories"},{"floor":33.0,"key":"SteroidPotion"},{"floor":35.0,"key":"LiquidMemories"},{"floor":39.0,"key":"Fruit Juice"},{"floor":40.0,"key":"GamblersBrew"},{"floor":41.0,"key":"Weak Potion"},{"floor":42.0,"key":"Strength Potion"}],"is_trial":false,"path_per_floor":["M","M","?","M","?","E","R","?","T","R","E","R","E","M","R","B",null,"M","M","M","?","$","R","M","R","T","$","?","E","M","M","R","B",null,"M","?","?","M","M","E","M","E","T","T","R","$","M","$","R","B"],"character_chosen":"IRONCLAD","items_purchased":["FossilizedHelix","Trip","DistilledChaos","Ornamental Fan"],"campfire_rested":2,"item_purchase_floors":[22,27,46,46],"current_hp_per_floor":[71,62,75,75,75,61,61,61,61,61,51,51,37,37,37,12,59,57,44,50,29,29,51,59,59,66,66,66,50,44,55,55,34,70,76,80,80,86,81,20,30,36,36,36,79,79,95,95,95,0,0],"gold":46,"neow_bonus":"ONE_RANDOM_RARE_CARD","is_daily":false,"chose_seed":false,"campfire_upgraded":6,"win_rate":0.0,"timestamp":1611167247,"path_taken":["M","M","?","M","?","E","R","?","T","R","E","R","E","M","R","BOSS","M","?","M","?","$","R","M","R","T","$","?","E","M","M","R","BOSS","M","?","?","?","M","E","M","E","T","?","R","$","M","$","R","BOSS"],"items_purchased_type":["Relic","Card","Potion","Relic"],"build_version":"2020-12-22","purchased_purges":0,"victory":false,"max_hp_per_floor":[75,75,75,75,75,75,75,75,75,75,75,75,75,75,75,75,75,75,75,75,75,75,75,75,75,82,82,82,82,82,82,82,82,82,82,86,86,86,91,91,95,95,95,95,95,95,95,95,95,99,99],"card_choices":[{"not_picked":["Armaments","Carnage"],"picked":"Perfected Strike","floor":1.0},{"not_picked":["Dark Embrace","Flex"],"picked":"Perfected Strike","floor":2.0},{"not_picked":["Sword Boomerang","Headbutt"],"picked":"Impervious","floor":4.0},{"not_picked":["Whirlwind","Brutality"],"picked":"Wild Strike","floor":6.0},{"not_picked":["Sentinel","Havoc"],"picked":"Inflame","floor":11.0},{"not_picked":["Dark Embrace","Body Slam"],"picked":"Intimidate","floor":13.0},{"not_picked":["Iron Wave","Thunderclap"],"picked":"Headbutt","floor":14.0},{"not_picked":["Brutality","Bludgeon"],"picked":"Reaper","floor":16.0},{"not_picked":["Clash","Reckless Charge+1","True Grit"],"picked":"SKIP","floor":18.0},{"not_picked":["Headbutt","Body Slam"],"picked":"Dual Wield+1","floor":19.0},{"not_picked":["Inflame","True Grit"],"picked":"Armaments+1","floor":20.0},{"not_picked":["Cleave","Infernal Blade","Metallicize"],"picked":"SKIP","floor":24.0},{"not_picked":["Iron Wave","Armaments+1","Infernal Blade"],"picked":"SKIP","floor":29.0},{"not_picked":["Sentinel","Second Wind"],"picked":"Wild Strike","floor":30.0},{"not_picked":["Spot Weakness","Shrug It Off"],"picked":"Flex+1","floor":31.0},{"not_picked":["Reaper","Juggernaut"],"picked":"Barricade","floor":33.0},{"not_picked":["Intimidate+1","Havoc"],"picked":"Perfected Strike","floor":35.0},{"not_picked":["Evolve","Clothesline"],"picked":"True Grit+1","floor":38.0},{"not_picked":["Iron Wave","Clash","Rupture"],"picked":"SKIP","floor":39.0},{"not_picked":["True Grit","Pommel Strike"],"picked":"Feel No Pain","floor":40.0},{"not_picked":["Seeing Red","Carnage","Fiend Fire"],"picked":"SKIP","floor":41.0},{"not_picked":["Sentinel","Sword Boomerang"],"picked":"Twin Strike","floor":42.0},{"not_picked":["Havoc","Heavy Blade+1","Iron Wave"],"picked":"SKIP","floor":47.0}],"player_experience":177731,"relics_obtained":[{"floor":6.0,"key":"Centennial Puzzle"},{"floor":9.0,"key":"Red Skull"},{"floor":11.0,"key":"War Paint"},{"floor":13.0,"key":"White Beast Statue"},{"floor":21.0,"key":"Nilry\u0027s Codex"},{"floor":26.0,"key":"Strawberry"},{"floor":29.0,"key":"Calipers"},{"floor":36.0,"key":"Incense Burner"},{"floor":40.0,"key":"Potion Belt"},{"floor":42.0,"key":"Bag of Preparation"},{"floor":44.0,"key":"Regal Pillow"}],"event_choices":[{"damage_healed":18.0,"max_hp_gain":0.0,"max_hp_loss":0.0,"gold_gain":0.0,"event_name":"The Cleric","player_choice":"Healed","floor":3.0,"gold_loss":35.0,"damage_taken":0.0},{"damage_healed":0.0,"max_hp_gain":0.0,"max_hp_loss":0.0,"gold_gain":0.0,"event_name":"Golden Wing","player_choice":"Ignored","floor":5.0,"gold_loss":0.0,"damage_taken":0.0},{"cards_removed":["Defend_R"],"damage_healed":0.0,"max_hp_gain":0.0,"max_hp_loss":0.0,"gold_gain":0.0,"event_name":"Purifier","player_choice":"Purged","floor":8.0,"gold_loss":0.0,"damage_taken":0.0},{"damage_healed":0.0,"max_hp_gain":0.0,"max_hp_loss":0.0,"gold_gain":0.0,"event_name":"Cursed Tome","player_choice":"Obtained Book","floor":21.0,"gold_loss":0.0,"damage_taken":21.0},{"damage_healed":0.0,"max_hp_gain":0.0,"max_hp_loss":0.0,"gold_gain":0.0,"event_name":"Drug Dealer","player_choice":"Inject Mutagens","floor":28.0,"gold_loss":0.0,"damage_taken":0.0,"relics_obtained":["MutagenicStrength"]},{"damage_healed":0.0,"max_hp_gain":0.0,"max_hp_loss":0.0,"gold_gain":0.0,"event_name":"MindBloom","player_choice":"Fight","floor":36.0,"gold_loss":0.0,"damage_taken":0.0},{"damage_healed":0.0,"max_hp_gain":0.0,"max_hp_loss":0.0,"gold_gain":0.0,"event_name":"Accursed Blacksmith","player_choice":"Forge","floor":37.0,"gold_loss":0.0,"damage_taken":0.0,"cards_upgraded":["Barricade"]}],"is_beta":false,"boss_relics":[{"not_picked":["Pandora\u0027s Box","Black Blood"],"picked":"Velvet Choker"},{"not_picked":["Empty Cage","Runic Cube"],"picked":"Astrolabe"}],"items_purged_floors":[],"is_endless":false,"potions_floor_spawned":[1,6,14,16,18,19,20,24,29,30,31,33,35,36,38,39,40,41,42,47],"killed_by":"Awakened One","ascension_level":16}}