{"host":"xj2wyr3bqqv4irjd","time":1611132190,"event":{"mods":["Act Like it!","Aspiration","BaseMod","Jorbs\u0027s Wanderer Trilogy","Koishi","Marisa£®ÏF”Í°°ƒß¿Ì…≥£©","Minty Spire (QoL Compilation)","Quick Restart","Rare Cards Sparkle","Reimu£®≤©¿ˆ¡È√Œ£©","Remilia£®¿Ÿ√◊¿Ú—«£©","Replay The Spire","SIMod","StSLib","Td1madao Mod","The Animator","WarShipGirlsR/’ΩΩ¢…Ÿ≈ÆR mod","Yakumo Yukari mod"],"gold_per_floor":[210,57,76,76,108,108,108,132,144,172,172,273,273,290,290,290],"floor_reached":30,"language":"ZHS","playtime":935,"items_purged":["stsjorbsmod:Strike_Cull"],"score":253,"play_id":"2b74ea49-9890-472c-b136-b88bededf9df","local_time":"20210120164310","is_ascension_mode":false,"campfire_choices":[{"data":"stsjorbsmod:WastingStrike","floor":7.0,"key":"SMITH"},{"data":"stsjorbsmod:Assertion","floor":8.0,"key":"SMITH"},{"data":"stsjorbsmod:CULLCard","floor":16,"key":"SMITH"}],"circlet_count":0,"master_deck":["stsjorbsmod:CULLCard+1","stsjorbsmod:Apparition_Cull","stsjorbsmod:Paralysis","stsjorbsmod:SpiritShield_Cull","stsjorbsmod:Exhale","stsjorbsmod:Withering","stsjorbsmod:Blasphemer","stsjorbsmod:Assertion+1","stsjorbsmod:WastingStrike+1","stsjorbsmod:Double","stsjorbsmod:FocusedRage","stsjorbsmod:GrimDirge","stsjorbsmod:ForcedPresence","stsjorbsmod:Intervention","stsjorbsmod:Equinox","stsjorbsmod:FranticMind","stsjorbsmod:BlackTentacles_Cull","stsjorbsmod:Frostbite","stsjorbsmod:Sacrifice","stsjorbsmod:Cyclone+1"],"relics":["stsjorbsmod:BookOfTrialsRelic","NeowsBlessing","Vajra","Oddly Smooth Stone","Turnip","Pandora\u0027s Box"],"acts_visited":["Exordium","TheCity"],"potions_floor_usage":[17,30],"damage_taken":[{"damage":0.0,"enemies":"2 Louse","floor":1.0,"turns":1.0},{"damage":0.0,"enemies":"Cultist","floor":3.0,"turns":1.0},{"damage":0.0,"enemies":"Gremlin Nob","floor":6.0,"turns":1.0},{"damage":1,"enemies":"Jaw Worm","floor":10,"turns":3},{"damage":2,"enemies":"Lagavulin","floor":13,"turns":3},{"damage":42,"enemies":"The Guardian","floor":17,"turns":7},{"damage":25,"enemies":"3 Byrds","floor":25,"turns":5},{"damage":18,"enemies":"Gremlin Leader","floor":30,"turns":3}],"seed_played":"-4868237562288081946","potions_obtained":[{"floor":3.0,"key":"Regen Potion"},{"floor":10,"key":"ZuzhouPotion:ReiMu"},{"floor":17,"key":"AttackPotion"}],"is_trial":false,"path_per_floor":["M","$","M","?","E","R","R","T","M","E","R","B",null,"M","E"],"character_chosen":"CULL","items_purchased":["stsjorbsmod:Double"],"campfire_rested":0,"item_purchase_floors":[2],"current_hp_per_floor":[70,70,70,70,70,70,70,70,67,63,63,32,45,18,0,0],"gold":290,"neow_bonus":"THREE_ENEMY_KILL","is_daily":false,"chose_seed":false,"campfire_upgraded":3,"win_rate":0.0,"timestamp":1611132190,"path_taken":["M","$","M","?","E","R","R","T","M","E","R","BOSS","M","E"],"items_purchased_type":["Card"],"build_version":"2020-12-22","purchased_purges":1,"victory":false,"max_hp_per_floor":[70,70,70,70,70,70,70,70,67,64,64,45,45,26,23,23],"card_choices":[{"not_picked":["stsjorbsmod:Panic","stsjorbsmod:WastingStrike","stsjorbsmod:Toll"],"picked":"SKIP","floor":1.0},{"not_picked":["stsjorbsmod:Panic","stsjorbsmod:Toll"],"picked":"stsjorbsmod:WastingStrike","floor":1.0},{"not_picked":["stsjorbsmod:FranticMind","stsjorbsmod:Poultergeist"],"picked":"stsjorbsmod:FocusedRage","floor":3.0},{"not_picked":["stsjorbsmod:Trouble","stsjorbsmod:Siphon"],"picked":"stsjorbsmod:GrimDirge","floor":6.0},{"not_picked":["stsjorbsmod:Siphon","stsjorbsmod:Panic"],"picked":"stsjorbsmod:ForcedPresence","floor":10},{"not_picked":["stsjorbsmod:Cleanse","stsjorbsmod:Taunt","stsjorbsmod:Melt"],"picked":"SKIP","floor":13},{"not_picked":["stsjorbsmod:Clarify","stsjorbsmod:PartingBlow"],"picked":"stsjorbsmod:Intervention","floor":17},{"not_picked":["stsjorbsmod:FocusedRage","stsjorbsmod:Toll+1"],"picked":"stsjorbsmod:Cyclone+1","floor":25}],"player_experience":552329,"relics_obtained":[{"floor":6.0,"key":"Vajra"},{"floor":9.0,"key":"Oddly Smooth Stone"},{"floor":13,"key":"Turnip"}],"event_choices":[],"is_beta":false,"boss_relics":[{"not_picked":["SacredBark","Tiny House"],"picked":"Pandora\u0027s Box"}],"items_purged_floors":[2],"is_endless":false,"potions_floor_spawned":[3,10,17],"killed_by":"Gremlin Leader","ascension_level":0}}