{"host":"ptvbuawyvnztju27","time":1611121215,"event":{"mods":["100% Spire Juice","BaseMod","Minty Spire (QoL Compilation)","StSLib","Unceasing Turn Reminder"],"gold_per_floor":[111,111,126,145,41,71,85,112,189,217,217,233,251,262,262,366,6,26,46,46,56,56,56,3,3,3,19,71,71,0,12,12,113,113,128,145,145,145],"floor_reached":37,"language":"ENG","playtime":1749,"items_purged":[],"score":420,"play_id":"2939f642-e8a3-417d-bd46-e0a2f859e7f8","local_time":"20210119224015","is_ascension_mode":false,"campfire_choices":[{"data":"Moonworks:JonathanRush","floor":11,"key":"SMITH"},{"data":"Moonworks:EvilSpyWorkPreparation","floor":15,"key":"SMITH"},{"floor":23,"key":"REST"},{"floor":32,"key":"REST"}],"circlet_count":0,"master_deck":["Moonworks:Strike","Moonworks:Strike","Moonworks:Strike","Moonworks:Defend","Moonworks:Defend","Moonworks:Defend","Moonworks:Defend","Moonworks:Ambush","Moonworks:LongDistanceShot+1","Moonworks:LulusLuckyEgg","Moonworks:RedAndBlue","Moonworks:EvilSpyWorkPreparation+1","Moonworks:CompletionReward","Moonworks:Wanted","Moonworks:JonathanRush+1","Moonworks:JonathanRush","Moonworks:Bloodlust","Moonworks:StarBlastingFuse","Moonworks:ReproductionOfRecords","Decay","Moonworks:JonathanRush+1","Moonworks:SakisCookie","Moonworks:Encore","Moonworks:BindingChains","Moonworks:AccelHyper","Moonworks:Flamethrower"],"relics":["Moonworks:BrokenBomb","Moonworks:Homemark","NeowsBlessing","Happy Flower","Art of War","Bottled Flame","Lizard Tail","Philosopher\u0027s Stone","Vajra","Gambling Chip","Juzu Bracelet","Busted Crown"],"acts_visited":["Exordium","TheCity","TheBeyond"],"potions_floor_usage":[13,16,27,31],"damage_taken":[{"damage":0,"enemies":"Jaw Worm","floor":1,"turns":1},{"damage":0,"enemies":"Cultist","floor":3,"turns":1},{"damage":0,"enemies":"Small Slimes","floor":4,"turns":1},{"damage":0,"enemies":"Blue Slaver","floor":5,"turns":4},{"damage":8,"enemies":"Gremlin Nob","floor":6,"turns":4},{"damage":6,"enemies":"Exordium Thugs","floor":7,"turns":4},{"damage":9,"enemies":"Lagavulin","floor":8,"turns":5},{"damage":0,"enemies":"3 Sentries","floor":10,"turns":3},{"damage":5,"enemies":"Looter","floor":12,"turns":4},{"damage":0,"enemies":"Large Slime","floor":13,"turns":4},{"damage":0,"enemies":"2 Fungi Beasts","floor":14,"turns":2},{"damage":34,"enemies":"Hexaghost","floor":16,"turns":9},{"damage":6,"enemies":"2 Thieves","floor":18,"turns":3},{"damage":34,"enemies":"Shell Parasite","floor":19,"turns":4},{"damage":25,"enemies":"Centurion and Healer","floor":21,"turns":6},{"damage":0,"enemies":"Snake Plant","floor":27,"turns":2},{"damage":29,"enemies":"3 Cultists","floor":31,"turns":4},{"damage":32,"enemies":"Champ","floor":33,"turns":9},{"damage":52,"enemies":"3 Darklings","floor":35,"turns":3},{"damage":21,"enemies":"3 Shapes","floor":36,"turns":4},{"damage":29,"enemies":"Mind Bloom Boss Battle","floor":37,"turns":3}],"seed_played":"4123437646303750407","potions_obtained":[{"floor":4,"key":"Block Potion"},{"floor":5,"key":"ColorlessPotion"},{"floor":8,"key":"Strength Potion"},{"floor":13,"key":"SteroidPotion"},{"floor":14,"key":"SkillPotion"},{"floor":18,"key":"Fire Potion"},{"floor":33,"key":"FearPotion"},{"floor":35,"key":"SteroidPotion"}],"is_trial":false,"path_per_floor":["M","?","M","M","M","E","M","E","T","E","R","M","M","M","R","B",null,"M","M","?","M","?","R","$","?","T","M","T","?","?","M","R","B",null,"M","M","?"],"character_chosen":"THE_STARBREAKER","items_purchased":["Moonworks:SakisCookie"],"campfire_rested":2,"item_purchase_floors":[24],"current_hp_per_floor":[60,60,60,60,60,52,46,37,37,37,37,32,32,32,32,12,60,56,26,26,15,15,33,33,33,33,33,33,33,33,16,34,6,60,8,23,0,0],"gold":145,"neow_bonus":"THREE_ENEMY_KILL","is_daily":false,"chose_seed":false,"campfire_upgraded":2,"win_rate":0.0,"timestamp":1611121215,"path_taken":["M","?","?","?","M","E","M","E","T","E","R","M","M","M","R","BOSS","M","M","?","M","?","R","$","?","T","?","?","?","?","M","R","BOSS","M","M","?"],"items_purchased_type":["Card"],"build_version":"2020-12-22","purchased_purges":0,"victory":false,"max_hp_per_floor":[60,60,60,60,60,60,60,60,60,60,60,60,60,60,60,60,60,60,60,60,60,60,60,60,60,60,60,60,60,60,60,60,60,60,60,60,60,60],"card_choices":[{"not_picked":["Moonworks:BigMagnum","Moonworks:MiracleRedBeanIceCream"],"picked":"Moonworks:LulusLuckyEgg","floor":1},{"not_picked":["Moonworks:Bloodlust","Moonworks:JonathanRush"],"picked":"Moonworks:RedAndBlue","floor":3},{"not_picked":["Moonworks:IndiscriminateFireSupport","Moonworks:LulusLuckyEgg"],"picked":"Moonworks:EvilSpyWorkPreparation","floor":4},{"not_picked":["Moonworks:UnpaidWork","Moonworks:StiffCrystal","Moonworks:Dash"],"picked":"SKIP","floor":5},{"not_picked":["Moonworks:CookingTime","Moonworks:ImOnFire"],"picked":"Moonworks:CompletionReward","floor":6},{"not_picked":["Moonworks:DeployBits","Moonworks:BigMagnum","Moonworks:FinalSurgery"],"picked":"SKIP","floor":7},{"not_picked":["Moonworks:MiracleWalker","Moonworks:ExtendedPhotonRifle"],"picked":"Moonworks:Wanted","floor":8},{"not_picked":["Moonworks:IndiscriminateFireSupport","Moonworks:LulusLuckyEgg"],"picked":"Moonworks:JonathanRush","floor":10},{"not_picked":["Moonworks:DeployBits","Moonworks:Assault","Moonworks:MixPhenomenon"],"picked":"SKIP","floor":12},{"not_picked":["Moonworks:x16BigRocket","Moonworks:RedAndBlue"],"picked":"Moonworks:JonathanRush","floor":13},{"not_picked":["Moonworks:BigMagnum","Moonworks:ImmovableObject"],"picked":"Moonworks:Bloodlust","floor":14},{"not_picked":["Moonworks:OutOfAmmo","Moonworks:SinkOrSwim"],"picked":"Moonworks:StarBlastingFuse","floor":16},{"not_picked":["Moonworks:ImOnFire+1","Moonworks:IndiscriminateFireSupport"],"picked":"Moonworks:ReproductionOfRecords","floor":18},{"not_picked":["Moonworks:UnluckyCharm","Moonworks:LulusLuckyEgg","Moonworks:SelfDestruct"],"picked":"SKIP","floor":19},{"not_picked":["Moonworks:AwakeningOfTalent+1","Moonworks:FullSpeedAlicianrone"],"picked":"Moonworks:JonathanRush+1","floor":21},{"not_picked":["Moonworks:TacticalRetreat","Moonworks:NicePresent"],"picked":"Moonworks:Encore","floor":27},{"not_picked":["Moonworks:ReproductionOfRecords+1","Moonworks:IndiscriminateFireSupport"],"picked":"Moonworks:BindingChains","floor":31},{"not_picked":["Moonworks:SinkOrSwim","Moonworks:FinalBattle"],"picked":"Moonworks:AccelHyper","floor":33},{"not_picked":["Moonworks:RagingMadness+1"],"picked":"SKIP","floor":35},{"not_picked":[],"picked":"Moonworks:Flamethrower","floor":36}],"player_experience":70065,"relics_obtained":[{"floor":6,"key":"Happy Flower"},{"floor":8,"key":"Art of War"},{"floor":9,"key":"Bottled Flame"},{"floor":10,"key":"Lizard Tail"},{"floor":26,"key":"Gambling Chip"},{"floor":28,"key":"Juzu Bracelet"}],"event_choices":[{"damage_healed":0,"gold_gain":0,"player_choice":"Forge","damage_taken":0,"max_hp_gain":0,"max_hp_loss":0,"event_name":"Accursed Blacksmith","floor":2,"gold_loss":0,"cards_upgraded":["Moonworks:LongDistanceShot"]},{"damage_healed":0,"gold_gain":0,"player_choice":"Smashed Altar","damage_taken":0,"max_hp_gain":0,"max_hp_loss":0,"event_name":"Forgotten Altar","floor":20,"gold_loss":0,"cards_obtained":["Decay"]},{"damage_healed":0,"gold_gain":0,"player_choice":"Opened","damage_taken":0,"relics_obtained":["Vajra"],"max_hp_gain":0,"max_hp_loss":0,"event_name":"The Mausoleum","floor":22,"gold_loss":0},{"cards_removed":["Moonworks:Strike"],"damage_healed":0,"gold_gain":0,"player_choice":"Elegance","damage_taken":0,"max_hp_gain":0,"max_hp_loss":0,"event_name":"Back to Basics","floor":25,"gold_loss":0},{"damage_healed":0,"gold_gain":0,"player_choice":"Paid Fearfully","damage_taken":0,"max_hp_gain":0,"max_hp_loss":0,"event_name":"Masked Bandits","floor":30,"gold_loss":71},{"damage_healed":0,"gold_gain":0,"player_choice":"Fight","damage_taken":0,"max_hp_gain":0,"max_hp_loss":0,"event_name":"MindBloom","floor":37,"gold_loss":0}],"is_beta":false,"boss_relics":[{"not_picked":["Velvet Choker","Coffee Dripper"],"picked":"Philosopher\u0027s Stone"},{"not_picked":["Fusion Hammer","SlaversCollar"],"picked":"Busted Crown"}],"items_purged_floors":[],"is_endless":false,"potions_floor_spawned":[4,5,8,12,13,14,18,33,35],"killed_by":"Mind Bloom Boss Battle","ascension_level":0}}