{"host":"0awa854l6bexpjrv","time":1611178212,"event":{"mods":["BaseMod","Block Reminder","Colored Map","Colored Powertips","Downfall","Highlight Path","Minty Spire (QoL Compilation)","Quick Restart","Rare Cards Sparkle","StSLib","SuperFastMode"],"gold_per_floor":[99,99,99,99,54,54,54,54,54,24,24,24,24,0,0,0,0,0,0,0,0,0,0,0,0,0,0,0,0,0,0,0,0,0],"floor_reached":33,"language":"ENG","playtime":1562,"items_purged":[],"score":317,"play_id":"5ace793e-7b79-46f2-a9b2-52a35641f678","local_time":"20210120133012","is_ascension_mode":true,"campfire_choices":[{"data":"Neutralize","floor":7.0,"key":"SMITH"},{"floor":15.0,"key":"REST"},{"floor":23.0,"key":"REST"},{"data":"Wraith Form v2","floor":28.0,"key":"SMITH"},{"data":"Dash","floor":30.0,"key":"SMITH"},{"data":"Predator","floor":32.0,"key":"SMITH"}],"circlet_count":0,"master_deck":["Strike_G+1","Strike_G+1","Strike_G+1","Strike_G+1","Defend_G+1","Defend_G+1","Defend_G+1","Defend_G+1","Defend_G+1","Survivor","Neutralize+1","Poisoned Stab","Acrobatics","PiercingWail","Predator+1","Blade Dance","Blade Dance","Storm of Steel+1","Dash+1","Wraith Form v2+1","Caltrops","Decay","Ghostly","Ghostly","Ghostly","Ghostly","Ghostly","All Out Attack+1"],"relics":["Ectoplasm","CeramicFish","Kunai","Pear","WristBlade","Ice Cream","Blood Vial"],"acts_visited":["Exordium","TheCity"],"potions_floor_usage":[33,33],"damage_taken":[{"damage":3.0,"enemies":"Small Slimes","floor":1.0,"turns":4.0},{"damage":0.0,"enemies":"Cultist","floor":3.0,"turns":4.0},{"damage":0.0,"enemies":"Jaw Worm","floor":4.0,"turns":3.0},{"damage":1.0,"enemies":"Looter","floor":5.0,"turns":4.0},{"damage":16.0,"enemies":"3 Sentries","floor":6.0,"turns":9.0},{"damage":2.0,"enemies":"Large Slime","floor":8.0,"turns":5.0},{"damage":4.0,"enemies":"Exordium Thugs","floor":10.0,"turns":3.0},{"damage":0.0,"enemies":"Blue Slaver","floor":13.0,"turns":4.0},{"damage":11.0,"enemies":"Slime Boss","floor":16.0,"turns":8.0},{"damage":14.0,"enemies":"Shell Parasite","floor":18.0,"turns":4.0},{"damage":13.0,"enemies":"2 Thieves","floor":22.0,"turns":3.0},{"damage":10.0,"enemies":"Snake Plant","floor":24.0,"turns":4.0},{"damage":4.0,"enemies":"Slavers","floor":27.0,"turns":6.0},{"damage":39,"enemies":"Automaton","floor":33,"turns":11}],"seed_played":"8154837520584941708","potions_obtained":[{"floor":3.0,"key":"SkillPotion"},{"floor":4.0,"key":"CunningPotion"},{"floor":8.0,"key":"EntropicBrew"},{"floor":27.0,"key":"Poison Potion"}],"is_trial":false,"path_per_floor":["M","?","M","M","M","E","R","M","T","M","?","T","M","?","R","B",null,"M","?","$","?","M","R","M","?","T","E","R","?","R","?","R","B"],"character_chosen":"THE_SILENT","items_purchased":[],"campfire_rested":2,"item_purchase_floors":[],"current_hp_per_floor":[67,67,67,67,66,50,50,48,48,44,44,54,54,54,78,67,80,66,66,66,66,53,77,67,40,40,36,36,36,36,36,36,0,0],"gold":0,"neow_bonus":"BOSS_RELIC","is_daily":false,"chose_seed":false,"campfire_upgraded":4,"win_rate":0.0,"timestamp":1611178212,"path_taken":["M","?","M","?","M","E","R","M","T","M","?","?","M","?","R","BOSS","M","?","?","?","M","R","?","?","T","E","R","?","R","?","R","BOSS"],"items_purchased_type":[],"build_version":"2020-12-22","purchased_purges":0,"victory":false,"max_hp_per_floor":[70,70,70,70,70,70,70,70,70,70,70,80,80,80,80,80,80,80,80,80,80,80,80,80,40,40,40,40,40,40,40,40,40,40],"card_choices":[{"not_picked":["Outmaneuver","Expertise"],"picked":"Poisoned Stab","floor":1.0},{"not_picked":["Flying Knee","Poisoned Stab"],"picked":"Acrobatics","floor":3.0},{"not_picked":["Finisher","Prepared"],"picked":"PiercingWail","floor":4.0},{"not_picked":["Accuracy","Footwork"],"picked":"Predator","floor":5.0},{"not_picked":["Masterful Stab","Concentrate"],"picked":"Blade Dance","floor":6.0},{"not_picked":["Poisoned Stab","Skewer"],"picked":"Blade Dance","floor":8.0},{"not_picked":["Slice","Outmaneuver"],"picked":"Storm of Steel","floor":10.0},{"not_picked":["Calculated Gamble","Quick Slash"],"picked":"Dash","floor":13.0},{"not_picked":["Envenom","Doppelganger"],"picked":"Wraith Form v2","floor":16.0},{"not_picked":["Deflect","Flying Knee"],"picked":"Caltrops","floor":18.0},{"not_picked":["Sucker Punch","Deadly Poison+1","Escape Plan"],"picked":"SKIP","floor":22.0},{"not_picked":["Dagger Throw","Poisoned Stab+1","Deadly Poison+1"],"picked":"SKIP","floor":24.0},{"not_picked":["Bouncing Flask","Poisoned Stab"],"picked":"All Out Attack+1","floor":27.0}],"player_experience":598133,"relics_obtained":[{"floor":6.0,"key":"CeramicFish"},{"floor":9.0,"key":"Kunai"},{"floor":12.0,"key":"Pear"},{"floor":26.0,"key":"Ice Cream"},{"floor":27.0,"key":"Blood Vial"}],"event_choices":[{"cards_removed":["Strike_G"],"damage_healed":0.0,"max_hp_gain":0.0,"max_hp_loss":0.0,"gold_gain":0.0,"event_name":"Purifier","player_choice":"Purged","floor":2.0,"gold_loss":0.0,"damage_taken":0.0},{"damage_healed":0.0,"max_hp_gain":0.0,"max_hp_loss":0.0,"gold_gain":0.0,"event_name":"Liars Game","player_choice":"Ignored","floor":11.0,"gold_loss":0.0,"damage_taken":0.0},{"damage_healed":0.0,"max_hp_gain":0.0,"max_hp_loss":0.0,"gold_gain":0.0,"event_name":"World of Goop","player_choice":"Left Gold","floor":14.0,"gold_loss":24.0,"damage_taken":0.0},{"damage_healed":0.0,"max_hp_gain":0.0,"max_hp_loss":0.0,"gold_gain":0.0,"event_name":"Accursed Blacksmith","player_choice":"Forge","floor":19.0,"gold_loss":0.0,"damage_taken":0.0,"cards_upgraded":["Storm of Steel"]},{"damage_healed":0.0,"max_hp_gain":0.0,"max_hp_loss":0.0,"gold_gain":0.0,"event_name":"Wheel of Change","player_choice":"Cursed","floor":21.0,"gold_loss":0.0,"damage_taken":0.0,"cards_obtained":["Decay"]},{"damage_healed":0.0,"max_hp_gain":0.0,"max_hp_loss":40.0,"gold_gain":0.0,"event_name":"Ghosts","player_choice":"Became a Ghost","floor":25.0,"gold_loss":0.0,"damage_taken":0.0,"cards_obtained":["Ghostly","Ghostly","Ghostly","Ghostly","Ghostly"]},{"damage_healed":0.0,"max_hp_gain":0.0,"max_hp_loss":0.0,"gold_gain":0.0,"event_name":"Back to Basics","player_choice":"Simplicity","floor":29.0,"gold_loss":0.0,"damage_taken":0.0,"cards_upgraded":["Strike_G","Strike_G","Strike_G","Strike_G","Defend_G","Defend_G","Defend_G","Defend_G","Defend_G"]}],"is_beta":false,"boss_relics":[{"not_picked":["Calling Bell","SacredBark"],"picked":"WristBlade"}],"items_purged_floors":[],"is_endless":false,"potions_floor_spawned":[3,4,8,16,27],"killed_by":"Automaton","ascension_level":2}}