{"host":"e2mrybwkyvi5pto3","time":1611165580,"event":{"mods":["Act Like it!","BaseMod","CapriCore","Chen","Colored Map","Colored Powertips","Conspire","Gensokyo","Koishi","KomeijiMod","Marisa£®ÏF”Í°°ƒß¿Ì…≥£©","Minty Spire (QoL Compilation)","Reimu£®≤©¿ˆ¡È√Œ£©","Remilia£®¿Ÿ√◊¿Ú—«£©","SOS£®Àπ∞Õ¥Ô÷Æ◊”£©","StSLib","The Administrix","The Immortal","The Poker Player","The Servant 0.9.4","TheWitcher","Yakumo Yukari mod","Youmu£®ªÍ∆«—˝√Œ£©","Yuyuko"],"gold_per_floor":[114,125,144,244,262,262,282,310,310,320,21,55,66,79,79,181,181,199,199,209,222,233,266,366,366,366,380,412,362,362,376,376,474,474,489,489,157,157,199,199,230,230,230,255,255,272,72,89,89,89],"floor_reached":51,"language":"ZHS","playtime":7281,"items_purged":["HakureiPhantom:ReiMu+1","AirManeuver:ReiMu+1"],"score":1201,"play_id":"245f66e0-b300-4dbe-8b04-1516b6988b7f","local_time":"20210121015940","daily_mods":["SealedDeck"],"is_ascension_mode":true,"campfire_choices":[{"data":"YinYangSange:ReiMu","floor":6.0,"key":"SMITH"},{"data":"ManaGlint:ReiMu","floor":15.0,"key":"SMITH"},{"floor":25.0,"key":"REST"},{"data":"LovePray:ReiMu","floor":30.0,"key":"SMITH"},{"data":"RainPray2:ReiMu","floor":32.0,"key":"SMITH"},{"data":"RainPray2:ReiMu","floor":40.0,"key":"SMITH"},{"data":"DependentForm:ReiMu","floor":42.0,"key":"SMITH"},{"data":"LearningPray:ReiMu","floor":45.0,"key":"SMITH"},{"data":"KyokaiOfKami:ReiMu","floor":49.0,"key":"SMITH"}],"circlet_count":0,"master_deck":["SpreadBorder2:ReiMu","SpreadBorder2:ReiMu","WonderfulDomain:ReiMu","LearningPray:ReiMu+1","KamiSacrifice:ReiMu","ManaGlint:ReiMu+1","WonderfulDomain:ReiMu","PrepareRite:ReiMu","SafetyPray:ReiMu","Conquer:ReiMu","LovePray:ReiMu+1","MikOfLucky:ReiMu","SpreadBorder2:ReiMu","KyokaiOfKami:ReiMu+1","KamiRite:ReiMu+1","RainPray2:ReiMu+1","Enchanting:ReiMu+1","RainPray2:ReiMu+1","DependentForm:ReiMu+1","Gensokyo:LittleGreenMen","FineLineFantasy:ReiMu+1"],"relics":["FlyPower:ReiMu","MealTicket","Du-Vu Doll","HoshigumaDish","PureWhite:ReiMu","Astrolabe","Blue Candle","Unceasing Top","Lizard Tail","BodyOfKamiR:ReiMu","Smiling Mask","SlaversCollar","Strange Spoon","Pen Nib","Blood Vial","conspire:DecoderRing","Ornamental Fan","Oddly Smooth Stone"],"acts_visited":["Exordium","Gensokyo:Gensokyoer","Gensokyo:Gensokyoest"],"potions_floor_usage":[50],"damage_taken":[{"damage":1.0,"enemies":"Small Slimes","floor":1.0,"turns":4.0},{"damage":0.0,"enemies":"Cultist","floor":2.0,"turns":7.0},{"damage":0.0,"enemies":"Jaw Worm","floor":3.0,"turns":6.0},{"damage":0.0,"enemies":"3 Louse","floor":5.0,"turns":3.0},{"damage":0.0,"enemies":"Looter","floor":7.0,"turns":5.0},{"damage":0.0,"enemies":"Lagavulin","floor":8.0,"turns":9.0},{"damage":6.0,"enemies":"Exordium Wildlife","floor":10.0,"turns":3.0},{"damage":4.0,"enemies":"Gremlin Nob","floor":12.0,"turns":5.0},{"damage":0.0,"enemies":"Gremlin Gang","floor":13.0,"turns":2.0},{"damage":0.0,"enemies":"Looter","floor":14.0,"turns":5.0},{"damage":1.0,"enemies":"Slime Boss","floor":16.0,"turns":7.0},{"damage":0.0,"enemies":"Gensokyo:Chomper","floor":18.0,"turns":4.0},{"damage":20.0,"enemies":"Gensokyo:AngelMirror","floor":20.0,"turns":5.0},{"damage":14.0,"enemies":"Gensokyo:Slime_Group","floor":21.0,"turns":10.0},{"damage":0.0,"enemies":"Gensokyo:Wraith","floor":22.0,"turns":9.0},{"damage":2.0,"enemies":"Gensokyo:Tenshi","floor":23.0,"turns":5.0},{"damage":0.0,"enemies":"Gensokyo:Tenshi","floor":24.0,"turns":8.0},{"damage":13.0,"enemies":"Gensokyo:Mirror_and_Dog","floor":27.0,"turns":6.0},{"damage":0.0,"enemies":"Gensokyo:Reisen","floor":28.0,"turns":7.0},{"damage":8.0,"enemies":"Gensokyo:3_Gloops","floor":31.0,"turns":4.0},{"damage":17.0,"enemies":"Gensokyo:Eiki","floor":33.0,"turns":6.0},{"damage":0.0,"enemies":"Gensokyo:AncientGuardian","floor":35.0,"turns":8.0},{"damage":3.0,"enemies":"conspire:MimicChest","floor":39.0,"turns":9.0},{"damage":5.0,"enemies":"Gensokyo:Kasen","floor":41.0,"turns":4.0},{"damage":0.0,"enemies":"Gensokyo:Doremy","floor":44.0,"turns":4.0},{"damage":12.0,"enemies":"Gensokyo:3_Boulders","floor":46.0,"turns":4.0},{"damage":0.0,"enemies":"Gensokyo:AtlasGolem","floor":48.0,"turns":3.0},{"damage":18,"enemies":"Gensokyo:Yuyuko","floor":50,"turns":3}],"seed_played":"8486004111668435950","potions_obtained":[{"floor":1.0,"key":"GamblersBrew"},{"floor":5.0,"key":"EntropicBrew"},{"floor":8.0,"key":"FairyPotion"},{"floor":10.0,"key":"HakureiPotion:ReiMu"},{"floor":24.0,"key":"ZuzhouPotion:ReiMu"},{"floor":27.0,"key":"Energy Potion"},{"floor":31.0,"key":"Block Potion"},{"floor":48.0,"key":"BlessingOfTheForge"}],"is_trial":true,"path_per_floor":["M","M","M","?","M","R","M","E","T","M","$","E","M","M","R","B",null,"M","?","M","M","M","E","?","R","T","M","E","$","R","M","R","B",null,"M","?","COS","?","?","R","E","R","T","E","R","M","$","M","R","B",null],"character_chosen":"REIMU","items_purchased":["HoshigumaDish","KyokaiOfKami:ReiMu","FantasyMoon:ReiMu","Oddly Smooth Stone"],"campfire_rested":1,"item_purchase_floors":[11,11,11,47],"current_hp_per_floor":[58,58,58,58,58,58,58,58,58,52,65,61,61,61,61,60,64,64,64,44,30,30,28,28,47,47,34,34,49,49,41,41,24,55,55,55,55,55,52,52,47,47,47,49,49,39,54,56,56,56],"gold":89,"neow_bonus":"","is_daily":false,"chose_seed":false,"campfire_upgraded":8,"win_rate":0.0,"timestamp":1611165580,"path_taken":["M","M","M","?","?","R","M","E","T","M","?","E","M","M","R","BOSS","M","?","M","M","M","E","?","R","T","?","E","$","R","M","R","BOSS","M","?","COS","?","?","R","E","R","T","E","R","?","$","M","R","BOSS"],"items_purchased_type":["Relic","Card","Card","Relic"],"build_version":"2020-12-22","purchased_purges":2,"victory":true,"max_hp_per_floor":[65,65,65,65,65,65,65,65,65,65,65,65,65,65,65,65,65,65,65,65,65,65,65,65,65,65,65,65,65,65,65,65,65,65,65,65,65,65,65,65,65,65,65,65,65,65,65,65,65,65],"card_choices":[{"not_picked":["Dreaming2:ReiMu","SpreadBorder2:ReiMu"],"picked":"YinYangSange:ReiMu","floor":1.0},{"not_picked":["CollectionFlower2:ReiMu","UpKicking:ReiMu","OrbThrow:ReiMu"],"picked":"SKIP","floor":2.0},{"not_picked":["SafetyPray:ReiMu","SubcavityInstant:ReiMu","YinYangSign:ReiMu"],"picked":"SKIP","floor":3.0},{"not_picked":["AlertArray:ReiMu","Amulet:ReiMu"],"picked":"LovePray:ReiMu","floor":5.0},{"not_picked":["Intuition:ReiMu","KamiSacrifice:ReiMu","SafetyPray:ReiMu"],"picked":"SKIP","floor":7.0},{"not_picked":["YinYang:ReiMu","SubcavityInstant:ReiMu"],"picked":"MikOfLucky:ReiMu","floor":8.0},{"not_picked":["AirManeuver:ReiMu","SubcavityInstant:ReiMu"],"picked":"SpreadBorder2:ReiMu","floor":10.0},{"not_picked":["BlastKick2:ReiMu","SubcavityInstant:ReiMu","WonderfulDomain:ReiMu"],"picked":"SKIP","floor":12.0},{"not_picked":["SubcavityInstant:ReiMu","Amulet:ReiMu","CareerPray:ReiMu"],"picked":"SKIP","floor":13.0},{"not_picked":["AirStrike:ReiMu","SafetyPray:ReiMu"],"picked":"ShadowOfCrow2:ReiMu","floor":14.0},{"not_picked":["Shading:ReiMu","Authority:ReiMu"],"picked":"DependentForm:ReiMu","floor":16.0},{"not_picked":["SafetyPray:ReiMu+1","Dreaming2:ReiMu+1","AlertArray:ReiMu"],"picked":"SKIP","floor":18.0},{"not_picked":["Intuition:ReiMu","EmergencyTakeOff:ReiMu","AirStrike:ReiMu"],"picked":"SKIP","floor":20.0},{"not_picked":["Intuition:ReiMu","PhosphorusFlame:ReiMu","Dreaming2:ReiMu"],"picked":"SKIP","floor":21.0},{"not_picked":["AirStrike:ReiMu","Meditation:ReiMu"],"picked":"RainPray2:ReiMu","floor":22.0},{"not_picked":["Conquer:ReiMu","SubAcupoint:ReiMu+1","OrbThrow:ReiMu"],"picked":"SKIP","floor":23.0},{"not_picked":["KyokaiOfKami:ReiMu","SealNeedle:ReiMu"],"picked":"Enchanting:ReiMu+1","floor":24.0},{"not_picked":["KamiSacrifice:ReiMu","PrepareRite:ReiMu","SubcavityInstant:ReiMu"],"picked":"SKIP","floor":27.0},{"not_picked":["ManaGlint:ReiMu","SubAcupoint:ReiMu","PayForSelf:ReiMu"],"picked":"SKIP","floor":28.0},{"not_picked":["ManaGlint:ReiMu","SubAcupoint:ReiMu","PayForSelf:ReiMu"],"picked":"SKIP","floor":28.0},{"not_picked":["SpreadBorder2:ReiMu+1","SafetyPray:ReiMu"],"picked":"RainPray2:ReiMu","floor":31.0},{"not_picked":["PrayRite:ReiMu","CleanRite:ReiMu"],"picked":"DependentForm:ReiMu","floor":33.0},{"not_picked":["SafetyPray:ReiMu+1","Amulet:ReiMu","Intuition:ReiMu+1"],"picked":"SKIP","floor":35.0},{"not_picked":["Gathering:ReiMu+1","SpringWay:ReiMu"],"picked":"FineLineFantasy:ReiMu+1","floor":39.0},{"not_picked":["TightArray:ReiMu","Determination:ReiMu","Crusade:ReiMu+1"],"picked":"SKIP","floor":41.0},{"not_picked":["AlertArray:ReiMu","SubAcupoint:ReiMu+1","CeremonyResonance:ReiMu"],"picked":"SKIP","floor":44.0},{"not_picked":["CareerPray:ReiMu+1","OrbThrow:ReiMu","ShadowOfCrow2:ReiMu"],"picked":"SKIP","floor":46.0},{"not_picked":["SafetyPray:ReiMu+1","SpringWay:ReiMu+1","TightArray:ReiMu"],"picked":"SKIP","floor":48.0}],"player_experience":85969,"relics_obtained":[{"floor":8.0,"key":"MealTicket"},{"floor":9.0,"key":"Du-Vu Doll"},{"floor":12.0,"key":"PureWhite:ReiMu"},{"floor":23.0,"key":"Blue Candle"},{"floor":24.0,"key":"Unceasing Top"},{"floor":24.0,"key":"Lizard Tail"},{"floor":26.0,"key":"BodyOfKamiR:ReiMu"},{"floor":28.0,"key":"Smiling Mask"},{"floor":39.0,"key":"Pen Nib"},{"floor":41.0,"key":"Blood Vial"},{"floor":43.0,"key":"conspire:DecoderRing"},{"floor":44.0,"key":"Ornamental Fan"}],"event_choices":[{"damage_healed":0.0,"max_hp_gain":0.0,"max_hp_loss":0.0,"gold_gain":100.0,"event_name":"Golden Shrine","player_choice":"Pray","floor":4.0,"gold_loss":0.0,"damage_taken":0.0}],"is_beta":false,"boss_relics":[{"not_picked":["SacredBark","Empty Cage"],"picked":"Astrolabe"},{"not_picked":["conspire:SlowCooker","ShineYinYang:ReiMu"],"picked":"SlaversCollar"}],"items_purged_floors":[29,47],"is_endless":false,"potions_floor_spawned":[1,5,8,10,13,21,22,24,27,31,35,48],"ascension_level":10}}