{"host":"j7au2ovow4c9pz79","time":1611169334,"event":{"mods":["AchievementEnabler","BaseMod","Better Third Choice","BetterRewards","Colored Powertips","Defuse TimeMaze Blight","Energized Spire","Googly Eyes","Hubris","Infinite Spire","Minty Spire (QoL Compilation)","Quick Restart","Replay The Spire","Spicy Shops","StSLib","SuperFastMode","Transform Curses"],"gold_per_floor":[110,209,209,209,223,242,242,270,297,323,341,358,358,376,376,376,376],"floor_reached":16,"language":"ENG","playtime":494,"items_purged":[],"score":102,"play_id":"25266574-e95a-4e1c-8769-1a415eb688e6","local_time":"20210120200214","is_ascension_mode":false,"campfire_choices":[{"data":"Underhanded Strike","floor":7,"key":"SMITH"},{"floor":15,"key":"REST"}],"circlet_count":0,"master_deck":["Strike_G","Strike_G","Strike_G","Strike_G","Strike_G+1","Defend_G+1","Defend_G","Defend_G","Defend_G","Defend_G","Neutralize","Bane","Terror+1","Flying Knee","Poisoned Stab","m_Survivalism+1","Dash","Underhanded Strike+1","Glass Knife","Cloak And Dagger","Dagger Throw","Cloak And Dagger","Deadly Poison"],"relics":["Ring of the Snake","NeowsBlessing","Odd Mushroom","War Paint","hubris:MobiusCoin"],"acts_visited":["Exordium"],"potions_floor_usage":[8,10,11,16],"damage_taken":[{"damage":0,"enemies":"Small Slimes","floor":1,"turns":1},{"damage":0,"enemies":"2 Louse","floor":5,"turns":1},{"damage":0,"enemies":"Jaw Worm","floor":6,"turns":1},{"damage":8,"enemies":"The Mushroom Lair","floor":8,"turns":4},{"damage":13,"enemies":"3 Sentries","floor":10,"turns":8},{"damage":0,"enemies":"Large Slime","floor":11,"turns":3},{"damage":11,"enemies":"2 Fungi Beasts","floor":12,"turns":3},{"damage":0,"enemies":"Exordium Wildlife","floor":14,"turns":3},{"damage":35,"enemies":"Hexaghost","floor":16,"turns":9}],"seed_played":"-5811606134789209060","potions_obtained":[{"floor":1,"key":"BlessingOfTheForge"},{"floor":5,"key":"AttackPotion"},{"floor":6,"key":"Swift Potion"},{"floor":14,"key":"Venom Potion"}],"is_trial":false,"path_per_floor":["M","?","?","?","M","M","R","?","T","E","M","M","?","M","R","B"],"character_chosen":"THE_SILENT","items_purchased":[],"campfire_rested":1,"item_purchase_floors":[],"current_hp_per_floor":[70,53,39,39,39,39,39,31,31,18,18,7,12,12,34,0,0],"gold":376,"neow_bonus":"THREE_ENEMY_KILL","is_daily":false,"chose_seed":false,"campfire_upgraded":1,"win_rate":0.0,"timestamp":1611169334,"path_taken":["M","?","?","?","M","M","R","?","T","E","M","M","?","M","R","BOSS"],"items_purchased_type":[],"build_version":"2020-12-22","purchased_purges":0,"victory":false,"max_hp_per_floor":[70,70,70,70,70,70,70,70,70,70,70,70,75,75,75,75,75],"card_choices":[{"not_picked":["Slice","Prepared"],"picked":"Bane","floor":1},{"not_picked":["Dagger Spray","hubris:SlightOfHand"],"picked":"Terror","floor":2},{"not_picked":["Deflect","Cloak And Dagger"],"picked":"Flying Knee","floor":2},{"not_picked":["Dagger Throw","Flying Knee"],"picked":"Poisoned Stab","floor":2},{"not_picked":["Sucker Punch","Blade Dance"],"picked":"Dash","floor":5},{"not_picked":["Dodge and Roll","ReplayTheSpireMod:Scrap Shanks"],"picked":"Underhanded Strike","floor":6},{"not_picked":["Dodge and Roll","Calculated Gamble"],"picked":"Glass Knife","floor":8},{"not_picked":["Quick Slash","Prepared"],"picked":"Cloak And Dagger","floor":10},{"not_picked":["Sneak Up","ReplayTheSpireMod:Shiv Toss"],"picked":"Dagger Throw","floor":11},{"not_picked":["Caltrops","Outmaneuver"],"picked":"Cloak And Dagger","floor":12},{"not_picked":["Setup","Blade Dance"],"picked":"Deadly Poison","floor":14}],"player_experience":1889173,"relics_obtained":[{"floor":8,"key":"Odd Mushroom"},{"floor":9,"key":"War Paint"},{"floor":10,"key":"hubris:MobiusCoin"}],"event_choices":[{"damage_healed":53,"gold_gain":0,"player_choice":"Upgrade","damage_taken":14,"max_hp_gain":0,"max_hp_loss":70,"event_name":"betterThird:BetterShining","floor":3,"gold_loss":0,"cards_upgraded":["Strike_G","Terror"]},{"damage_healed":0,"gold_gain":0,"player_choice":"Fought Mushrooms","damage_taken":0,"max_hp_gain":0,"max_hp_loss":0,"event_name":"Mushrooms","floor":8,"gold_loss":0},{"damage_healed":0,"gold_gain":0,"player_choice":"Donut","damage_taken":0,"max_hp_gain":5,"max_hp_loss":0,"event_name":"Big Fish","floor":13,"gold_loss":0}],"is_beta":false,"boss_relics":[],"items_purged_floors":[],"is_endless":false,"potions_floor_spawned":[1,5,6,14],"killed_by":"Hexaghost","ascension_level":0}}