{"host":"1bf4lopb4xlrny0j","time":1611133615,"event":{"mods":["100% Spire Juice","Act Like it!","Astrologer","BaseMod","CapriCore","Chen","Colored Powertips","Gensokyo","Hubris","Koishi","Marisa£®ÏF”Í°°ƒß¿Ì…≥£©","Minty Spire (QoL Compilation)","Reimu£®≤©¿ˆ¡È√Œ£©","Remilia£®¿Ÿ√◊¿Ú—«£©","Replay The Spire","Spicy Shops","StSLib","The Administrix","The Gatherer","The Immortal","The Mystic","The Runesmith","The Servant 0.9.4","Yakumo Yukari mod","Youmu£®ªÍ∆«—˝√Œ£©","Yuyuko"],"gold_per_floor":[110,124,124,150,176,176,176,201,201,236,255,271,121,135,135,235,235,255,269,8,8,23,23,23,23,50,50,102,121,136,151,2,12,12,12,12],"floor_reached":35,"language":"ZHS","playtime":2183,"items_purged":["astrologer:Strike","astrologer:Strike","astrologer:Strike","hubris:Envy","astrologer:Still+1"],"score":314,"play_id":"266fe3ef-55b3-4c9f-b6a5-ec2959ca5a68","local_time":"20210120170655","is_ascension_mode":false,"campfire_choices":[{"data":"astrologer:NorthStar","floor":6,"key":"SMITH"},{"data":"astrologer:Nova","floor":15,"key":"SMITH"},{"data":"astrologer:TheSun","floor":25,"key":"SMITH"},{"floor":34,"key":"REST"}],"circlet_count":0,"master_deck":["astrologer:Strike+1","astrologer:Defend","astrologer:Defend","astrologer:Defend","astrologer:Defend","astrologer:NorthStar+1","astrologer:TheFool","astrologer:Confirmation+1","astrologer:Opposition","astrologer:Radiance","astrologer:TheSun+1","astrologer:ReadTheStars","astrologer:Nova+1","astrologer:Fireball","astrologer:Prismatic+1","astrologer:Strength","astrologer:Novile","astrologer:Eclipse","astrologer:Eclipse"],"relics":["astrologer:SkyMirror","NeowsBlessing","Bird Faced Urn","hubris:Towel","Unceasing Top","Iron Hammer","hubris:MysteriousPyramids","Membership Card","ReplayFunnel","hubris:TenFootPole","ReplayTheSpireMod:CursedCoin","Gremlin Food","Replay:Wax Seal"],"acts_visited":["Gensokyo:Gensokyo","TheCity"],"potions_floor_usage":[18,26,35],"damage_taken":[{"damage":0,"enemies":"Gensokyo:3_Fairies","floor":1,"turns":1},{"damage":0,"enemies":"Gensokyo:Python","floor":2,"turns":1},{"damage":0,"enemies":"Gensokyo:Cirno","floor":8,"turns":2},{"damage":13,"enemies":"Gensokyo:Mamizou","floor":10,"turns":5},{"damage":0,"enemies":"Gensokyo:Gryphon","floor":11,"turns":2},{"damage":0,"enemies":"Gensokyo:3_Kodama","floor":12,"turns":3},{"damage":0,"enemies":"Gensokyo:Python_and_Kodama","floor":14,"turns":2},{"damage":32,"enemies":"Gensokyo:Kokoro","floor":16,"turns":9},{"damage":19,"enemies":"Spheric Guardian","floor":18,"turns":4},{"damage":11,"enemies":"Chosen","floor":19,"turns":4},{"damage":12,"enemies":"Snake Plant","floor":22,"turns":3},{"damage":7,"enemies":"Replay:Snechameleon","floor":26,"turns":6},{"damage":8,"enemies":"Snecko","floor":29,"turns":4},{"damage":12,"enemies":"3 Cultists","floor":30,"turns":3},{"damage":14,"enemies":"Snake Plant","floor":31,"turns":5},{"damage":7,"enemies":"Snecko","floor":33,"turns":4},{"damage":73,"enemies":"Collector","floor":35,"turns":6}],"seed_played":"-8555430124331880895","potions_obtained":[{"floor":1,"key":"Weak Potion"},{"floor":2,"key":"Milkshake"},{"floor":12,"key":"Weak Potion"},{"floor":19,"key":"Adrenaline Potion"}],"is_trial":false,"path_per_floor":["M","M","?","?","T","R","?","E","T","E","M","M","$","M","R","B",null,"M","M","$","?","M","PTL","PTL","R","E","?","T","M","M","M","$","M","R","B"],"character_chosen":"ASTROLOGER","items_purchased":["astrologer:Fireball","Membership Card","ReplayTheSpireMod:CursedCoin","Gremlin Food","Replay:Wax Seal","astrologer:Eclipse"],"campfire_rested":1,"item_purchase_floors":[13,20,32,32,32,32],"current_hp_per_floor":[70,70,70,42,42,42,42,44,44,33,35,37,37,41,41,13,70,53,48,48,48,40,40,40,40,39,62,62,60,50,40,40,39,60,0,0],"gold":12,"neow_bonus":"THREE_ENEMY_KILL","is_daily":false,"chose_seed":false,"campfire_upgraded":3,"win_rate":0.0,"timestamp":1611133615,"path_taken":["M","M","?","?","?","R","?","E","T","E","M","M","$","M","R","BOSS","M","M","$","?","M","PTL","PTL","R","E","?","T","M","?","M","$","M","R","BOSS"],"items_purchased_type":["Card","Relic","Relic","Relic","Relic","Card"],"build_version":"2020-12-22","purchased_purges":5,"victory":false,"max_hp_per_floor":[70,70,70,70,70,70,70,70,70,70,70,70,70,70,70,70,70,70,70,70,70,70,70,70,70,70,70,70,70,70,70,70,70,70,70,70],"card_choices":[{"not_picked":["astrologer:Strength","astrologer:Conjunction"],"picked":"astrologer:Confirmation","floor":1},{"not_picked":["astrologer:CometStrike","astrologer:SolarFlare"],"picked":"astrologer:Opposition","floor":2},{"not_picked":["astrologer:ReadTheStars","astrologer:Eclipse"],"picked":"astrologer:Radiance","floor":4},{"not_picked":["astrologer:MeteorShower","astrologer:GlassStar"],"picked":"astrologer:TheSun","floor":8},{"not_picked":["astrologer:SpaceDust","astrologer:Radiance","astrologer:BlackHole"],"picked":"SKIP","floor":10},{"not_picked":["astrologer:CometStrike","astrologer:SpaceDust"],"picked":"astrologer:ReadTheStars","floor":11},{"not_picked":["astrologer:Radiance","astrologer:Temperance"],"picked":"astrologer:Nova","floor":12},{"not_picked":["astrologer:CrystalBall","astrologer:Retelling","astrologer:Moonlight"],"picked":"SKIP","floor":14},{"not_picked":["astrologer:SpaceDust","astrologer:TheHermit"],"picked":"astrologer:Prismatic+1","floor":18},{"not_picked":["astrologer:Retelling+1","astrologer:Moonlight","astrologer:FrozenStar"],"picked":"SKIP","floor":19},{"not_picked":["astrologer:Divination","astrologer:CometStrike","astrologer:Moonlight"],"picked":"SKIP","floor":22},{"not_picked":["astrologer:FrozenStar+1","astrologer:StarOfRegret+1","astrologer:Conjunction"],"picked":"SKIP","floor":26},{"not_picked":["astrologer:Radiance","astrologer:Moonlight"],"picked":"astrologer:Strength","floor":29},{"not_picked":["astrologer:TheDevil+1","astrologer:StarOfChange"],"picked":"astrologer:Still+1","floor":30},{"not_picked":["astrologer:StarOfCourage","astrologer:TheWorld"],"picked":"astrologer:Novile","floor":31},{"not_picked":["astrologer:Stardust","astrologer:Still+1","astrologer:Moonlight"],"picked":"SKIP","floor":33}],"player_experience":268597,"relics_obtained":[{"floor":4,"key":"Bird Faced Urn"},{"floor":8,"key":"Unceasing Top"},{"floor":9,"key":"Iron Hammer"},{"floor":10,"key":"hubris:MysteriousPyramids"},{"floor":26,"key":"ReplayFunnel"},{"floor":28,"key":"hubris:TenFootPole"}],"event_choices":[{"damage_healed":0,"gold_gain":0,"player_choice":"Ignored","damage_taken":0,"max_hp_gain":0,"max_hp_loss":0,"event_name":"Cursed Tome","floor":21,"gold_loss":0},{"damage_healed":23,"gold_gain":0,"player_choice":"Heal","damage_taken":0,"max_hp_gain":0,"max_hp_loss":0,"event_name":"The Library","floor":27,"gold_loss":0}],"is_beta":false,"boss_relics":[{"not_picked":["Runic Pyramid","ReplayTheSpireMod:DimensionalGlitch","ChewingGum"]}],"items_purged_floors":[13,20,20,32,32],"is_endless":false,"potions_floor_spawned":[1,2,12,14,19,22],"killed_by":"Collector","ascension_level":0}}