{"host":"6azrrw3tf7wb0f4b","time":1611104953,"event":{"mods":["BaseMod","DeckTracker","Minty Spire (QoL Compilation)","SuperFastMode"],"gold_per_floor":[109,120,45,45,45,45,120,152,203,203,218,232,261,274,274,379,379,389,314,314,331,342,342,357,257,257,275,289,289,315,332,332,332,332],"floor_reached":33,"language":"KOR","playtime":655,"items_purged":["Strike_P","Strike_P"],"score":526,"play_id":"38bae2a8-5279-42ec-bf1d-6c4d03c53ff0","local_time":"20210120100913","is_ascension_mode":true,"campfire_choices":[{"data":"Eruption","floor":6,"key":"SMITH"},{"data":"SignatureMove","floor":15,"key":"SMITH"},{"data":"Scrawl","floor":23,"key":"SMITH"},{"floor":29,"key":"REST"},{"floor":32,"key":"REST"}],"circlet_count":0,"master_deck":["AscendersBane","Strike_P","Strike_P","Defend_P+1","Defend_P","Defend_P+1","Defend_P","Eruption+1","Vigilance","SignatureMove+1","Prostrate","CutThroughFate","LikeWater+1","Scrawl+1","FlurryOfBlows+1","Vengeance","Protect","TalkToTheHand+1","Devotion+1","EmptyMind","Meditate"],"relics":["PureWater","NeowsBlessing","Frozen Egg 2","War Paint","Bag of Preparation","Thread and Needle","Sozu","Bottled Tornado","Nunchaku"],"acts_visited":["Exordium","TheCity"],"potions_floor_usage":[13,18],"damage_taken":[{"damage":0,"enemies":"Cultist","floor":1,"turns":1},{"damage":0,"enemies":"Small Slimes","floor":2,"turns":2},{"damage":0,"enemies":"Lagavulin","floor":8,"turns":1},{"damage":0,"enemies":"2 Louse","floor":11,"turns":1},{"damage":0,"enemies":"Looter","floor":12,"turns":2},{"damage":0,"enemies":"Gremlin Nob","floor":13,"turns":2},{"damage":0,"enemies":"Blue Slaver","floor":14,"turns":2},{"damage":9,"enemies":"Hexaghost","floor":16,"turns":11},{"damage":23,"enemies":"2 Thieves","floor":18,"turns":4},{"damage":0,"enemies":"Chosen","floor":21,"turns":4},{"damage":0,"enemies":"Shelled Parasite and Fungi","floor":22,"turns":4},{"damage":16,"enemies":"Cultist and Chosen","floor":24,"turns":2},{"damage":0,"enemies":"Chosen and Byrds","floor":27,"turns":3},{"damage":5,"enemies":"Centurion and Healer","floor":28,"turns":3},{"damage":15,"enemies":"Book of Stabbing","floor":30,"turns":3},{"damage":0,"enemies":"Shelled Parasite and Fungi","floor":31,"turns":3},{"damage":56,"enemies":"Champ","floor":33,"turns":3}],"seed_played":"-4088466257566947774","potions_obtained":[{"floor":11,"key":"EssenceOfSteel"},{"floor":12,"key":"Ancient Potion"},{"floor":13,"key":"Dexterity Potion"}],"is_trial":false,"path_per_floor":["M","M","$","?","$","R","?","E","T","?","M","M","E","M","R","B",null,"M","?","?","M","M","R","M","$","T","M","M","R","E","M","R","B"],"character_chosen":"WATCHER","items_purchased":[],"campfire_rested":2,"item_purchase_floors":[],"current_hp_per_floor":[65,65,65,70,70,70,59,59,59,52,52,52,52,52,52,43,69,46,46,32,32,32,32,16,16,16,16,11,35,20,20,44,0,0],"gold":332,"neow_bonus":"THREE_ENEMY_KILL","is_daily":false,"chose_seed":false,"campfire_upgraded":3,"win_rate":0.0,"timestamp":1611104953,"path_taken":["M","?","$","?","$","R","?","E","T","?","M","M","E","M","R","BOSS","M","?","?","M","M","R","M","?","T","M","M","R","E","?","R","BOSS"],"items_purchased_type":[],"build_version":"2020-12-22","purchased_purges":2,"victory":false,"max_hp_per_floor":[72,72,72,77,77,77,77,77,77,77,77,77,77,77,77,77,77,77,77,82,82,82,82,82,82,82,82,82,82,82,82,82,82,82],"card_choices":[{"not_picked":["Crescendo","ThirdEye"],"picked":"SignatureMove","floor":1},{"not_picked":["ThirdEye","Consecrate","FlyingSleeves"],"picked":"SKIP","floor":2},{"not_picked":["Indignation","Judgement"],"picked":"Nirvana+1","floor":8},{"not_picked":["Study+1","ClearTheMind"],"picked":"Prostrate","floor":11},{"not_picked":["WindmillStrike","Evaluate"],"picked":"CutThroughFate","floor":12},{"not_picked":["Protect","EmptyFist"],"picked":"LikeWater+1","floor":13},{"not_picked":["Weave","BowlingBash","Consecrate"],"picked":"SKIP","floor":14},{"not_picked":["Establishment+1","DeusExMachina"],"picked":"Scrawl","floor":16},{"not_picked":["ClearTheMind+1","BattleHymn+1"],"picked":"FlurryOfBlows+1","floor":18},{"not_picked":["SandsOfTime","PathToVictory"],"picked":"Vengeance","floor":21},{"not_picked":["CarveReality","ForeignInfluence"],"picked":"Protect","floor":22},{"not_picked":["Study+1","WreathOfFlame"],"picked":"TalkToTheHand+1","floor":24},{"not_picked":["JustLucky","Evaluate+1","WreathOfFlame"],"picked":"SKIP","floor":27},{"not_picked":["SandsOfTime+1","FollowUp"],"picked":"Devotion+1","floor":28},{"not_picked":["ClearTheMind","Indignation"],"picked":"EmptyMind","floor":30},{"not_picked":["BowlingBash","PathToVictory"],"picked":"Meditate","floor":31}],"player_experience":730358,"relics_obtained":[{"floor":8,"key":"Frozen Egg 2"},{"floor":9,"key":"War Paint"},{"floor":13,"key":"Thread and Needle"},{"floor":26,"key":"Bottled Tornado"},{"floor":30,"key":"Nunchaku"}],"event_choices":[{"damage_healed":0,"gold_gain":0,"player_choice":"Donut","damage_taken":0,"max_hp_gain":5,"max_hp_loss":0,"event_name":"Big Fish","floor":4,"gold_loss":0},{"damage_healed":0,"gold_gain":75,"player_choice":"Gather Gold","damage_taken":11,"max_hp_gain":0,"max_hp_loss":0,"event_name":"World of Goop","floor":7,"gold_loss":0},{"damage_healed":0,"gold_gain":0,"player_choice":"Success","damage_taken":7,"relics_obtained":["Bag of Preparation"],"max_hp_gain":0,"max_hp_loss":0,"event_name":"Scrap Ooze","floor":10,"gold_loss":0},{"cards_removed":["Nirvana"],"damage_healed":0,"gold_gain":0,"player_choice":"Gave Gold","damage_taken":0,"max_hp_gain":0,"max_hp_loss":0,"event_name":"Beggar","floor":19,"gold_loss":75},{"damage_healed":0,"gold_gain":0,"player_choice":"Shed Blood","damage_taken":19,"max_hp_gain":5,"max_hp_loss":0,"event_name":"Forgotten Altar","floor":20,"gold_loss":0}],"is_beta":false,"boss_relics":[{"not_picked":["Tiny House","Philosopher\u0027s Stone"],"picked":"Sozu"}],"items_purged_floors":[3,25],"is_endless":false,"potions_floor_spawned":[11,12,13,14,16,18,24,28,31],"killed_by":"Champ","ascension_level":12}}