{"host":"hwdg34753f7m8ow2","time":1611174997,"event":{"mods":["AchievementEnabler","BaseMod","Koishi","Marisa????????","Minty Spire (QoL Compilation)","Permanent Neow","Quick Restart","Shop Mod","StSLib","The Senshi","The Servant 0.9.4"],"gold_per_floor":[118,118,293,306,11,11,11,21,21,48,48],"floor_reached":10,"language":"ENG","playtime":174,"items_purged":[],"score":66,"play_id":"fe734248-a23f-4ae7-bebf-d431cd157450","local_time":"20210120133637","is_ascension_mode":false,"campfire_choices":[{"data":"Eruption","floor":7,"key":"SMITH"}],"circlet_count":0,"master_deck":["Strike_P","Strike_P","Strike_P","Strike_P","Defend_P","Defend_P","Defend_P","Defend_P","Eruption+1","Vigilance","FlurryOfBlows","Doubt","Evaluate","FollowUp"],"relics":["PureWater","NeowsBlessing","Dead Branch","WingedGreaves","Bottled Lightning","Pen Nib"],"acts_visited":["Exordium"],"potions_floor_usage":[],"damage_taken":[{"damage":0,"enemies":"2 Louse","floor":1,"turns":2},{"damage":0,"enemies":"Small Slimes","floor":4,"turns":2},{"damage":0,"enemies":"Jaw Worm","floor":8,"turns":1},{"damage":67,"enemies":"Lagavulin","floor":10,"turns":4}],"seed_played":"-626497983601805289","potions_obtained":[{"floor":8,"key":"EssenceOfSteel"},{"floor":10,"key":"BlessingOfTheForge"}],"is_trial":false,"path_per_floor":["M","?","?","M","$","T","R","M","T","E"],"character_chosen":"WATCHER","items_purchased":["Dead Branch"],"campfire_rested":0,"item_purchase_floors":[5],"current_hp_per_floor":[72,72,72,72,72,72,72,72,72,5,5],"gold":48,"neow_bonus":"THREE_ENEMY_KILL","is_daily":false,"chose_seed":false,"campfire_upgraded":1,"win_rate":0.0,"timestamp":1611174997,"path_taken":["M","?","?","M","?","?","R","?","T","E"],"items_purchased_type":["Relic"],"build_version":"2020-12-22","purchased_purges":0,"victory":false,"max_hp_per_floor":[72,72,72,72,72,72,72,72,72,72,72],"card_choices":[{"not_picked":["Protect","FlyingSleeves"],"picked":"FlurryOfBlows","floor":1},{"not_picked":["EmptyMind","Fasting2"],"picked":"Evaluate","floor":4},{"not_picked":["Meditate","ClearTheMind"],"picked":"FollowUp","floor":8}],"player_experience":736997,"relics_obtained":[{"floor":6,"key":"WingedGreaves"},{"floor":9,"key":"Bottled Lightning"},{"floor":10,"key":"Pen Nib"}],"event_choices":[{"damage_healed":0,"gold_gain":0,"player_choice":"Leave","damage_taken":0,"max_hp_gain":0,"max_hp_loss":0,"event_name":"The Cleric","floor":2,"gold_loss":0},{"damage_healed":0,"gold_gain":175,"player_choice":"AGREE","damage_taken":0,"max_hp_gain":0,"max_hp_loss":0,"event_name":"Liars Game","floor":3,"gold_loss":0,"cards_obtained":["Doubt"]}],"is_beta":false,"boss_relics":[],"items_purged_floors":[],"is_endless":false,"potions_floor_spawned":[8,10],"killed_by":"Lagavulin","ascension_level":0}}