{"host":"7v9t59ze4jbx2rzq","time":1611153733,"event":{"mods":["Aspiration","BaseMod","Better Silent Start","Block Reminder","Challenge The Spire","Colored Powertips","Dark Map","Fox Events","Googly Eyes","Halation","Highlight Path","Hubris","Infinite Spire","Jedi Mod","Minty Spire (QoL Compilation)","Optimize The Spire","Poem Panic","Poor People Problems","Quarter Circle Forward PUNCH!","Replay The Spire","Spire Arcade","StSLib","The Factory","The Jungle","Wandering Minibosses","Wide Potions"],"gold_per_floor":[114,127,138,148,113,113,113,113],"floor_reached":7,"language":"ENG","playtime":466,"items_purged":[],"score":86,"play_id":"5ec09dd3-12ea-4818-94a6-470a07b3c2cb","local_time":"20210120094213","is_ascension_mode":true,"campfire_choices":[{"data":"jedi:MakeshiftSword","floor":6,"key":"SMITH"}],"circlet_count":0,"master_deck":["AscendersBane","Strike_R","Strike_R","Strike_R","Strike_R","Strike_R","Defend_R","Defend_R","Defend_R","Defend_R","Bash+1","Body Slam","jedi:MakeshiftSword+1","True Grit"],"relics":["Burning Blood"],"acts_visited":["Exordium"],"potions_floor_usage":[],"damage_taken":[{"damage":6,"enemies":"Cultist","floor":1,"turns":3},{"damage":17,"enemies":"Small Slimes","floor":2,"turns":5},{"damage":9,"enemies":"2 Louse","floor":3,"turns":4},{"damage":12,"enemies":"Exordium Wildlife","floor":4,"turns":4},{"damage":67,"enemies":"Replay:BlueRogue","floor":7,"turns":14}],"seed_played":"7675895794517992069","potions_obtained":[],"is_trial":false,"path_per_floor":["M","M","M","M","?","R","E"],"character_chosen":"IRONCLAD","items_purchased":[],"campfire_rested":0,"item_purchase_floors":[],"current_hp_per_floor":[68,57,54,48,66,66,0,0],"gold":113,"neow_bonus":"RANDOM_EVENT","is_daily":false,"chose_seed":false,"campfire_upgraded":1,"win_rate":0.0,"timestamp":1611153733,"path_taken":["M","?","?","M","?","R","E"],"items_purchased_type":[],"build_version":"2020-12-22","purchased_purges":0,"victory":false,"max_hp_per_floor":[75,75,75,75,75,75,75,75],"card_choices":[{"not_picked":["Blood for Blood","Heavy Blade"],"picked":"Body Slam","floor":1},{"not_picked":["Ghostly Armor","Dual Wield"],"picked":"jedi:MakeshiftSword","floor":2},{"not_picked":["ReplayTheSpireMod:Strike From Hell","Hemokinesis"],"picked":"True Grit","floor":3},{"not_picked":["Twin Strike","infinitespire:OneForAll","hubris:CleavingFinish"],"picked":"SKIP","floor":4}],"player_experience":2155534,"relics_obtained":[],"event_choices":[{"damage_healed":0,"gold_gain":0,"player_choice":"Grow","damage_taken":0,"max_hp_gain":0,"max_hp_loss":0,"event_name":"Living Wall","floor":0,"gold_loss":0,"cards_upgraded":["Bash"]},{"damage_healed":18,"gold_gain":0,"player_choice":"Healed","damage_taken":0,"max_hp_gain":0,"max_hp_loss":0,"event_name":"The Cleric","floor":5,"gold_loss":35}],"is_beta":false,"boss_relics":[],"items_purged_floors":[],"is_endless":false,"potions_floor_spawned":[],"killed_by":"Replay:BlueRogue","ascension_level":20}}