{"host":"qxeepl7ydvsgmfdb","time":1611154696,"event":{"mods":["AchievementEnabler","BaseMod","Colored Powertips","Minty Spire (QoL Compilation)","Quick Restart","slay the spire mod where everything is the same but ironclad has a cowboy hat"],"gold_per_floor":[118,132,82,82,7,7,36,48,48,48,76,76,89,53,53,158,158,176,176,186,186,35,66,66,83,83,115,129,29,29,45,45,45,45],"floor_reached":33,"language":"ENG","playtime":1754,"items_purged":["Regret","Strike_G"],"score":477,"play_id":"c51e4a91-12c4-46b4-93fd-53a131089252","local_time":"20210120095816","is_ascension_mode":true,"campfire_choices":[{"data":"Deadly Poison","floor":6.0,"key":"SMITH"},{"data":"Deadly Poison","floor":10.0,"key":"SMITH"},{"floor":15.0,"key":"REST"},{"floor":24.0,"key":"REST"},{"floor":32,"key":"REST"}],"circlet_count":0,"master_deck":["AscendersBane","Strike_G","Strike_G","Strike_G","Defend_G","Defend_G","Defend_G","Defend_G","Defend_G","Survivor","Neutralize","Deadly Poison+1","Deadly Poison+1","Slice","Blade Dance+1","Distraction","Noxious Fumes","Corpse Explosion","Flying Knee+1","Blade Dance","Die Die Die","Choke","Finisher","Adrenaline","Dagger Spray"],"relics":["Ring of the Snake","NeowsBlessing","StoneCalendar","Dream Catcher","Dead Branch","Regal Pillow","Nloth\u0027s Gift","Bronze Scales","Strawberry","CaptainsWheel","Omamori"],"acts_visited":["Exordium","TheCity"],"potions_floor_usage":[28,33],"damage_taken":[{"damage":0.0,"enemies":"Cultist","floor":1.0,"turns":1.0},{"damage":0.0,"enemies":"2 Louse","floor":2.0,"turns":1.0},{"damage":0.0,"enemies":"Lagavulin","floor":7.0,"turns":1.0},{"damage":4.0,"enemies":"Jaw Worm","floor":8.0,"turns":3.0},{"damage":66.0,"enemies":"Gremlin Nob","floor":11.0,"turns":6.0},{"damage":0.0,"enemies":"3 Louse","floor":13.0,"turns":1.0},{"damage":32.0,"enemies":"Hexaghost","floor":16.0,"turns":7.0},{"damage":18.0,"enemies":"Shell Parasite","floor":18.0,"turns":5.0},{"damage":0.0,"enemies":"3 Byrds","floor":20.0,"turns":1.0},{"damage":6.0,"enemies":"Gremlin Leader","floor":23.0,"turns":2.0},{"damage":0.0,"enemies":"3 Cultists","floor":25.0,"turns":2.0},{"damage":28,"enemies":"Slavers","floor":27,"turns":4},{"damage":34,"enemies":"Snake Plant","floor":28,"turns":3},{"damage":1,"enemies":"Sentry and Sphere","floor":31,"turns":4},{"damage":58,"enemies":"Champ","floor":33,"turns":7}],"seed_played":"-7879609759003378586","potions_obtained":[{"floor":1.0,"key":"Dexterity Potion"},{"floor":2.0,"key":"FairyPotion"},{"floor":11.0,"key":"PowerPotion"},{"floor":16.0,"key":"Fire Potion"},{"floor":18.0,"key":"Fire Potion"},{"floor":20.0,"key":"Strength Potion"},{"floor":27,"key":"Energy Potion"},{"floor":28,"key":"FearPotion"}],"is_trial":false,"path_per_floor":["M","M","?","?","$","R","E","M","T","R","E","?","M","$","R","B",null,"M","$","M","?","$","E","R","M","T","E","M","$","$","M","R","B"],"character_chosen":"THE_SILENT","items_purchased":["Distraction","Bronze Scales"],"campfire_rested":3,"item_purchase_floors":[14,22],"current_hp_per_floor":[63,63,63,63,63,63,63,59,59,59,21,21,21,21,57,25,59,41,41,41,41,41,42,77,77,77,49,15,15,15,14,52,0,0],"gold":45,"neow_bonus":"THREE_ENEMY_KILL","is_daily":false,"chose_seed":false,"campfire_upgraded":2,"win_rate":0.0,"timestamp":1611154696,"path_taken":["M","?","?","?","$","R","E","M","T","R","E","?","M","?","R","BOSS","M","$","M","?","?","E","R","?","T","E","?","?","$","?","R","BOSS"],"items_purchased_type":["Card","Relic"],"build_version":"2020-12-22","purchased_purges":2,"victory":false,"max_hp_per_floor":[70,70,70,70,70,70,70,70,70,70,70,70,70,70,70,70,70,70,70,70,70,70,77,77,77,77,77,77,77,77,77,77,77,77],"card_choices":[{"not_picked":["Flechettes","Escape Plan"],"picked":"Deadly Poison","floor":1.0},{"not_picked":["Accuracy","Blur","Sucker Punch"],"picked":"SKIP","floor":2.0},{"not_picked":["Outmaneuver","All Out Attack"],"picked":"Deadly Poison","floor":7.0},{"not_picked":["Dodge and Roll","PiercingWail"],"picked":"Slice","floor":8.0},{"not_picked":["Doppelganger","Footwork"],"picked":"Blade Dance","floor":11.0},{"not_picked":["Heel Hook","Eviscerate","Flechettes"],"picked":"SKIP","floor":13.0},{"not_picked":["Cloak And Dagger","Infinite Blades"],"picked":"Noxious Fumes","floor":15.0},{"not_picked":["A Thousand Cuts","Malaise"],"picked":"Corpse Explosion","floor":16.0},{"not_picked":["Setup","Quick Slash"],"picked":"Flying Knee+1","floor":18.0},{"not_picked":["Endless Agony","Deadly Poison"],"picked":"Blade Dance","floor":20.0},{"not_picked":["Blur","Setup"],"picked":"Die Die Die","floor":23.0},{"not_picked":["Slice+1","Quick Slash+1"],"picked":"Choke","floor":24.0},{"not_picked":["Deadly Poison","Outmaneuver"],"picked":"Finisher","floor":25.0},{"not_picked":["Heel Hook","Grand Finale"],"picked":"Adrenaline","floor":27},{"not_picked":["Deflect","Crippling Poison"],"picked":"Dagger Spray","floor":28},{"not_picked":["Outmaneuver","Endless Agony","Cloak And Dagger"],"picked":"SKIP","floor":31}],"player_experience":193821,"relics_obtained":[{"floor":7.0,"key":"Dream Catcher"},{"floor":9.0,"key":"Dead Branch"},{"floor":11.0,"key":"Regal Pillow"},{"floor":23.0,"key":"Strawberry"},{"floor":26.0,"key":"CaptainsWheel"},{"floor":27,"key":"Omamori"}],"event_choices":[{"cards_removed":["Strike_G"],"damage_healed":0.0,"max_hp_gain":0.0,"max_hp_loss":0.0,"gold_gain":0.0,"event_name":"The Cleric","player_choice":"Card Removal","floor":3.0,"gold_loss":50.0,"damage_taken":0.0},{"damage_healed":0.0,"max_hp_gain":0.0,"max_hp_loss":0.0,"gold_gain":0.0,"event_name":"Big Fish","player_choice":"Box","floor":4.0,"gold_loss":0.0,"damage_taken":0.0,"relics_obtained":["StoneCalendar"],"cards_obtained":["Regret"]},{"damage_healed":0.0,"max_hp_gain":0.0,"max_hp_loss":0.0,"gold_gain":0.0,"event_name":"Living Wall","player_choice":"Grow","floor":12.0,"gold_loss":0.0,"damage_taken":0.0,"cards_upgraded":["Blade Dance"]},{"damage_healed":0.0,"max_hp_gain":0.0,"max_hp_loss":0.0,"gold_gain":0.0,"event_name":"N\u0027loth","player_choice":"Traded Relic","floor":21.0,"relics_lost":["HoveringKite"],"gold_loss":0.0,"damage_taken":0.0,"relics_obtained":["Nloth\u0027s Gift"]}],"is_beta":false,"boss_relics":[{"not_picked":["Ectoplasm","Sozu"],"picked":"HoveringKite"}],"items_purged_floors":[5,29],"is_endless":false,"potions_floor_spawned":[1,2,11,16,18,20,27,28],"killed_by":"Champ","ascension_level":10}}