{"host":"6a92uynocv4elkyp","time":1611145908,"event":{"mods":["AchievementEnabler","BaseMod","Infinite Spire","Minty Spire (QoL Compilation)","Quick Restart","Replay The Spire","StSLib"],"gold_per_floor":[99,129,168,168,213,306,381,471,471,549,549,549],"floor_reached":11,"language":"ENG","playtime":493,"items_purged":[],"score":252,"play_id":"937e8a80-aff8-419c-8e01-ac1c7aa634d9","local_time":"20210120133148","daily_mods":["SealedDeck","Heirloom","Flight","DeadlyEvents","Elite Swarm","Midas"],"is_ascension_mode":true,"campfire_choices":[],"circlet_count":0,"master_deck":["AscendersBane","Auto Shields","Lockon","Ball Lightning","Go for the Eyes","Ball Lightning","FIFO Queue","Heatsinks","Heatsinks","Gash","Gash","ReplayTheSpireMod:Reroute Power","Static Discharge","Barricade","All For One","ReplayTheSpireMod:Fabricate Wheel","Meteor Strike"],"relics":["replay:Trail_Library","Unceasing Top","Iron Core","Replay:WaspNest","Regal Pillow","ReplayTheSpireMod:Shallot","Replay:Mystery Machine","Nunchaku"],"acts_visited":["Exordium"],"potions_floor_usage":[8,11],"damage_taken":[{"damage":0,"enemies":"Small Slimes","floor":2,"turns":2},{"damage":9,"enemies":"Jaw Worm","floor":3,"turns":2},{"damage":0,"enemies":"Cultist","floor":5,"turns":3},{"damage":0,"enemies":"Gremlin Nob","floor":6,"turns":3},{"damage":49,"enemies":"3 Sentries","floor":7,"turns":6},{"damage":6,"enemies":"Gremlin Nob","floor":8,"turns":3},{"damage":12,"enemies":"Lagavulin","floor":10,"turns":4},{"damage":0,"enemies":"3 Sentries","floor":11,"turns":1}],"seed_played":"-8414919093555823441","potions_obtained":[{"floor":3,"key":"Weak Potion"},{"floor":5,"key":"SkillPotion"},{"floor":7,"key":"Fire Potion"}],"is_trial":true,"path_per_floor":["?","M","M","?","M","E","E","E","T","E","E"],"character_chosen":"DEFECT","items_purchased":[],"campfire_rested":0,"item_purchase_floors":[],"current_hp_per_floor":[64,64,55,71,71,71,22,16,16,4,4,4],"gold":549,"neow_bonus":"","is_daily":false,"chose_seed":false,"campfire_upgraded":0,"win_rate":0.0,"timestamp":1611145908,"path_taken":["?","M","M","?","M","E","E","E","T","E","?"],"items_purchased_type":[],"build_version":"2020-12-22","purchased_purges":0,"victory":false,"max_hp_per_floor":[71,71,71,71,71,71,71,71,71,71,71,71],"card_choices":[{"not_picked":["ReplayTheSpireMod:GoodbyeWorld","Whirlwind"],"picked":"ReplayTheSpireMod:Reroute Power","floor":2},{"not_picked":["WeaponsOverheat","Seeing Red"],"picked":"Aggregate","floor":3},{"not_picked":["Panic Button","Ball Lightning"],"picked":"Static Discharge","floor":5},{"not_picked":["Creative AI","ReplayRNGCard"],"picked":"Barricade","floor":6},{"not_picked":["Mirror Shield","Fission"],"picked":"All For One","floor":7},{"not_picked":["Meteor Strike","Firewall"],"picked":"ReplayTheSpireMod:Fabricate Wheel","floor":8},{"not_picked":["Barricade","Biased Cognition"],"picked":"Meteor Strike","floor":10}],"player_experience":121017,"relics_obtained":[{"floor":6,"key":"Replay:WaspNest"},{"floor":7,"key":"Regal Pillow"},{"floor":8,"key":"ReplayTheSpireMod:Shallot"},{"floor":9,"key":"Replay:Mystery Machine"},{"floor":10,"key":"Nunchaku"}],"event_choices":[{"cards_removed":["Aggregate"],"damage_healed":16,"gold_gain":0,"player_choice":"Offered Uncommon","damage_taken":0,"max_hp_gain":0,"max_hp_loss":0,"event_name":"Bonfire Elementals","floor":4,"gold_loss":0}],"is_beta":false,"boss_relics":[],"items_purged_floors":[],"is_endless":false,"potions_floor_spawned":[3,5,6,7],"killed_by":"3 Sentries","ascension_level":20}}