{"host":"leop","time":1611132893,"event":{"mods":["ATMod(°¢èªMod)","Act Like it!","BaseMod","Conspire","GifTheSpireLib","HumanHunterMod(¹ÖÎïÉ±ÈËmod)","Minty Spire (QoL Compilation)","MostiFishMod","Shop Mod","Spicy Shops","StSLib","TestMod","The Alterego","[IsaacMod]ÒÔÈö¼âËþ","¡¾ÒÅÎï¿¨ÅÆ¡¿REMEMod"],"gold_per_floor":[114,126,141,65467,65530,65558,65558,65589,65670,65700,64685,64685,64728,64728,64728,64817,64817,64835,65235,65235,64271,64284,64315,64315,64356,64356,64400,62639,62639,62721,62745,62745,62841,62857,62881,62900,63233,63258,62044,62044,62091,61064,61064,60527,60568,60594,60626,60633,60633,60668,60714,60714,60714,59772,59799,59869],"floor_reached":57,"language":"ZHS","playtime":2570,"items_purged":["Strike_R","Strike_R","Strike_R","Strike_R","Defend_R","Defend_R","Defend_R","Defend_R","Bash","Shrug It Off","AT_EmpoweredMortalDraw"],"score":7751,"play_id":"597b0c92-a846-4823-9bee-94d9179b8dae","local_time":"20210120165453","is_ascension_mode":true,"campfire_choices":[{"data":"Armaments","floor":7.0,"key":"SMITH"},{"data":"Feed","floor":15.0,"key":"SMITH"},{"data":"Limit Break","floor":24.0,"key":"SMITH"},{"floor":29.0,"key":"RECALL"},{"data":"Dark Embrace","floor":32.0,"key":"SMITH"},{"data":"MostiFishMod:DarkDeal","floor":40.0,"key":"SMITH"},{"data":"Bloodletting","floor":49.0,"key":"SMITH"},{"data":"Offering","floor":53.0,"key":"SMITH"}],"circlet_count":0,"master_deck":["AscendersBane","AT_PowerWithin","Armaments+1","Feed+1","Bloodletting","Dark Embrace+1","Bloodletting+1","Exhume","Inflame","Exhume","MostiFishMod:DarkDeal+1","Limit Break+1","Offering","Feed+1","AT_ShrugMaster","Reaper","Seeing Red+1","Offering+1","Feel No Pain"],"relics":["Burning Blood","DaveBox","REME_ComplimentaryCards","AT_ATBox","HushsDoor","NeowsBlessing","GuppysTail","PatriotShield","testmod-NegativeEmotionEnhancer","SynthV:TestCard","AT_BellowingDragoncrestRing","AT_ArcaneBoots","TheAbacus","Cauldron","StrikeDummy","AT_SeraphEmbrace","Juzu Bracelet","Bag of Preparation","ClockworkSouvenir","Happy Flower","BloodDonationMachine","Pantograph","Void","testmod-IncinerationGenerator","MyShadow","REME_CardOfGreed","Omamori","Pen Nib","MerchantsRug","Lee\u0027s Waffle","Paper Frog","Singing Bowl","AT_ChloranthyRing","REME_LimitBreaker","Dodecahedron","Ornamental Fan","Boot","NineVolt","HowToJump","AT_MortalBlade","SatanicBible","DeathBook","Thread and Needle","AT_BellDemon","SalivaCoin","BFFS","TheBible","AT_ForceNature","Art of War","Gremlin Horn","Toolbox","Lantern","Shuriken","Membership Card","BrkXgEgg","Bag of Marbles","Toy Ornithopter","testmod-Antiphasic","Meat on the Bone","Chemical X","BookofShadows","testmod-TurbochargingSystem","AT_ImmortalShieldbow","BirthdayGift-Icosahedron"],"acts_visited":["Exordium","TheCity","TheBeyond","TheEnding"],"potions_floor_usage":[],"damage_taken":[{"damage":0.0,"enemies":"Cultist","floor":1.0,"turns":1.0},{"damage":0.0,"enemies":"Small Slimes","floor":2.0,"turns":1.0},{"damage":0.0,"enemies":"2 Louse","floor":3.0,"turns":2.0},{"damage":4.0,"enemies":"Gremlin Nob","floor":6.0,"turns":1.0},{"damage":3.0,"enemies":"Lagavulin","floor":8.0,"turns":7.0},{"damage":3.0,"enemies":"Gremlin Nob","floor":10.0,"turns":2.0},{"damage":2.0,"enemies":"Lagavulin","floor":13.0,"turns":5.0},{"damage":4.0,"enemies":"Hexaghost","floor":16.0,"turns":3.0},{"damage":25.0,"enemies":"3 Byrds","floor":18.0,"turns":1.0},{"damage":8.0,"enemies":"2 Thieves","floor":22.0,"turns":1.0},{"damage":7.0,"enemies":"REME_1_Revenger","floor":23.0,"turns":1.0},{"damage":17.0,"enemies":"conspire:SneckoGhost","floor":25.0,"turns":2.0},{"damage":9.0,"enemies":"REME_1_Revenger","floor":27.0,"turns":1.0},{"damage":5.0,"enemies":"Snake Plant","floor":31.0,"turns":1.0},{"damage":24.0,"enemies":"conspire:MysteriousRune","floor":33.0,"turns":1.0},{"damage":7.0,"enemies":"3 Shapes","floor":35.0,"turns":1.0},{"damage":21.0,"enemies":"3 Darklings","floor":36.0,"turns":1.0},{"damage":9.0,"enemies":"Mind Bloom Boss Battle","floor":38.0,"turns":2.0},{"damage":6.0,"enemies":"Reptomancer","floor":41.0,"turns":1.0},{"damage":1.0,"enemies":"Nemesis","floor":45.0,"turns":5.0},{"damage":3.0,"enemies":"4 Shapes","floor":46.0,"turns":1.0},{"damage":2.0,"enemies":"conspire:MimicChest","floor":47.0,"turns":1.0},{"damage":9.0,"enemies":"Donu and Deca","floor":50.0,"turns":1.0},{"damage":8.0,"enemies":"Awakened One","floor":51.0,"turns":2.0},{"damage":0.0,"enemies":"Shield and Spear","floor":55.0,"turns":1.0},{"damage":132,"enemies":"Delirium","floor":56,"turns":5}],"seed_played":"-1003937538174239892","potions_obtained":[{"floor":1.0,"key":"LiquidMemories"},{"floor":2.0,"key":"Dexterity Potion"},{"floor":4.0,"key":"testmod-SpacePotion"},{"floor":4.0,"key":"testmod-TestPotion"},{"floor":4.0,"key":"CultistPotion"},{"floor":16.0,"key":"BloodPotion"}],"is_trial":false,"path_per_floor":["M","M","M","$","?","E","R","E","T","E","$","?","E","T","R","B",null,"M","?","?","$","M","E","R","E","T","E","$","R","?","M","R","B",null,"M","M","?","?","$","R","E","$","T","$","E","M","?","?","R","B","B",null,"R","$","E","B",null],"character_chosen":"IRONCLAD","items_purchased":["AT_BellowingDragoncrestRing","AT_SpeedBoots","TheAbacus","Cauldron","StrikeDummy","Dark Embrace","Bloodletting","Bag of Preparation","Inflame","ClockworkSouvenir","Happy Flower","BloodDonationMachine","Limit Break","Offering","MyShadow","REME_CardOfGreed","Omamori","Pen Nib","MerchantsRug","Lee\u0027s Waffle","REME_LimitBreaker","Dodecahedron","Ornamental Fan","Boot","NineVolt","HowToJump","Reaper","BloodPotion","SatanicBible","DeathBook","FairyPotion","AT_BellDemon","SalivaCoin","BFFS","TheBible","AT_ForceNature","EntropicBrew","Gremlin Horn","Toolbox","Lantern","Membership Card","BrkXgEgg","Bag of Marbles","Toy Ornithopter","Chemical X","BookofShadows","testmod-TurbochargingSystem","AT_ImmortalShieldbow","BirthdayGift-Icosahedron"],"campfire_rested":0,"item_purchase_floors":[4,4,4,4,4,4,4,11,11,11,11,11,17,17,17,21,21,21,21,21,28,28,28,28,28,28,28,28,34,34,34,39,39,39,39,39,39,42,42,42,44,44,44,44,54,54,54,54,54],"current_hp_per_floor":[76,77,81,81,66,70,70,79,79,87,87,56,66,66,66,99,77,66,66,66,89,98,103,103,98,98,103,103,103,88,95,95,83,91,98,96,96,125,125,125,132,132,132,132,139,158,165,161,161,173,187,187,187,187,198,208],"gold":59869,"neow_bonus":"THREE_ENEMY_KILL","is_daily":false,"chose_seed":false,"campfire_upgraded":7,"win_rate":0.0,"timestamp":1611132893,"path_taken":["M","M","M","?","?","E","R","E","T","E","$","?","E","?","R","BOSS","M","?","?","$","M","E","R","E","T","E","$","R","?","M","R","BOSS","M","M","?","?","?","R","E","$","T","$","E","M","?","?","R","BOSS","BOSS","R","$","E","BOSS"],"items_purchased_type":["Relic","Relic","Relic","Relic","Relic","Card","Card","Relic","Card","Relic","Relic","Relic","Card","Card","Relic","Relic","Relic","Relic","Relic","Relic","Relic","Relic","Relic","Relic","Relic","Relic","Card","Potion","Relic","Relic","Potion","Relic","Relic","Relic","Relic","Relic","Potion","Relic","Relic","Relic","Relic","Relic","Relic","Relic","Relic","Relic","Relic","Relic","Relic"],"build_version":"2020-12-18","purchased_purges":11,"victory":true,"max_hp_per_floor":[76,77,81,81,81,82,82,87,87,91,91,91,96,96,96,101,77,82,82,82,89,98,103,103,108,108,115,115,115,115,120,120,125,94,99,106,106,125,125,125,132,132,132,132,139,158,165,165,165,174,187,187,187,187,198,208],"card_choices":[{"not_picked":["Anger","AT_BodySlamDance"],"picked":"Armaments","floor":1.0},{"not_picked":["Shockwave","Headbutt","Perfected Strike","AT_BodySlamDance"],"picked":"Feed","floor":2.0},{"not_picked":["Evolve","Pommel Strike","Body Slam","AT_IchimonjiDouble"],"picked":"Bloodletting","floor":3.0},{"not_picked":["Clash","Rage","Twin Strike","Headbutt"],"picked":"Shrug It Off","floor":6.0},{"not_picked":["True Grit","Cleave","Power Through","Flex"],"picked":"Exhume","floor":8.0},{"not_picked":["Fire Breathing","Searing Blow","Battle Trance","Perfected Strike","conspire:ExplosiveBarrier"],"picked":"SKIP","floor":10.0},{"not_picked":["Warcry","Bomb","REME_Cut","Combust"],"picked":"Exhume","floor":13.0},{"not_picked":["Impervious","MostiFishMod:FireWorks","Immolate","AT_Dispersion"],"picked":"MostiFishMod:DarkDeal","floor":16.0},{"not_picked":["Uppercut","Armaments","Metallicize+1","AT_GerminateFire+1","True Grit"],"picked":"SKIP","floor":18.0},{"not_picked":["Warcry","Clothesline","Hemokinesis","conspire:ExplosiveBarrier","Blood for Blood"],"picked":"SKIP","floor":22.0},{"not_picked":["Evolve","Warcry","Flame Barrier+1","AT_IchimonjiDouble"],"picked":"AT_ShrugMaster","floor":23.0},{"not_picked":["AT_IchimonjiDouble","Body Slam+1","Thunderclap","AT_BodySlamDance","True Grit"],"picked":"SKIP","floor":25.0},{"not_picked":["REME_Scribble","Sever Soul","MostiFishMod:FlyOverUtopia","Metallicize","Anger"],"picked":"Singing Bowl","floor":27.0},{"not_picked":["Wild Strike","Armaments","conspire:Charge","Bloodletting"],"picked":"Seeing Red+1","floor":31.0},{"not_picked":["MostiFishMod:DarkDeal","MostiFishMod:OrdinaryWorld","MostiFishMod:UltimateDefense","MostiFishMod:WingOfPhoenix"],"picked":"Offering","floor":33.0},{"not_picked":["Inflame","True Grit","Havoc+1","Searing Blow+1"],"picked":"Feel No Pain","floor":35.0},{"not_picked":["Rage","Body Slam","Flex","Inflame","AT_BodySlamDance+1"],"picked":"Singing Bowl","floor":36.0},{"not_picked":["AT_DrawKnifeCut","Cleave","Dark Embrace","MostiFishMod:#F4004","Perfected Strike"],"picked":"Singing Bowl","floor":38.0},{"not_picked":["Sever Soul","MostiFishMod:UltimateDefense","Carnage","Power Through","Evolve"],"picked":"Singing Bowl","floor":41.0},{"not_picked":["AT_DiedThrough","Combust+1","Clash","Reckless Charge+1","Sword Boomerang"],"picked":"Singing Bowl","floor":45.0},{"not_picked":["AT_IchimonjiDouble","Inflame","Rage","Sword Boomerang","Perfected Strike"],"picked":"Singing Bowl","floor":46.0},{"not_picked":["Cleave+1","MostiFishMod:BrandingRite+1","Sentinel","Havoc","Flex"],"picked":"Singing Bowl","floor":47.0},{"not_picked":["Fire Breathing+1","Twin Strike","Power Through+1","Cleave","Metallicize"],"picked":"Singing Bowl","floor":55.0}],"player_experience":1126168,"relics_obtained":[{"floor":1.0,"key":"SynthV:TestCard"},{"floor":6.0,"key":"AT_ArchangelStaff"},{"floor":8.0,"key":"Juzu Bracelet"},{"floor":13.0,"key":"Pantograph"},{"floor":14.0,"key":"Void"},{"floor":23.0,"key":"Paper Frog"},{"floor":26.0,"key":"Singing Bowl"},{"floor":27.0,"key":"AT_ChloranthyRing"},{"floor":38.0,"key":"Thread and Needle"},{"floor":41.0,"key":"Art of War"},{"floor":43.0,"key":"Shuriken"},{"floor":45.0,"key":"testmod-Antiphasic"},{"floor":47.0,"key":"Meat on the Bone"}],"event_choices":[{"damage_healed":0.0,"max_hp_gain":0.0,"max_hp_loss":0.0,"gold_gain":0.0,"event_name":"Golden Idol","player_choice":"Take Damage","floor":12.0,"gold_loss":0.0,"damage_taken":31.0,"relics_obtained":["Golden Idol"]},{"damage_healed":0.0,"max_hp_gain":0.0,"max_hp_loss":0.0,"gold_gain":400.0,"event_name":"¶÷ÂåË¹µÄÅÌ×Ó","player_choice":"Sell","floor":19.0,"relics_lost":["testmod-TestBox"],"gold_loss":0.0,"damage_taken":0.0},{"cards_removed":["Strike_R"],"damage_healed":0.0,"max_hp_gain":0.0,"max_hp_loss":0.0,"gold_gain":0.0,"event_name":"Back to Basics","player_choice":"Elegance","floor":20.0,"gold_loss":0.0,"damage_taken":0.0},{"damage_healed":0.0,"max_hp_gain":0.0,"max_hp_loss":0.0,"gold_gain":333.0,"event_name":"The Moai Head","player_choice":"Gave Idol","floor":37.0,"relics_lost":["Golden Idol"],"gold_loss":0.0,"damage_taken":0.0},{"damage_healed":0.0,"max_hp_gain":0.0,"max_hp_loss":0.0,"gold_gain":0.0,"event_name":"MindBloom","player_choice":"Fight","floor":38.0,"gold_loss":0.0,"damage_taken":0.0},{"damage_healed":0.0,"max_hp_gain":0.0,"max_hp_loss":0.0,"gold_gain":0.0,"event_name":"conspire:Investor","player_choice":"Leave","floor":48.0,"gold_loss":0.0,"damage_taken":0.0}],"is_beta":true,"boss_relics":[{"not_picked":["testmod-DreamHouse","GuanYuAspect"],"picked":"testmod-IncinerationGenerator"},{"not_picked":[]},{"not_picked":["RhineSuit","REME_DuelDisc"],"picked":"AT_MortalBlade"},{"not_picked":[]}],"items_purged_floors":[4,11,17,21,28,34,39,42,42,44,54],"is_endless":false,"potions_floor_spawned":[1,2,10,13,16,23,25,31,35,45,55],"ascension_level":20}}