{"host":"06e3yyzgn8o619wl","time":1611147170,"event":{"mods":["BaseMod","Block Reminder","Colored Map","Colored Powertips","DeckTracker","Highlight Path","Minty Spire (QoL Compilation)","Relic Stats","StSLib"],"gold_per_floor":[116,131,147,166,121,121,121],"floor_reached":6,"language":"JPN","playtime":465,"items_purged":[],"score":42,"play_id":"8863ce01-bead-4792-b7a9-467b0657e4eb","local_time":"20210120215250","is_ascension_mode":true,"campfire_choices":[],"circlet_count":0,"master_deck":["Strike_P","Strike_P","Strike_P","Strike_P","Defend_P","Defend_P","Defend_P","Defend_P","Eruption","Vigilance","Injury","Establishment","WaveOfTheHand","InnerPeace","EmptyMind","ClearTheMind"],"relics":["PureWater"],"acts_visited":["Exordium"],"potions_floor_usage":[],"damage_taken":[{"damage":7,"enemies":"Cultist","floor":1,"turns":6},{"damage":12,"enemies":"2 Louse","floor":2,"turns":7},{"damage":0,"enemies":"Jaw Worm","floor":3,"turns":3},{"damage":26,"enemies":"Exordium Wildlife","floor":4,"turns":9},{"damage":9,"enemies":"Looter","floor":5,"turns":5},{"damage":31,"enemies":"Lagavulin","floor":6,"turns":5}],"seed_played":"-7463767184254376976","potions_obtained":[{"floor":1,"key":"AttackPotion"},{"floor":2,"key":"AttackPotion"},{"floor":4,"key":"Strength Potion"}],"is_trial":false,"path_per_floor":["M","M","M","M","M","E"],"character_chosen":"WATCHER","items_purchased":[],"campfire_rested":0,"item_purchase_floors":[],"current_hp_per_floor":[65,53,53,27,18,0,0],"gold":121,"neow_bonus":"THREE_RARE_CARDS","is_daily":false,"chose_seed":false,"campfire_upgraded":0,"win_rate":0.0,"timestamp":1611147170,"path_taken":["M","M","M","M","?","E"],"items_purchased_type":[],"build_version":"2020-12-22","purchased_purges":0,"victory":false,"max_hp_per_floor":[72,72,72,72,72,72,72],"relic_stats":{"counters":[6,35],"obtain_stats":[{"PureWater":0},{"PureWater":0},{"PureWater":0}]},"card_choices":[{"not_picked":["Wish","Ragnarok"],"picked":"Establishment","floor":0},{"not_picked":["FlurryOfBlows","EmptyMind"],"picked":"WaveOfTheHand","floor":1},{"not_picked":["PathToVictory","Crescendo","FollowUp"],"picked":"SKIP","floor":2},{"not_picked":["SashWhip","PathToVictory"],"picked":"InnerPeace","floor":3},{"not_picked":["Consecrate","Halt"],"picked":"EmptyMind","floor":4},{"not_picked":["Evaluate","BowlingBash"],"picked":"ClearTheMind","floor":5}],"player_experience":102169,"relics_obtained":[],"event_choices":[],"is_beta":false,"boss_relics":[],"items_purged_floors":[],"is_endless":false,"potions_floor_spawned":[1,2,4],"killed_by":"Lagavulin","ascension_level":2}}