{"host":"soyfmymeou4emntr","time":1611163675,"event":{"mods":["BaseMod","BetterRewards","Minty Spire (QoL Compilation)","Relic Sorter","Relic Stats","StSLib"],"gold_per_floor":[113,128,98,108,127,157,157,188,188,263,263,263],"floor_reached":11,"language":"ENG","playtime":583,"items_purged":[],"score":166,"play_id":"ee31dbc9-652e-418c-a912-570c5f8cd82b","local_time":"20210120102755","is_ascension_mode":true,"campfire_choices":[{"data":"Searing Blow","floor":7,"key":"SMITH"}],"circlet_count":0,"master_deck":["AscendersBane","Strike_R","Strike_R","Strike_R","Strike_R","Strike_R","Defend_R","Defend_R","Defend_R","Defend_R","Bash","Searing Blow+1","Clothesline","Entrench","Sever Soul","Carnage","Perfected Strike"],"relics":["Snecko Eye","InkBottle","Incense Burner","Turnip"],"acts_visited":["Exordium"],"potions_floor_usage":[6,11,11],"damage_taken":[{"damage":10.0,"enemies":"Small Slimes","floor":1.0,"turns":4.0},{"damage":0.0,"enemies":"Cultist","floor":2.0,"turns":3.0},{"damage":0.0,"enemies":"Jaw Worm","floor":4.0,"turns":1.0},{"damage":0.0,"enemies":"Blue Slaver","floor":5.0,"turns":2.0},{"damage":6,"enemies":"Gremlin Nob","floor":6,"turns":3},{"damage":25,"enemies":"Lagavulin","floor":8,"turns":5},{"damage":40,"enemies":"3 Sentries","floor":11,"turns":5}],"seed_played":"1016752901316078555","potions_obtained":[{"floor":3.0,"key":"FearPotion"},{"floor":3.0,"key":"Ancient Potion"},{"floor":6,"key":"BloodPotion"}],"is_trial":false,"path_per_floor":["M","M","?","M","M","E","R","E","T","?","E"],"character_chosen":"IRONCLAD","items_purchased":[],"campfire_rested":0,"item_purchase_floors":[],"current_hp_per_floor":[58,58,58,58,58,52,52,27,27,16,0,0],"gold":263,"neow_bonus":"BOSS_RELIC","is_daily":false,"chose_seed":false,"campfire_upgraded":1,"win_rate":0.0,"timestamp":1611163675,"path_taken":["M","M","?","?","M","E","R","E","T","?","E"],"items_purchased_type":[],"build_version":"2020-12-22","purchased_purges":0,"victory":false,"max_hp_per_floor":[75,75,75,75,75,75,75,75,75,75,75,75],"relic_stats":{"counters":[7,23],"Snecko Eye":[25,45,43,36],"Turnip":[0],"obtain_stats":[{"Snecko Eye":0,"Turnip":9,"Incense Burner":8,"Burning Blood":0,"InkBottle":6},{"Snecko Eye":0,"Turnip":6,"Incense Burner":6,"Burning Blood":0,"InkBottle":5},{"Snecko Eye":0,"Turnip":18,"Incense Burner":18,"Burning Blood":0,"InkBottle":13}],"InkBottle":[2]},"card_choices":[{"not_picked":["Thunderclap","Reckless Charge"],"picked":"Searing Blow","floor":1.0},{"not_picked":["Flame Barrier","Flex"],"picked":"Clothesline","floor":2.0},{"not_picked":["Shrug It Off","Warcry"],"picked":"Entrench","floor":4.0},{"not_picked":["Entrench","Havoc"],"picked":"Sever Soul","floor":5.0},{"not_picked":["Armaments","Headbutt"],"picked":"Carnage","floor":6},{"not_picked":["Pummel","True Grit"],"picked":"Perfected Strike","floor":8}],"player_experience":2872515,"relics_obtained":[{"floor":6,"key":"InkBottle"},{"floor":8,"key":"Incense Burner"},{"floor":9,"key":"Turnip"}],"event_choices":[{"damage_healed":0.0,"max_hp_gain":0.0,"max_hp_loss":0.0,"gold_gain":0.0,"event_name":"The Woman in Blue","player_choice":"Bought 2 Potions","floor":3.0,"gold_loss":0.0,"damage_taken":0.0},{"damage_healed":0,"gold_gain":75,"player_choice":"Gather Gold","damage_taken":11,"max_hp_gain":0,"max_hp_loss":0,"event_name":"World of Goop","floor":10,"gold_loss":0}],"is_beta":false,"boss_relics":[],"items_purged_floors":[],"is_endless":false,"potions_floor_spawned":[4,6],"killed_by":"3 Sentries","ascension_level":20}}