{"host":"28p8ce41sjwa6lzf","time":1611154632,"event":{"mods":["BaseMod","Bestiary","Colored Map","Colored Powertips","Dark Map","Highlight Path","Minty Spire (QoL Compilation)","Permanent Neow","Quick Restart","Random Character Button","Rare Cards Sparkle","Relic Stats","StSLib","Unceasing Turn Reminder"],"gold_per_floor":[118,118,134,134,99,99,124,142,192,239,110,142,59,39,39,113,113,132,148,148,348,361,361,6,31,56,56,56],"floor_reached":27,"language":"ENG","playtime":1190,"items_purged":["Strike_B"],"score":474,"play_id":"8f7b7b5d-e1de-4801-baeb-3b45cccb9091","local_time":"20210120085712","is_ascension_mode":true,"campfire_choices":[{"data":"Cold Snap","floor":6.0,"key":"SMITH"},{"data":"Defragment","floor":15.0,"key":"SMITH"},{"floor":23,"key":"REST"}],"circlet_count":0,"master_deck":["AscendersBane","Strike_B","Strike_B","Defend_B","Defend_B","Defend_B","Defend_B","Zap+1","Dualcast","Cold Snap+1","Glacier+1","Loop","Capacitor","Loop","Defragment+1","Creative AI","Ball Lightning","Steam+1"],"relics":["Cracked Core","Strawberry","Nunchaku","Anchor","Regal Pillow","Inserter","Potion Belt","Mercury Hourglass","Vajra"],"acts_visited":["Exordium","TheCity"],"potions_floor_usage":[22,25,25],"damage_taken":[{"damage":4.0,"enemies":"2 Louse","floor":1.0,"turns":3.0},{"damage":5.0,"enemies":"Small Slimes","floor":3.0,"turns":4.0},{"damage":36.0,"enemies":"3 Sentries","floor":7.0,"turns":16.0},{"damage":0.0,"enemies":"Jaw Worm","floor":8.0,"turns":5.0},{"damage":4.0,"enemies":"Lagavulin","floor":12.0,"turns":7.0},{"damage":14.0,"enemies":"The Guardian","floor":16.0,"turns":13.0},{"damage":2.0,"enemies":"3 Byrds","floor":18.0,"turns":5.0},{"damage":12.0,"enemies":"Spheric Guardian","floor":19.0,"turns":6.0},{"damage":20,"enemies":"Chosen and Byrds","floor":22,"turns":10},{"damage":55,"enemies":"Book of Stabbing","floor":25,"turns":6},{"damage":13,"enemies":"Gremlin Leader","floor":27,"turns":2}],"seed_played":"-4635891547038155540","potions_obtained":[{"floor":8.0,"key":"DistilledChaos"},{"floor":12.0,"key":"FocusPotion"},{"floor":19.0,"key":"AttackPotion"}],"is_trial":false,"path_per_floor":["M","?","M","?","?","R","E","M","T","T","$","E","$","?","R","B",null,"M","M","?","?","M","R","$","E","T","E"],"character_chosen":"DEFECT","items_purchased":["Fire Potion","Defragment","Potion Belt","SkillPotion","EssenceOfSteel","BlessingOfTheForge"],"campfire_rested":1,"item_purchase_floors":[11,13,24,24,24,24],"current_hp_per_floor":[60,53,48,48,65,65,36,36,36,36,36,32,32,32,32,18,63,61,49,49,49,29,67,67,12,12,0,0],"gold":56,"neow_bonus":"UPGRADE_CARD","is_daily":false,"chose_seed":false,"campfire_upgraded":2,"win_rate":0.0,"timestamp":1611154632,"path_taken":["M","?","M","?","?","R","E","?","T","?","$","E","?","?","R","BOSS","M","M","?","?","M","R","$","E","T","E"],"items_purchased_type":["Potion","Card","Relic","Potion","Potion","Potion"],"build_version":"2020-12-22","purchased_purges":1,"victory":false,"max_hp_per_floor":[71,71,71,71,71,71,78,78,78,78,78,78,78,78,78,78,78,78,78,78,78,78,78,78,78,78,78,78],"relic_stats":{"Nunchaku":[4],"Regal Pillow":15,"Inserter":[14],"counters":[11,76],"obtain_stats":[{"Potion Belt":24,"Nunchaku":9,"Anchor":10,"Regal Pillow":12,"Inserter":17,"Strawberry":7,"Vajra":26,"Cracked Core":0,"Mercury Hourglass":25},{"Potion Belt":9,"Nunchaku":4,"Anchor":4,"Regal Pillow":5,"Inserter":6,"Strawberry":3,"Vajra":10,"Cracked Core":0,"Mercury Hourglass":10},{"Potion Belt":68,"Nunchaku":28,"Anchor":28,"Regal Pillow":35,"Inserter":48,"Strawberry":23,"Vajra":74,"Cracked Core":0,"Mercury Hourglass":74}],"Mercury Hourglass":[12]},"card_choices":[{"not_picked":["Steam","Sweeping Beam"],"picked":"Cold Snap","floor":1.0},{"not_picked":["Turbo","Auto Shields"],"picked":"Glacier","floor":3.0},{"not_picked":["Darkness","Reprogram"],"picked":"Loop","floor":7.0},{"not_picked":["Machine Learning","Compile Driver"],"picked":"Capacitor","floor":8.0},{"not_picked":["Turbo","Chill"],"picked":"Loop","floor":12.0},{"not_picked":["Multi-Cast","Hyperbeam"],"picked":"Creative AI","floor":16.0},{"not_picked":["Steam","Redo"],"picked":"Ball Lightning","floor":18.0},{"not_picked":["Go for the Eyes","Redo","Capacitor"],"picked":"SKIP","floor":19.0},{"not_picked":["Go for the Eyes","Barrage"],"picked":"Steam+1","floor":22},{"not_picked":["Compile Driver","Melter","Reprogram"],"picked":"SKIP","floor":25}],"player_experience":1158701,"relics_obtained":[{"floor":7.0,"key":"Strawberry"},{"floor":9.0,"key":"Nunchaku"},{"floor":10.0,"key":"Anchor"},{"floor":12.0,"key":"Regal Pillow"},{"floor":25,"key":"Mercury Hourglass"},{"floor":26,"key":"Vajra"}],"event_choices":[{"cards_removed":["Strike_B"],"damage_healed":0.0,"max_hp_gain":0.0,"max_hp_loss":0.0,"gold_gain":0.0,"event_name":"Golden Wing","player_choice":"Card Removal","floor":2.0,"gold_loss":0.0,"damage_taken":7.0},{"damage_healed":0.0,"max_hp_gain":0.0,"max_hp_loss":0.0,"gold_gain":0.0,"event_name":"Living Wall","player_choice":"Grow","floor":4.0,"gold_loss":0.0,"damage_taken":0.0,"cards_upgraded":["Glacier"]},{"damage_healed":17.0,"max_hp_gain":0.0,"max_hp_loss":0.0,"gold_gain":0.0,"event_name":"The Cleric","player_choice":"Healed","floor":5.0,"gold_loss":35.0,"damage_taken":0.0},{"damage_healed":0.0,"max_hp_gain":0.0,"max_hp_loss":0.0,"gold_gain":0.0,"event_name":"The Woman in Blue","player_choice":"Bought 1 Potion","floor":14.0,"gold_loss":0.0,"damage_taken":0.0},{"damage_healed":0.0,"max_hp_gain":0.0,"max_hp_loss":0.0,"gold_gain":0.0,"event_name":"Cursed Tome","player_choice":"Ignored","floor":20.0,"gold_loss":0.0,"damage_taken":0.0},{"damage_healed":0.0,"max_hp_gain":0.0,"max_hp_loss":0.0,"gold_gain":250.0,"event_name":"The Joust","player_choice":"Bet on Owner","floor":21.0,"gold_loss":50.0,"damage_taken":0.0}],"is_beta":false,"boss_relics":[{"not_picked":["SlaversCollar","Cursed Key"],"picked":"Inserter"}],"items_purged_floors":[11],"is_endless":false,"potions_floor_spawned":[8,12,16,19],"killed_by":"Gremlin Leader","ascension_level":20}}