{"host":"1c52r9kaxdyo25eq","time":1611158007,"event":{"mods":["AchievementEnabler","BaseMod","Minty Spire (QoL Compilation)","Rare Cards Sparkle","SuperFastMode","everything is the same but u backflip on backflip"],"gold_per_floor":[364,63,63,63,75,75,86,86,113,143,155,177,189,201,213,299,311,343,355,387,399,426,438,468,480,492,504,530,7,7,26,26,101,101,112,137,151,131,147,147,159,159,159],"floor_reached":42,"language":"KOR","playtime":1053,"items_purged":["Parasite","Defend_G"],"score":780,"play_id":"7f4ae413-7ec8-4203-ac75-90d8b3b4cd15","local_time":"20210121005327","is_ascension_mode":true,"campfire_choices":[{"data":"Blade Dance","floor":6.0,"key":"SMITH"},{"data":"Accuracy","floor":8.0,"key":"SMITH"},{"floor":15.0,"key":"REST"},{"data":"Terror","floor":23.0,"key":"SMITH"},{"floor":25.0,"key":"REST"},{"floor":27.0,"key":"REST"},{"data":"Prepared","floor":30.0,"key":"SMITH"},{"floor":32.0,"key":"REST"},{"data":"Acrobatics","floor":40,"key":"SMITH"}],"circlet_count":0,"master_deck":["AscendersBane","Strike_G","Strike_G","Strike_G","Strike_G","Strike_G","Defend_G+1","Defend_G","Defend_G","Defend_G","Survivor","Neutralize+1","Infinite Blades","Burst+1","Blade Dance+1","Accuracy+1","Acrobatics+1","Cloak And Dagger","Corpse Explosion","CurseOfTheBell","Terror+1","Tactician","Prepared+1","Adrenaline","Accuracy+1","Phantasmal Killer","Reflex+1","Prepared","Backflip+1"],"relics":["Ring of the Snake","Tiny Chest","MawBank","Question Card","Calling Bell","Happy Flower","Paper Crane","Turnip","Bag of Preparation","HornCleat","WristBlade"],"acts_visited":["Exordium","TheCity","TheBeyond"],"potions_floor_usage":[33,41,41,42],"damage_taken":[{"damage":3.0,"enemies":"2 Louse","floor":1.0,"turns":3.0},{"damage":4.0,"enemies":"Small Slimes","floor":5.0,"turns":4.0},{"damage":0.0,"enemies":"Cultist","floor":7.0,"turns":3.0},{"damage":4.0,"enemies":"Gremlin Gang","floor":10.0,"turns":4.0},{"damage":21.0,"enemies":"Exordium Wildlife","floor":12.0,"turns":4.0},{"damage":40.0,"enemies":"Slime Boss","floor":16.0,"turns":10.0},{"damage":0.0,"enemies":"3 Byrds","floor":18.0,"turns":2.0},{"damage":0.0,"enemies":"Chosen","floor":20.0,"turns":5.0},{"damage":26.0,"enemies":"Snecko","floor":22.0,"turns":8.0},{"damage":18.0,"enemies":"Snake Plant","floor":24.0,"turns":3.0},{"damage":4.0,"enemies":"3 Cultists","floor":28.0,"turns":4.0},{"damage":3.0,"enemies":"Cultist and Chosen","floor":31.0,"turns":6.0},{"damage":8,"enemies":"Automaton","floor":33,"turns":4},{"damage":11,"enemies":"3 Shapes","floor":35,"turns":8},{"damage":0,"enemies":"Orb Walker","floor":37,"turns":1},{"damage":23,"enemies":"4 Shapes","floor":39,"turns":7},{"damage":24,"enemies":"Writhing Mass","floor":41,"turns":5},{"damage":17,"enemies":"Transient","floor":42,"turns":6}],"seed_played":"-5812266618576269417","potions_obtained":[{"floor":7.0,"key":"ColorlessPotion"},{"floor":10.0,"key":"Swift Potion"},{"floor":28.0,"key":"Regen Potion"},{"floor":31.0,"key":"DistilledChaos"},{"floor":37,"key":"Explosive Potion"},{"floor":38,"key":"GhostInAJar"},{"floor":41,"key":"DistilledChaos"}],"is_trial":false,"path_per_floor":["M","$","?","?","M","R","M","R","T","M","?","M","?","T","R","B",null,"M","?","M","?","M","R","M","R","T","R","M","$","R","M","R","B",null,"M","T","M","?","M","R","M","M"],"character_chosen":"THE_SILENT","items_purchased":["Burst","Blade Dance","Adrenaline","HornCleat"],"campfire_rested":4,"item_purchase_floors":[2,2,29,29],"current_hp_per_floor":[56,56,51,32,28,28,28,28,28,24,45,24,24,24,42,2,48,48,48,48,48,22,22,4,22,22,40,36,36,36,33,51,43,58,47,47,47,47,24,24,14,0,0],"gold":159,"neow_bonus":"TWO_FIFTY_GOLD","is_daily":false,"chose_seed":false,"campfire_upgraded":5,"win_rate":0.0,"timestamp":1611158007,"path_taken":["M","$","?","?","M","R","M","R","T","M","?","M","?","?","R","BOSS","M","?","M","?","?","R","M","R","T","R","M","$","R","M","R","BOSS","M","?","M","?","M","R","M","?"],"items_purchased_type":["Card","Card","Card","Relic"],"build_version":"2020-12-22","purchased_purges":2,"victory":false,"max_hp_per_floor":[66,63,63,63,63,63,63,63,63,63,63,63,63,63,63,63,63,63,63,63,63,63,63,63,63,63,63,63,63,63,63,63,63,63,63,63,63,63,63,63,63,63,63],"card_choices":[{"not_picked":["Leg Sweep","Endless Agony"],"picked":"Infinite Blades","floor":1.0},{"not_picked":["Caltrops","Deflect","Underhanded Strike"],"picked":"SKIP","floor":5.0},{"not_picked":["Endless Agony","Acrobatics"],"picked":"Accuracy","floor":7.0},{"not_picked":["Dodge and Roll","Expertise"],"picked":"Acrobatics","floor":10.0},{"not_picked":["Outmaneuver","Underhanded Strike"],"picked":"Cloak And Dagger","floor":12.0},{"not_picked":["Storm of Steel","Adrenaline","Malaise"],"picked":"Corpse Explosion","floor":16.0},{"not_picked":["Deflect","Deadly Poison","All Out Attack+1","Cloak And Dagger"],"picked":"SKIP","floor":18.0},{"not_picked":["Sucker Punch","Cloak And Dagger","Deadly Poison","Unload"],"picked":"SKIP","floor":20.0},{"not_picked":["Eviscerate","Underhanded Strike","Bane"],"picked":"Terror","floor":22.0},{"not_picked":["Poisoned Stab","Setup","Skewer"],"picked":"Tactician","floor":24.0},{"not_picked":["Acrobatics","Deadly Poison","Slice+1"],"picked":"Prepared","floor":28.0},{"not_picked":["Outmaneuver","Prepared","Terror"],"picked":"Accuracy+1","floor":31.0},{"not_picked":["Malaise","Corpse Explosion","A Thousand Cuts"],"picked":"Phantasmal Killer","floor":33},{"not_picked":["Skewer","Poisoned Stab","Expertise"],"picked":"Reflex+1","floor":35},{"not_picked":["Dagger Throw","Underhanded Strike+1","Flying Knee"],"picked":"Prepared","floor":37},{"not_picked":["Infinite Blades","Backstab+1","Reflex+1","Dodge and Roll"],"picked":"SKIP","floor":39},{"not_picked":["Flying Knee","Setup","Slice"],"picked":"Backflip+1","floor":41}],"player_experience":600091,"relics_obtained":[{"floor":9.0,"key":"MawBank"},{"floor":14.0,"key":"Question Card"},{"floor":17.0,"key":"Happy Flower"},{"floor":17.0,"key":"Paper Crane"},{"floor":17.0,"key":"Turnip"},{"floor":26.0,"key":"Bag of Preparation"}],"event_choices":[{"damage_healed":0.0,"max_hp_gain":0.0,"max_hp_loss":0.0,"gold_gain":0.0,"event_name":"Scrap Ooze","player_choice":"Success","floor":3.0,"gold_loss":0.0,"damage_taken":5.0,"relics_obtained":["Tiny Chest"]},{"damage_healed":0.0,"max_hp_gain":0.0,"max_hp_loss":0.0,"gold_gain":0.0,"event_name":"Shining Light","player_choice":"Entered Light","floor":4.0,"gold_loss":0.0,"damage_taken":19.0,"cards_upgraded":["Defend_G","Neutralize"]},{"damage_healed":21.0,"max_hp_gain":0.0,"max_hp_loss":0.0,"gold_gain":0.0,"event_name":"Big Fish","player_choice":"Banana","floor":11.0,"gold_loss":0.0,"damage_taken":0.0},{"damage_healed":0.0,"max_hp_gain":0.0,"max_hp_loss":0.0,"gold_gain":0.0,"event_name":"Liars Game","player_choice":"Ignored","floor":13.0,"gold_loss":0.0,"damage_taken":0.0},{"damage_healed":0.0,"max_hp_gain":0.0,"max_hp_loss":0.0,"gold_gain":0.0,"event_name":"Cursed Tome","player_choice":"Ignored","floor":19.0,"gold_loss":0.0,"damage_taken":0.0},{"damage_healed":0.0,"max_hp_gain":0.0,"max_hp_loss":0.0,"gold_gain":0.0,"event_name":"Accursed Blacksmith","player_choice":"Forge","floor":21.0,"gold_loss":0.0,"damage_taken":0.0,"cards_upgraded":["Burst"]},{"damage_healed":0,"gold_gain":0,"player_choice":"Bought 1 Potion","damage_taken":0,"max_hp_gain":0,"max_hp_loss":0,"event_name":"The Woman in Blue","floor":38,"gold_loss":0}],"is_beta":false,"boss_relics":[{"not_picked":["Runic Dome","Velvet Choker"],"picked":"Calling Bell"},{"not_picked":["Busted Crown","Ring of the Serpent"],"picked":"WristBlade"}],"items_purged_floors":[2,29],"is_endless":false,"potions_floor_spawned":[7,10,16,18,28,31,37,41],"killed_by":"Transient","ascension_level":20}}