{"host":"70zhvo5nwrhp1mbg","time":1611112355,"event":{"mods":["BaseMod","Colored Map","Colored Powertips","Filter the Spire","Highlight Path","Minty Spire (QoL Compilation)","Rare Cards Sparkle","StSLib"],"gold_per_floor":[118,118,118,174,194,228,238,238,238,254,289,289,317,337,337,435,485,500,42,59,69,79,106,106,126,200,200,212,212,212,237,237,237,237],"floor_reached":33,"language":"ENG","playtime":3150,"items_purged":[],"score":489,"play_id":"d5127460-0af5-4027-8043-5a3c2fe6e1fb","local_time":"20210119221235","is_ascension_mode":true,"campfire_choices":[{"data":"Thunderclap","floor":8,"key":"SMITH"},{"data":"Body Slam","floor":15,"key":"SMITH"},{"floor":27,"key":"REST"},{"floor":29,"key":"REST"},{"floor":32,"key":"REST"}],"circlet_count":0,"master_deck":["Strike_R","Strike_R","Strike_R","Strike_R","Defend_R","Defend_R","Defend_R+1","Defend_R","Bash+1","Carnage","Battle Trance","Thunderclap+1","Headbutt","Body Slam+1","Evolve","Metallicize","Anger","Double Tap","Sword Boomerang","Shrug It Off","Shrug It Off","True Grit","Perfected Strike+1","Inflame+1","Metallicize+1","Corruption+1"],"relics":["Burning Blood","NeowsBlessing","Mercury Hourglass","PreservedInsect","Bottled Lightning","Self Forming Clay","Tiny House","Lee\u0027s Waffle","Question Card","Frozen Egg 2","MutagenicStrength","Ornamental Fan","Anchor"],"acts_visited":["Exordium","TheCity"],"potions_floor_usage":[11,11,16,16,16,21,23,33,33,33],"damage_taken":[{"damage":0,"enemies":"Jaw Worm","floor":1,"turns":1},{"damage":0,"enemies":"2 Louse","floor":5,"turns":1},{"damage":0,"enemies":"3 Sentries","floor":6,"turns":1},{"damage":0,"enemies":"Small Slimes","floor":7,"turns":2},{"damage":4,"enemies":"2 Fungi Beasts","floor":10,"turns":2},{"damage":0,"enemies":"Lagavulin","floor":11,"turns":3},{"damage":20,"enemies":"3 Sentries","floor":13,"turns":5},{"damage":0,"enemies":"3 Louse","floor":14,"turns":2},{"damage":41,"enemies":"Hexaghost","floor":16,"turns":9},{"damage":26,"enemies":"Spheric Guardian","floor":18,"turns":6},{"damage":0,"enemies":"Chosen","floor":20,"turns":4},{"damage":25,"enemies":"Shelled Parasite and Fungi","floor":21,"turns":5},{"damage":41,"enemies":"Snake Plant","floor":22,"turns":5},{"damage":28,"enemies":"Slavers","floor":23,"turns":4},{"damage":15,"enemies":"Centurion and Healer","floor":25,"turns":6},{"damage":18,"enemies":"Chosen and Byrds","floor":28,"turns":6},{"damage":28,"enemies":"Book of Stabbing","floor":31,"turns":5},{"damage":84,"enemies":"Collector","floor":33,"turns":6}],"seed_played":"9209668399689134048","potions_obtained":[{"floor":1,"key":"Swift Potion"},{"floor":6,"key":"Weak Potion"},{"floor":10,"key":"Fire Potion"},{"floor":11,"key":"Block Potion"},{"floor":14,"key":"Strength Potion"},{"floor":17,"key":"CultistPotion"},{"floor":18,"key":"Strength Potion"},{"floor":23,"key":"Ancient Potion"},{"floor":28,"key":"Strength Potion"}],"is_trial":false,"path_per_floor":["M","?","?","?","M","E","M","R","T","M","E","?","E","M","R","B",null,"M","$","M","M","M","E","?","M","T","R","M","R","?","E","R","B"],"character_chosen":"IRONCLAD","items_purchased":["Lee\u0027s Waffle","Question Card","AttackPotion"],"campfire_rested":3,"item_purchase_floors":[19,19,19],"current_hp_per_floor":[78,78,83,83,85,85,85,85,85,85,85,85,71,77,77,42,79,59,97,97,78,43,21,21,12,12,41,29,58,58,36,65,0,0],"gold":237,"neow_bonus":"THREE_ENEMY_KILL","is_daily":false,"chose_seed":false,"campfire_upgraded":2,"win_rate":0.0,"timestamp":1611112355,"path_taken":["M","?","?","?","M","E","M","R","T","M","E","?","E","M","R","BOSS","M","$","M","M","M","E","?","M","T","R","M","R","?","E","R","BOSS"],"items_purchased_type":["Relic","Relic","Potion"],"build_version":"2020-12-22","purchased_purges":0,"victory":false,"max_hp_per_floor":[80,80,85,85,85,85,85,85,85,85,85,85,85,85,85,85,90,90,97,97,97,97,97,97,97,97,97,97,97,97,97,97,97,97],"card_choices":[{"not_picked":["Infernal Blade","Disarm"],"picked":"Carnage","floor":1},{"not_picked":["Dropkick","Hemokinesis"],"picked":"Battle Trance","floor":5},{"not_picked":["Combust","True Grit"],"picked":"Thunderclap","floor":6},{"not_picked":["Combust","Shockwave"],"picked":"Headbutt","floor":7},{"not_picked":["Intimidate","Armaments"],"picked":"Body Slam","floor":10},{"not_picked":["Cleave","Ghostly Armor"],"picked":"Evolve","floor":11},{"not_picked":["Havoc","Sentinel"],"picked":"Metallicize","floor":13},{"not_picked":["Evolve","Shrug It Off"],"picked":"Anger","floor":14},{"not_picked":["Limit Break","Berserk"],"picked":"Double Tap","floor":16},{"not_picked":["Second Wind","Havoc"],"picked":"Sword Boomerang","floor":17},{"not_picked":["Armaments+1","Twin Strike"],"picked":"Shrug It Off","floor":18},{"not_picked":["Feel No Pain+1","Twin Strike","Disarm"],"picked":"Shrug It Off","floor":20},{"not_picked":["Armaments+1","Clash","Infernal Blade"],"picked":"True Grit","floor":21},{"not_picked":["Uppercut","Thunderclap","Sword Boomerang"],"picked":"Perfected Strike+1","floor":22},{"not_picked":["Reckless Charge","Hemokinesis","Pummel"],"picked":"Inflame+1","floor":23},{"not_picked":["Pommel Strike+1","Thunderclap","Searing Blow"],"picked":"Metallicize+1","floor":25},{"not_picked":["Bloodletting","Armaments+1","Clothesline","Reckless Charge"],"picked":"SKIP","floor":28},{"not_picked":["Warcry","Clothesline+1","Dropkick"],"picked":"Corruption+1","floor":31}],"player_experience":387695,"relics_obtained":[{"floor":6,"key":"Mercury Hourglass"},{"floor":9,"key":"PreservedInsect"},{"floor":11,"key":"Bottled Lightning"},{"floor":13,"key":"Self Forming Clay"},{"floor":23,"key":"Frozen Egg 2"},{"floor":26,"key":"Ornamental Fan"},{"floor":31,"key":"Anchor"}],"event_choices":[{"damage_healed":0,"gold_gain":0,"player_choice":"Grow","damage_taken":0,"max_hp_gain":0,"max_hp_loss":0,"event_name":"Living Wall","floor":2,"gold_loss":0,"cards_upgraded":["Bash"]},{"damage_healed":0,"gold_gain":0,"player_choice":"Donut","damage_taken":0,"max_hp_gain":5,"max_hp_loss":0,"event_name":"Big Fish","floor":3,"gold_loss":0},{"damage_healed":0,"gold_gain":56,"player_choice":"Gained Gold","damage_taken":0,"max_hp_gain":0,"max_hp_loss":0,"event_name":"Golden Wing","floor":4,"gold_loss":0},{"damage_healed":0,"gold_gain":0,"player_choice":"Leave","damage_taken":0,"max_hp_gain":0,"max_hp_loss":0,"event_name":"The Cleric","floor":12,"gold_loss":0},{"damage_healed":0,"gold_gain":0,"player_choice":"Inject Mutagens","damage_taken":0,"relics_obtained":["MutagenicStrength"],"max_hp_gain":0,"max_hp_loss":0,"event_name":"Drug Dealer","floor":24,"gold_loss":0},{"cards_removed":["Strike_R"],"damage_healed":0,"gold_gain":0,"player_choice":"Purged","damage_taken":0,"max_hp_gain":0,"max_hp_loss":0,"event_name":"Purifier","floor":30,"gold_loss":0}],"is_beta":false,"boss_relics":[{"not_picked":["Philosopher\u0027s Stone","SlaversCollar"],"picked":"Tiny House"}],"items_purged_floors":[],"is_endless":false,"potions_floor_spawned":[1,6,10,11,14,18,20,23,28],"killed_by":"Collector","ascension_level":6}}