{"host":"9d9dhukr2jywmy0f","time":1611133313,"event":{"mods":["2.2 Compatiblity","Alarm Clock","BaseMod","Bestiary","Block Reminder","Colored Map","Colored Powertips","Curses Come First","DeckTracker","Highlight Path","Key Reminder","Minty Spire (QoL Compilation)","Quick Restart","Rare Cards Sparkle","Relic Sorter","Relic Stats","Spire Birthday Party","StSLib","SuperFastMode","Synergy Search","The Poker Player","Unceasing Turn Reminder","Unknown Chances"],"gold_per_floor":[113,113,38,50,50,50,84,84,84,84,96,116,116,129,129,232,232,243,258,3,23,33,33,33,33,33,33],"floor_reached":25,"language":"ZHS","playtime":828,"items_purged":["PokerPlayerMod:Diamond1","PokerPlayerMod:Club1"],"score":353,"play_id":"bdefa8f1-8f60-40a5-b49d-e590e095bd43","local_time":"20210120170153","is_ascension_mode":true,"metric_token":1494,"campfire_choices":[{"data":"PokerPlayerMod:Mulligan","floor":6.0,"key":"SMITH"},{"data":"PokerPlayerMod:Raise","floor":8.0,"key":"SMITH"},{"data":"PokerPlayerMod:BadJoker","floor":13.0,"key":"SMITH"},{"data":"PokerPlayerMod:TrumpStrike","floor":15.0,"key":"SMITH"},{"data":"PokerPlayerMod:Harden","floor":23.0,"key":"SMITH"}],"circlet_count":0,"master_deck":["AscendersBane","PokerPlayerMod:Diamond3","PokerPlayerMod:Diamond4","PokerPlayerMod:Diamond5","PokerPlayerMod:Spade2","PokerPlayerMod:Spade6","PokerPlayerMod:Spade4","PokerPlayerMod:Club5","PokerPlayerMod:Heart2","PokerPlayerMod:TrumpStrike+1","PokerPlayerMod:BadJoker+1","PokerPlayerMod:Mulligan+1","PokerPlayerMod:Raise+1","PokerPlayerMod:Diamond9","PokerPlayerMod:Diamond10+","CurseOfTheBell","PokerPlayerMod:FillThePot+1","PokerPlayerMod:Harden+1","PokerPlayerMod:Club8","PokerPlayerMod:Spade8","PokerPlayerMod:JackOfSpades"],"relics":["PokerPlayerMod:DeckCase","NeowsBlessing","Gambling Chip","Bronze Scales","keyreminder:keyreminder","Calling Bell","Tiny Chest","Shuriken","Shovel","PokerPlayerMod:PenAndEraser"],"acts_visited":["Exordium","TheCity"],"potions_floor_usage":[],"damage_taken":[{"damage":0.0,"enemies":"Small Slimes","floor":1.0,"turns":1.0},{"damage":0.0,"enemies":"Jaw Worm","floor":4.0,"turns":1.0},{"damage":0.0,"enemies":"Gremlin Nob","floor":7.0,"turns":1.0},{"damage":0.0,"enemies":"2 Louse","floor":11.0,"turns":1.0},{"damage":10.0,"enemies":"Gremlin Gang","floor":12.0,"turns":2.0},{"damage":6.0,"enemies":"Blue Slaver","floor":14.0,"turns":2.0},{"damage":10.0,"enemies":"Slime Boss","floor":16.0,"turns":6.0},{"damage":20.0,"enemies":"Shell Parasite","floor":18.0,"turns":4.0},{"damage":19.0,"enemies":"Spheric Guardian","floor":19.0,"turns":4.0},{"damage":4.0,"enemies":"3 Cultists","floor":21.0,"turns":4.0},{"damage":0.0,"enemies":"Sentry and Sphere","floor":22.0,"turns":3.0},{"damage":13,"enemies":"Centurion and Healer","floor":25,"turns":1}],"seed_played":"-7691517209296908923","potions_obtained":[{"floor":4.0,"key":"CultistPotion"},{"floor":12.0,"key":"SpeedPotion"},{"floor":14.0,"key":"LiquidBronze"},{"floor":16.0,"key":"EntropicBrew"},{"floor":22.0,"key":"GamblersBrew"}],"is_trial":false,"path_per_floor":["M","?","$","M","?","R","E","R","T","$","M","M","R","M","R","B",null,"M","M","$","M","M","R","?","M"],"character_chosen":"THE_POKER_PLAYER","items_purchased":["PokerPlayerMod:PenAndEraser"],"campfire_rested":0,"item_purchase_floors":[20],"current_hp_per_floor":[47,40,40,40,33,33,37,37,37,37,37,27,27,27,27,22,45,29,10,10,9,11,11,11,0,0,0],"gold":33,"neow_bonus":"THREE_ENEMY_KILL","is_daily":false,"chose_seed":false,"campfire_upgraded":5,"win_rate":0.0,"timestamp":1611133313,"path_taken":["M","?","$","M","?","R","E","R","T","$","M","M","R","M","R","BOSS","M","M","$","M","M","R","?","M"],"items_purchased_type":["Relic"],"build_version":"2020-11-30","purchased_purges":2,"victory":false,"max_hp_per_floor":[52,52,52,52,52,52,52,52,52,52,52,52,52,52,52,52,52,52,52,52,52,52,52,52,52,52,52],"relic_stats":{"Shovel":0,"counters":[12,30],"Shuriken":[0],"Gambling Chip":[23],"Bronze Scales":[45],"Tiny Chest":0,"obtain_stats":[{"keyreminder:keyreminder":9,"Calling Bell":17,"PokerPlayerMod:DeckCase":0,"Shovel":17,"NeowsBlessing":0,"PokerPlayerMod:PenAndEraser":20,"Shuriken":17,"Gambling Chip":5,"Bronze Scales":7,"Tiny Chest":17},{"keyreminder:keyreminder":3,"Calling Bell":7,"PokerPlayerMod:DeckCase":0,"Shovel":7,"NeowsBlessing":0,"PokerPlayerMod:PenAndEraser":9,"Shuriken":7,"Gambling Chip":2,"Bronze Scales":3,"Tiny Chest":7},{"keyreminder:keyreminder":3,"Calling Bell":14,"PokerPlayerMod:DeckCase":0,"Shovel":14,"NeowsBlessing":0,"PokerPlayerMod:PenAndEraser":22,"Shuriken":14,"Gambling Chip":2,"Bronze Scales":3,"Tiny Chest":14}]},"card_choices":[{"not_picked":["PokerPlayerMod:Spade3","PokerPlayerMod:Diamond4"],"picked":"PokerPlayerMod:Raise","floor":1.0},{"not_picked":["PokerPlayerMod:Spade2","PokerPlayerMod:Club3"],"picked":"PokerPlayerMod:Diamond9","floor":4.0},{"not_picked":["PokerPlayerMod:Fold","PokerPlayerMod:HotShotCut","PokerPlayerMod:Configure"],"picked":"SKIP","floor":7.0},{"not_picked":["PokerPlayerMod:Spade3","PokerPlayerMod:Heart2","PokerPlayerMod:HotShotCut"],"picked":"SKIP","floor":11.0},{"not_picked":["PokerPlayerMod:Duplicate","PokerPlayerMod:DiamondStrike"],"picked":"PokerPlayerMod:FillThePot","floor":12.0},{"not_picked":["PokerPlayerMod:Spade3","PokerPlayerMod:ClubsClub","PokerPlayerMod:MagicTrick"],"picked":"SKIP","floor":14.0},{"not_picked":["PokerPlayerMod:Spade7","PokerPlayerMod:WasteCollection"],"picked":"PokerPlayerMod:Diamond10+","floor":16.0},{"not_picked":["PokerPlayerMod:DartThrow","PokerPlayerMod:Heart1"],"picked":"PokerPlayerMod:FillThePot+1","floor":18.0},{"not_picked":["PokerPlayerMod:Sharpen","PokerPlayerMod:DartThrow+1","PokerPlayerMod:SpadeStrike"],"picked":"SKIP","floor":19.0},{"not_picked":["PokerPlayerMod:Spade2","PokerPlayerMod:Club1"],"picked":"PokerPlayerMod:Harden","floor":21.0},{"not_picked":["PokerPlayerMod:Harden","PokerPlayerMod:Configure"],"picked":"PokerPlayerMod:Club8","floor":22.0}],"player_experience":888091,"relics_obtained":[{"floor":7.0,"key":"Bronze Scales"},{"floor":17.0,"key":"Tiny Chest"},{"floor":17.0,"key":"Shuriken"},{"floor":17.0,"key":"Shovel"}],"event_choices":[{"cards_removed":["PokerPlayerMod:Spade1"],"damage_healed":0.0,"max_hp_gain":0.0,"max_hp_loss":0.0,"gold_gain":0.0,"event_name":"Golden Wing","player_choice":"Card Removal","floor":2.0,"gold_loss":0.0,"damage_taken":7.0},{"damage_healed":0.0,"max_hp_gain":0.0,"max_hp_loss":0.0,"gold_gain":0.0,"event_name":"Scrap Ooze","player_choice":"Success","floor":5.0,"gold_loss":0.0,"damage_taken":7.0,"relics_obtained":["Gambling Chip"]},{"damage_healed":0.0,"max_hp_gain":0.0,"max_hp_loss":0.0,"gold_gain":0.0,"cards_transformed":["PokerPlayerMod:Diamond2","PokerPlayerMod:FillThePot"],"event_name":"Drug Dealer","player_choice":"Became Test Subject","floor":24.0,"gold_loss":0.0,"damage_taken":0.0,"cards_obtained":["PokerPlayerMod:Spade8","PokerPlayerMod:JackOfSpades"]}],"is_beta":false,"boss_relics":[{"not_picked":["SlaversCollar","Coffee Dripper"],"picked":"Calling Bell"}],"items_purged_floors":[3,20],"is_endless":false,"potions_floor_spawned":[4,12,14,16,22],"killed_by":"Centurion and Healer","ascension_level":11}}