{"host":"0wmeqr6jlf4kz37n","time":1611166238,"event":{"mods":["Act Like it!","BaseMod","Downfall","Minty Spire (QoL Compilation)","Quick Restart","StSLib","TestMod","vexMod"],"gold_per_floor":[99,115,125,140,160,60,83,83,111,129,129,168,168,188,211,315,315,215,233,250,269,9,9,59,84,110,10,47,47,47,47,59,166,166,166,84,104,125,153,153,176,230,263,238,264,264,155,195,214,214,214,252,45,45,45,45],"floor_reached":57,"language":"ZHS","playtime":2900,"items_purged":["Bite","hexamod:Defend","hexamod:Defend"],"score":1396,"play_id":"0d5c180d-acef-431f-96b8-03db7a934522","local_time":"20210121021038","is_ascension_mode":false,"campfire_choices":[{"floor":1,"key":"RECALL"},{"data":"hexamod:NightmareStrike","floor":6,"key":"SMITH"},{"data":"hexamod:ParanormalForm","floor":18,"key":"SMITH"},{"data":"hexamod:Float","floor":23,"key":"SMITH"},{"data":"hexamod:PowerFromBeyond","floor":27,"key":"SMITH"},{"data":"hexamod:PowerFromBeyond","floor":29,"key":"SMITH"},{"data":"hexamod:GiftsFromTheDead","floor":35,"key":"SMITH"},{"data":"expansioncontent:StudyTheSpire","floor":54,"key":"SMITH"}],"circlet_count":0,"master_deck":["hexamod:Defend","hexamod:Defend","hexamod:Float+1","hexamod:FirstSeal","hexamod:NightmareStrike+1","hexamod:SecondSeal","hexamod:GhostLash","hexamod:PowerFromBeyond+1","hexamod:NightmareGuise","hexamod:FourthSeal","hexamod:GhostShield","hexamod:GhostShield","hexamod:ParanormalForm+1","hexamod:GhostLash","hexamod:GhostShield+1","hexamod:SpectersWail","hexamod:Hexaguard","hexamod:PowerFromBeyond+1","Bite","Bite","Bite","Bite","hexamod:GiftsFromTheDead+1","hexamod:SpectersWail+1","hexamod:RecurringNightmare+1","hexamod:RetreatToShadows","expansioncontent:StudyTheSpire+1","expansioncontent:LastStand","hexamod:TimeOfNeed","testmod-RabbitOfFibonacci"],"relics":["hexamod:SpiritBrand","testmod-TestBox","testmod-Fanaticism","downfall:HeartBlessingRed","Anchor","testmod-TurbochargingSystem","Singing Bowl","vexMod:Dragonfruit","vexMod:TanglingVine","downfall:HeartBlessingGreen","HornCleat","downfall:HeartBlessingBlue","Lantern","testmod-SaigiyounoYou","Vajra","Calipers","Nunchaku","vexMod:MemoryStick","vexMod:InvisibilityCloak"],"acts_visited":["Exordium","TheCity","TheBeyond","TheEnding"],"potions_floor_usage":[5,16,16,20,20,21,21,22,26,28,32,33,33,36,42,42,48,49,50,55,55,55],"damage_taken":[{"damage":0,"enemies":"Cultist","floor":2,"turns":3},{"damage":12,"enemies":"Jaw Worm","floor":3,"turns":2},{"damage":0,"enemies":"Small Slimes","floor":4,"turns":2},{"damage":11,"enemies":"Lots of Slimes","floor":5,"turns":3},{"damage":25,"enemies":"Lagavulin","floor":9,"turns":4},{"damage":10,"enemies":"Exordium Thugs","floor":10,"turns":3},{"damage":3,"enemies":"3 Sentries","floor":12,"turns":4},{"damage":0,"enemies":"2 Fungi Beasts","floor":14,"turns":3},{"damage":5,"enemies":"3 Louse","floor":15,"turns":4},{"damage":0,"enemies":"WA_ARCHETYPE_RETAIN","floor":16,"turns":4},{"damage":32,"enemies":"Spheric Guardian","floor":19,"turns":4},{"damage":0,"enemies":"Shell Parasite","floor":20,"turns":3},{"damage":9,"enemies":"Shelled Parasite and Fungi","floor":21,"turns":2},{"damage":0,"enemies":"downfall:FleeingMerchant","floor":22,"turns":4},{"damage":12,"enemies":"Snecko","floor":25,"turns":5},{"damage":0,"enemies":"Cultist and Chosen","floor":26,"turns":4},{"damage":15,"enemies":"Gremlin Leader","floor":28,"turns":5},{"damage":0,"enemies":"Shelled Parasite and Fungi","floor":32,"turns":3},{"damage":40,"enemies":"DF_ARCHETYPE_CLAW","floor":33,"turns":7},{"damage":2,"enemies":"downfall:FleeingMerchant","floor":36,"turns":4},{"damage":0,"enemies":"3 Darklings","floor":37,"turns":3},{"damage":11,"enemies":"Orb Walker","floor":38,"turns":3},{"damage":4,"enemies":"Maw","floor":39,"turns":5},{"damage":25,"enemies":"2 Orb Walkers","floor":42,"turns":2},{"damage":31,"enemies":"Giant Head","floor":43,"turns":7},{"damage":0,"enemies":"Transient","floor":45,"turns":5},{"damage":0,"enemies":"downfall:FleeingMerchant","floor":47,"turns":2},{"damage":20,"enemies":"Reptomancer","floor":48,"turns":5},{"damage":10,"enemies":"Writhing Mass","floor":49,"turns":3},{"damage":9,"enemies":"SI_POISON_ARCHETYPE","floor":50,"turns":6},{"damage":39,"enemies":"downfall:CharBossMerchant","floor":52,"turns":7},{"damage":46,"enemies":"downfall:NeowBoss","floor":55,"turns":14},{"damage":169,"enemies":"downfall:NeowBossFinal","floor":56,"turns":10}],"seed_played":"-7580757415772036964","potions_obtained":[{"floor":3,"key":"LiquidMemories"},{"floor":4,"key":"Weak Potion"},{"floor":9,"key":"Fire Potion"},{"floor":12,"key":"Fire Potion"},{"floor":12,"key":"SmokeBomb"},{"floor":14,"key":"testmod-EscapePotion"},{"floor":16,"key":"Regen Potion"},{"floor":19,"key":"Fire Potion"},{"floor":19,"key":"ColorlessPotion"},{"floor":20,"key":"FearPotion"},{"floor":20,"key":"bronze:BurnAndBuffPotion"},{"floor":22,"key":"Weak Potion"},{"floor":25,"key":"Fire Potion"},{"floor":25,"key":"SkillPotion"},{"floor":26,"key":"bronze:BurnAndBuffPotion"},{"floor":28,"key":"Dexterity Potion"},{"floor":33,"key":"Fire Potion"},{"floor":33,"key":"DistilledChaos"},{"floor":36,"key":"hexamod:EctoCoolerPotion"},{"floor":37,"key":"Guardian:BlockOnCardUsePotion"},{"floor":38,"key":"DuplicationPotion"},{"floor":39,"key":"Swift Potion"},{"floor":42,"key":"Slimebound:ThreeZeroPotion"},{"floor":43,"key":"Slimebound:ThreeZeroPotion"},{"floor":48,"key":"Strength Potion"},{"floor":52,"key":"ColorlessPotion"},{"floor":52,"key":"Fire Potion"}],"is_trial":false,"path_per_floor":["R","M","M","M","M","R","T","?","E","M","?","E","?","M","M","B",null,"R","M","M","M","$","R","T","M","M","R","E","R","?","?","M","B",null,"R","$","M","M","M","?","T","?","E","?","M","?","$","E","M","B",null,"E","$","R","B","B",null],"character_chosen":"THE_SPIRIT","items_purchased":["HornCleat","hexamod:RetreatToShadows","expansioncontent:StudyTheSpire","expansioncontent:LastStand","testmod-RabbitOfFibonacci"],"campfire_rested":0,"item_purchase_floors":[22,47,47,47,53],"current_hp_per_floor":[77,77,77,77,76,76,76,76,67,68,68,77,57,64,67,74,84,84,59,77,78,85,85,85,86,88,98,93,93,68,68,68,70,70,70,70,72,74,76,76,76,76,78,78,80,160,162,164,166,166,166,166,166,166,166,166],"gold":45,"neow_bonus":"TEN_PERCENT_HP_BONUS","is_daily":false,"chose_seed":false,"campfire_upgraded":7,"win_rate":0.0,"timestamp":1611166238,"path_taken":["R","M","M","M","?","R","T","?","E","M","?","E","?","M","M","BOSS","R","M","M","M","$","R","T","M","M","R","E","R","?","?","M","BOSS","R","$","M","M","?","?","T","?","E","?","M","?","?","E","M","BOSS","E","$","R","BOSS","BOSS"],"items_purchased_type":["Relic","Card","Card","Card","Card"],"build_version":"2020-12-22","purchased_purges":3,"victory":true,"max_hp_per_floor":[77,77,77,77,77,77,77,77,77,77,77,79,84,84,84,84,84,84,84,86,86,86,86,86,86,88,98,98,98,68,68,68,70,70,70,70,72,74,76,76,76,76,78,78,80,160,162,164,166,166,166,166,166,166,166,166],"card_choices":[{"not_picked":["hexamod:GhostLash","hexamod:GhostflameBarrier"],"picked":"hexamod:FirstSeal","floor":2},{"not_picked":["hexamod:Rewind","hexamod:ChargedBarrage"],"picked":"hexamod:NightmareStrike","floor":3},{"not_picked":["hexamod:InspiringFlames","hexamod:PhantomFireball"],"picked":"hexamod:SecondSeal","floor":4},{"not_picked":["hexamod:GhostShield","hexamod:SoulSteal"],"picked":"hexamod:GhostLash","floor":5},{"not_picked":["hexamod:HeatCrush","hexamod:Rewind"],"picked":"hexamod:PowerFromBeyond","floor":9},{"not_picked":["hexamod:BacktrackSmack","hexamod:ExtraCrispy"],"picked":"hexamod:NightmareGuise","floor":10},{"not_picked":["hexamod:FlamesFromBeyond","hexamod:WildfireWeapon","hexamod:SpectralAdrenaline"],"picked":"Singing Bowl","floor":12},{"not_picked":["hexamod:NightmareGuise","hexamod:SpectersWail"],"picked":"hexamod:GhostShield","floor":14},{"not_picked":["hexamod:FastForward","hexamod:AdvancingGuard"],"picked":"hexamod:GhostShield","floor":15},{"not_picked":["hexamod:UnlimitedPower","hexamod:ApocalypseNow"],"picked":"hexamod:ParanormalForm","floor":16},{"not_picked":["hexamod:SuperheatedStrike+1","hexamod:ShieldOfDarkness"],"picked":"hexamod:GhostLash","floor":19},{"not_picked":["hexamod:ThermalTransfer","hexamod:InspiringFlames","hexamod:HauntingEcho"],"picked":"Singing Bowl","floor":20},{"not_picked":["hexamod:InspiringFlames","hexamod:BacktrackSmack"],"picked":"hexamod:GhostShield+1","floor":21},{"not_picked":["hexamod:StepThrough+1","hexamod:GhostShield+1"],"picked":"hexamod:SpectersWail","floor":22},{"not_picked":["hexamod:NightmareStrike","hexamod:HeatShield+1"],"picked":"hexamod:Hexaguard","floor":25},{"not_picked":["hexamod:ThermalTransfer+1","hexamod:HeatMetal","hexamod:InspiringFlames"],"picked":"Singing Bowl","floor":26},{"not_picked":["hexamod:HauntingEcho+1","hexamod:NightmareGuise"],"picked":"hexamod:PowerFromBeyond","floor":28},{"not_picked":["hexamod:AdvancingGuard","hexamod:HeatMetal"],"picked":"hexamod:GiftsFromTheDead","floor":32},{"not_picked":["hexamod:HexaLevel","hexamod:UnlimitedPower","hexamod:FlameSwitch"],"picked":"Singing Bowl","floor":33},{"not_picked":["hexamod:Hexaguard+1","hexamod:ThermalTransfer"],"picked":"hexamod:SpectersWail+1","floor":36},{"not_picked":["hexamod:BurningTouch+1","hexamod:Hexaguard","hexamod:ThirdSeal"],"picked":"Singing Bowl","floor":37},{"not_picked":["hexamod:SuperheatedStrike","hexamod:InspiringFlames","hexamod:NightmareGuise"],"picked":"Singing Bowl","floor":38},{"not_picked":["hexamod:ChargedBarrage+1","hexamod:BacktrackSmack","hexamod:ThermalTransfer"],"picked":"Singing Bowl","floor":39},{"not_picked":["hexamod:ShieldOfDarkness+1","hexamod:NightmareStrike+1"],"picked":"hexamod:RecurringNightmare+1","floor":42},{"not_picked":["hexamod:ChargedBarrage","hexamod:PhantomCloak","hexamod:WildfireWeapon"],"picked":"Singing Bowl","floor":43},{"not_picked":["hexamod:SpectralSpark+1","hexamod:SpectersWail","hexamod:SoulSteal+1"],"picked":"Singing Bowl","floor":45},{"not_picked":["hexamod:GhostShield+1","hexamod:Hexaguard+1","hexamod:ThirdSeal"],"picked":"Singing Bowl","floor":47},{"not_picked":["hexamod:GhostflameBarrier+1","hexamod:SearingWound","hexamod:HeatCrush"],"picked":"Singing Bowl","floor":48},{"not_picked":["hexamod:PowerFromBeyond","hexamod:GhostLash","hexamod:RetreatToShadows"],"picked":"Singing Bowl","floor":49},{"not_picked":["hexamod:HauntingEcho+1","hexamod:SecondSeal"],"picked":"hexamod:TimeOfNeed","floor":52}],"player_experience":279863,"relics_obtained":[{"floor":7,"key":"Anchor"},{"floor":9,"key":"testmod-TurbochargingSystem"},{"floor":12,"key":"Singing Bowl"},{"floor":28,"key":"Lantern"},{"floor":41,"key":"Vajra"},{"floor":42,"key":"Calipers"},{"floor":43,"key":"Nunchaku"},{"floor":48,"key":"vexMod:MemoryStick"},{"floor":52,"key":"vexMod:InvisibilityCloak"}],"event_choices":[{"damage_healed":0,"gold_gain":0,"player_choice":"Success","damage_taken":25,"relics_obtained":["vexMod:Dragonfruit"],"max_hp_gain":0,"max_hp_loss":0,"event_name":"Scrap Ooze","floor":13,"gold_loss":0},{"damage_healed":0,"gold_gain":0,"player_choice":"Became a vampire","damage_taken":0,"max_hp_gain":0,"max_hp_loss":30,"event_name":"Vampires","floor":30,"gold_loss":0,"cards_obtained":["Bite","Bite","Bite","Bite","Bite"]},{"cards_removed":["hexamod:Sear"],"damage_healed":0,"gold_gain":0,"player_choice":"Offered Basic","damage_taken":0,"max_hp_gain":0,"max_hp_loss":0,"event_name":"Bonfire Elementals","floor":31,"gold_loss":0},{"damage_healed":0,"gold_gain":0,"player_choice":"Fight","damage_taken":0,"max_hp_gain":0,"max_hp_loss":0,"event_name":"Mysterious Sphere","floor":42,"gold_loss":0},{"damage_healed":0,"gold_gain":0,"player_choice":"Swap Relic","damage_taken":0,"relics_obtained":["testmod-HarvestTotem"],"max_hp_gain":0,"max_hp_loss":0,"event_name":"给自己的盒子","floor":46,"relics_lost":["testmod-HarvestTotem"],"gold_loss":0}],"is_beta":false,"boss_relics":[{"not_picked":["Pandora\u0027s Box","vexMod:ImprovementManual"],"picked":"vexMod:TanglingVine"},{"not_picked":["testmod-NegativeEmotionEnhancer","Black Star"],"picked":"testmod-SaigiyounoYou"}],"items_purged_floors":[36,47,53],"is_endless":false,"potions_floor_spawned":[3,4,9,12,19,20,25,33,37,38,39,45,48,52],"ascension_level":0}}