{"host":"och2iitg9ibgz06n","time":1611179606,"event":{"mods":["Abigail Mod","AchievementEnabler","Aspiration","BaseMod","Colored Powertips","Dio Mod","Hubris","Hyrulean Relics","Infinite Spire","Minty Spire (QoL Compilation)","Replay The Spire","Small Relic Pack","StSLib","The Animator","The Bug Knight","The Hierophant","The Jungle","The Saiyan","TheHero","Wandering Minibosses","everything is the same but u backflip on backflip","slay the spire mod where everything is the same but ironclad has a cowboy hat","vexMod"],"gold_per_floor":[115,128,183,202,219,244,173,208,257,257,289,302,302,302,302,398,398,549,567,766,783,783,813,813,841,841,870,880,880,956,1147,1147,1244,1244,1259,1278,1430,1447,0,34,34,61,138,172,172,199,199,225,225,225,225,225,37,70,0,0],"floor_reached":55,"language":"ENG","playtime":2495,"items_purged":[],"score":1047,"play_id":"a18fb0df-d985-48f0-a482-aee5aa192718","local_time":"20210120155326","is_ascension_mode":true,"campfire_choices":[{"floor":10.0,"key":"REST"},{"floor":13.0,"key":"REST"},{"floor":15.0,"key":"REST"},{"floor":24.0,"key":"REST"},{"floor":29.0,"key":"RECALL"},{"floor":32.0,"key":"REST"},{"data":"dioMod:Muda","floor":41.0,"key":"SMITH"},{"floor":45.0,"key":"REST"},{"data":"dioMod:MudaMudaMuda","floor":47.0,"key":"SMITH"},{"floor":49.0,"key":"REST"},{"data":"dioMod:DominatingPresence","floor":52.0,"key":"SMITH"}],"circlet_count":0,"master_deck":["dioMod:Strike","dioMod:Strike","dioMod:Strike","dioMod:Strike","Bite+1","dioMod:Defend","dioMod:Defend","dioMod:Defend","dioMod:Defend","dioMod:VengefulMuda","dioMod:LaserVision","dioMod:StreetSign","dioMod:BloodTransfusion","dioMod:DaggerToss","dioMod:Muda+1","dioMod:MudaMudaMuda+1","dioMod:DaggerSpree","dioMod:TripleThreat","dioMod:TripleThreat","dioMod:TheWalk","dioMod:Hiss","dioMod:GoodbyeJojo","dioMod:Muda","dioMod:SlashThroughTime","dioMod:MudaMudaMuda","dioMod:HeavyLifting+1","dioMod:BlendIn","dioMod:DominatingPresence+1","dioMod:ZaWarudo","dioMod:BloodSplash","dioMod:ComboFever","dioMod:DoubleTime","dioMod:MudaMudaMuda","dioMod:DarkRebirth","dioMod:StreetSign+1","dioMod:Muda","dioMod:ComposedMuda+1","dioMod:CutDeep","dioMod:Muda"],"relics":["dioMod:VampireBlood","ReplayTheSpireMod:Lightbulb","Tiny Chest","Orichalcum","relicPack:DSword","hubris:ScarierMask","Sundial","Garlic","Pear","Boot","infinitespire:Eraser","vexMod:BigBerry","Mango","wanderingMiniBosses:LockLocket","Red Mask","infinitespire:BottledMercury","Pet Ghost","hubris:BottledRain","Smiling Mask","Gremlin Horn","HollowMod:PaleOreRelic","Turnip"],"acts_visited":["Exordium","TheCity","TheBeyond","TheEnding"],"potions_floor_usage":[55],"damage_taken":[{"damage":6.0,"enemies":"Cultist","floor":1.0,"turns":4.0},{"damage":10.0,"enemies":"Small Slimes","floor":2.0,"turns":4.0},{"damage":8.0,"enemies":"2 Louse","floor":3.0,"turns":4.0},{"damage":17.0,"enemies":"Looter","floor":4.0,"turns":3.0},{"damage":27.0,"enemies":"Exordium Thugs","floor":5.0,"turns":5.0},{"damage":22.0,"enemies":"Gremlin Nob","floor":6.0,"turns":4.0},{"damage":61.0,"enemies":"Lagavulin","floor":8.0,"turns":7.0},{"damage":36.0,"enemies":"3 Sentries","floor":11.0,"turns":6.0},{"damage":9.0,"enemies":"Gremlin Gang","floor":12.0,"turns":3.0},{"damage":25.0,"enemies":"Fading Forest","floor":16.0,"turns":11.0},{"damage":12.0,"enemies":"Chosen","floor":18.0,"turns":6.0},{"damage":5.0,"enemies":"2 Thieves","floor":19.0,"turns":2.0},{"damage":20.0,"enemies":"Snake Plant","floor":21.0,"turns":3.0},{"damage":17.0,"enemies":"Slavers","floor":23.0,"turns":3.0},{"damage":28.0,"enemies":"Gremlin Leader","floor":25.0,"turns":4.0},{"damage":7.0,"enemies":"Book of Stabbing","floor":27.0,"turns":3.0},{"damage":0.0,"enemies":"Centurion and Healer","floor":28.0,"turns":2.0},{"damage":11.0,"enemies":"Snecko","floor":31.0,"turns":6.0},{"damage":40.0,"enemies":"StardustCrusaders","floor":33.0,"turns":8.0},{"damage":0.0,"enemies":"3 Darklings","floor":35.0,"turns":2.0},{"damage":20.0,"enemies":"3 Shapes","floor":36.0,"turns":2.0},{"damage":41.0,"enemies":"Mind Bloom Boss Battle","floor":37.0,"turns":9.0},{"damage":31.0,"enemies":"Sphere and 2 Shapes","floor":38.0,"turns":4.0},{"damage":7.0,"enemies":"Nemesis","floor":40.0,"turns":4.0},{"damage":7.0,"enemies":"Giant Head","floor":42.0,"turns":5.0},{"damage":60.0,"enemies":"Nemesis","floor":44.0,"turns":6.0},{"damage":1.0,"enemies":"Reptomancer","floor":48.0,"turns":3.0},{"damage":116.0,"enemies":"infinitespire:MassOfShapes","floor":50.0,"turns":7.0},{"damage":51,"enemies":"Shield and Spear","floor":54,"turns":6},{"damage":136,"enemies":"The Heart","floor":55,"turns":9}],"seed_played":"-2440075201027015789","potions_obtained":[{"floor":2.0,"key":"Explosive Potion"},{"floor":5.0,"key":"SkillPotion"},{"floor":11.0,"key":"Block Potion"},{"floor":12.0,"key":"Swift Potion"},{"floor":16.0,"key":"Reflective Coating"},{"floor":21.0,"key":"LifebloodPotion"},{"floor":25.0,"key":"Explosive Potion"},{"floor":54,"key":"Fire Potion"}],"is_trial":false,"path_per_floor":["M","M","M","M","M","E","$","E","T","R","E","M","R","?","R","B",null,"M","M","?","M","$","E","R","E","T","E","M","R","T","M","R","B",null,"M","M","?","M","?","E","R","E","T","E","R","T","R","E","R","B",null,"R","$","E","B"],"character_chosen":"THE_DEFAULT","items_purchased":["dioMod:MudaMudaMuda","dioMod:CutDeep","HollowMod:PaleOreRelic"],"campfire_rested":7,"item_purchase_floors":[7,53,53],"current_hp_per_floor":[75,71,72,61,56,65,65,23,23,45,24,30,52,17,39,75,75,72,73,55,38,38,27,49,40,50,46,52,52,52,54,79,54,115,115,98,90,75,75,81,81,90,90,46,84,84,84,95,129,43,129,129,129,104,0,0],"gold":0,"neow_bonus":"UPGRADE_CARD","is_daily":false,"chose_seed":false,"campfire_upgraded":3,"win_rate":0.0,"timestamp":1611179606,"path_taken":["M","M","M","M","?","E","$","E","T","R","E","M","R","?","R","BOSS","M","M","?","M","?","E","R","E","T","E","M","R","?","?","R","BOSS","M","M","?","M","?","E","R","E","T","E","R","?","R","E","R","BOSS","R","$","E","BOSS"],"items_purchased_type":["Card","Card","Relic"],"build_version":"2020-12-22","purchased_purges":0,"victory":false,"max_hp_per_floor":[75,75,75,75,75,75,75,75,75,75,75,75,75,75,75,75,75,75,75,75,75,75,75,75,75,85,85,85,85,85,85,85,85,115,115,115,129,129,129,129,129,129,129,129,129,129,129,129,129,129,129,129,129,129,129,129],"card_choices":[{"not_picked":["dioMod:CautiousMuda","dioMod:DisarmingVoice"],"picked":"dioMod:VengefulMuda","floor":1.0},{"not_picked":["dioMod:Roundabout","dioMod:Muda"],"picked":"dioMod:LaserVision","floor":2.0},{"not_picked":["dioMod:SecretPlan","dioMod:WRYYY"],"picked":"dioMod:StreetSign","floor":3.0},{"not_picked":["dioMod:VengefulMuda","dioMod:WRYYY"],"picked":"dioMod:BloodTransfusion","floor":4.0},{"not_picked":["dioMod:Roundabout","dioMod:BloodSuck"],"picked":"dioMod:DaggerToss","floor":5.0},{"not_picked":["dioMod:FlyAway","dioMod:Minions"],"picked":"dioMod:Muda","floor":6.0},{"not_picked":["dioMod:CautiousMuda","dioMod:Roundabout"],"picked":"dioMod:DaggerSpree","floor":8.0},{"not_picked":["dioMod:BloodSuck","dioMod:GoodbyeJojo"],"picked":"dioMod:TripleThreat","floor":11.0},{"not_picked":["dioMod:CautiousMuda","dioMod:DarkRebirth"],"picked":"dioMod:TripleThreat","floor":12.0},{"not_picked":["dioMod:KonoDioDa","dioMod:UltimateSacrifice"],"picked":"dioMod:TheWalk","floor":16.0},{"not_picked":["dioMod:ComposedMuda","dioMod:GoodbyeJojo"],"picked":"dioMod:Hiss","floor":18.0},{"not_picked":["dioMod:Roundabout+1","dioMod:BlendIn"],"picked":"dioMod:GoodbyeJojo","floor":19.0},{"not_picked":["dioMod:Donut","dioMod:WRYYY"],"picked":"dioMod:Muda","floor":20.0},{"not_picked":["dioMod:BlendIn","dioMod:FlyAway+1"],"picked":"dioMod:SlashThroughTime","floor":21.0},{"not_picked":["dioMod:DaggerToss+1","dioMod:SevenPageMuda"],"picked":"dioMod:MudaMudaMuda","floor":23.0},{"not_picked":["dioMod:LaserVision+1","dioMod:WRYYY","dioMod:BloodShield+1"],"picked":"SKIP","floor":25.0},{"not_picked":["dioMod:PathToHeaven","dioMod:DaggerToss"],"picked":"dioMod:HeavyLifting+1","floor":27.0},{"not_picked":["dioMod:Minions","dioMod:FlyAway+1"],"picked":"dioMod:BlendIn","floor":28.0},{"not_picked":["dioMod:BlendIn","dioMod:Donut+1"],"picked":"dioMod:DominatingPresence","floor":31.0},{"not_picked":["dioMod:KonoDioDa","dioMod:RoadRoller"],"picked":"dioMod:ZaWarudo","floor":33.0},{"not_picked":["dioMod:BloodSuck","dioMod:TripleThreat"],"picked":"dioMod:BloodSplash","floor":35.0},{"not_picked":["dioMod:BloodShield","dioMod:Minions+1"],"picked":"dioMod:ComboFever","floor":36.0},{"not_picked":["dioMod:CautiousMuda","dioMod:SlashThroughTime+1"],"picked":"dioMod:DoubleTime","floor":37.0},{"not_picked":["dioMod:BlendIn","dioMod:Freeze"],"picked":"dioMod:MudaMudaMuda","floor":38.0},{"not_picked":["dioMod:BloodSplash","dioMod:Roundabout+1"],"picked":"dioMod:DarkRebirth","floor":40.0},{"not_picked":["dioMod:RoadRoller","dioMod:Diversion+1"],"picked":"dioMod:StreetSign+1","floor":42.0},{"not_picked":["dioMod:GoodbyeJojo+1","dioMod:StreetSign"],"picked":"dioMod:Muda","floor":44.0},{"not_picked":["dioMod:SecretPlan","dioMod:CautiousMuda+1"],"picked":"dioMod:ComposedMuda+1","floor":48.0},{"not_picked":["dioMod:WRYYY","dioMod:DisarmingVoice+1"],"picked":"dioMod:Muda","floor":54}],"player_experience":411640,"relics_obtained":[{"floor":6.0,"key":"ReplayTheSpireMod:Lightbulb"},{"floor":8.0,"key":"Tiny Chest"},{"floor":11.0,"key":"Orichalcum"},{"floor":23.0,"key":"Sundial"},{"floor":25.0,"key":"Garlic"},{"floor":26.0,"key":"Pear"},{"floor":27.0,"key":"Boot"},{"floor":30.0,"key":"infinitespire:Eraser"},{"floor":37.0,"key":"Mango"},{"floor":37.0,"key":"wanderingMiniBosses:LockLocket"},{"floor":40.0,"key":"infinitespire:BottledMercury"},{"floor":42.0,"key":"Pet Ghost"},{"floor":43.0,"key":"hubris:BottledRain"},{"floor":46.0,"key":"Smiling Mask"},{"floor":48.0,"key":"Gremlin Horn"},{"floor":54,"key":"Turnip"}],"event_choices":[{"damage_healed":0.0,"max_hp_gain":0.0,"max_hp_loss":0.0,"gold_gain":0.0,"event_name":"MindBloom","player_choice":"Fight","floor":37.0,"gold_loss":0.0,"damage_taken":0.0},{"damage_healed":0.0,"max_hp_gain":0.0,"max_hp_loss":0.0,"gold_gain":0.0,"event_name":"Tomb of Lord Red Mask","player_choice":"Paid","floor":39.0,"gold_loss":1447.0,"damage_taken":0.0,"relics_obtained":["Red Mask"]}],"is_beta":false,"boss_relics":[{"not_picked":["hubris:GrandSneckoEye","vexMod:EndlessSickness"],"picked":"hubris:ScarierMask"},{"not_picked":["infinitespire:Cupcake","aspiration:IroncladSkillbook"],"picked":"vexMod:BigBerry"}],"items_purged_floors":[],"is_endless":false,"potions_floor_spawned":[2,5,11,12,16,21,25,28,31,35,37,44,48,54],"killed_by":"The Heart","ascension_level":2}}