{"host":"iy58fyt9wsbv4cf1","time":1611119820,"event":{"mods":["BaseMod","Better Altar","Better Match","Better Skull","Better Third Choice","BetterRewards","Conspire","Custom Start","Defuse TimeMaze Blight","Hubris","Infinite Spire","Minty Spire (QoL Compilation)","Permanent Neow","Quick Restart","Spicy Shops","StSLib"],"gold_per_floor":[116,66,86,8,26,38,38,38,62,81,110,19,31,45,45,150,150,168,168,168,168,497,497,529,529,552,586,602,621,641,671,671,776,776,787,836,860,870,882,915,915,931,931,931,943,828,828,846,846,846,846,846,323,357,405],"floor_reached":56,"language":"ENG","playtime":1632,"items_purged":["Strike_B","Injury","Strike_B"],"score":1589,"play_id":"3ff007c2-e240-4d1b-82ca-d3bdce98695e","local_time":"20210120001700","is_ascension_mode":false,"campfire_choices":[{"data":"Defragment","floor":15.0,"key":"SMITH"},{"data":"Machine Learning","floor":23.0,"key":"SMITH"},{"data":"hubris:PowerSurge","floor":25.0,"key":"SMITH"},{"data":"Capacitor","floor":32.0,"key":"SMITH"},{"data":"hubris:Ukulele","floor":41.0,"key":"SMITH"},{"data":"Double Energy","floor":44.0,"key":"SMITH"},{"floor":49,"key":"RECALL"},{"data":"Zap","floor":52,"key":"SMITH"}],"circlet_count":0,"master_deck":["Strike_B","Defend_B","Defend_B","Defend_B","Defend_B","Zap+1","Dualcast","Conserve Battery","Defragment+1","Capacitor+1","Force Field","Double Energy+1","Storm+1","Ball Lightning","Leap+1","Turbo+1","BootSequence+1","Amplify+1","Ball Lightning","Storm+1","Ball Lightning","Redo+1","Machine Learning+1","hubris:PowerSurge+1","Redo+1","Steam+1","Amplify+1","hubris:Ukulele+1","hubris:DoWhile+1","Self Repair","White Noise+1","Static Discharge","Static Discharge+1"],"relics":["Cracked Core","Orrery","Strawberry","Membership Card","hubris:BallOfYels","Chemical X","Lee\u0027s Waffle","Toxic Egg 2","Bird Faced Urn","hubris:ToyBattleship","DollysMirror","Nuclear Battery","Pen Nib","MealTicket","Darkstone Periapt","infinitespire:CheckeredPen","hubris:HollowSoul","infinitespire:Lucky Rock","Lantern","Lizard Tail","Toy Ornithopter","Bag of Preparation","hubris:Towel","Blood Vial","infinitespire:Midas Blood","infinitespire:PuzzleCube","Art of War","infinitespire:Bottled Soul"],"acts_visited":["Exordium","TheCity","TheBeyond","TheEnding"],"potions_floor_usage":[50,50],"damage_taken":[{"damage":1.0,"enemies":"Jaw Worm","floor":1.0,"turns":4.0},{"damage":7.0,"enemies":"Small Slimes","floor":3.0,"turns":4.0},{"damage":0.0,"enemies":"Cultist","floor":5.0,"turns":4.0},{"damage":3.0,"enemies":"Looter","floor":6.0,"turns":3.0},{"damage":0.0,"enemies":"Large Slime","floor":10.0,"turns":4.0},{"damage":21.0,"enemies":"Lagavulin","floor":11.0,"turns":5.0},{"damage":0.0,"enemies":"Red Slaver","floor":13.0,"turns":2.0},{"damage":7.0,"enemies":"Exordium Wildlife","floor":14.0,"turns":3.0},{"damage":5.0,"enemies":"The Guardian","floor":16.0,"turns":6.0},{"damage":0.0,"enemies":"Shell Parasite","floor":18.0,"turns":3.0},{"damage":0.0,"enemies":"conspire:SneckoGhost","floor":24.0,"turns":3.0},{"damage":0.0,"enemies":"Gremlin Leader","floor":27.0,"turns":3.0},{"damage":0.0,"enemies":"Spheric Guardian","floor":28.0,"turns":1.0},{"damage":0.0,"enemies":"3 Cultists","floor":29.0,"turns":3.0},{"damage":5.0,"enemies":"Shelled Parasite and Fungi","floor":30.0,"turns":2.0},{"damage":31.0,"enemies":"Nightmare","floor":31.0,"turns":5.0},{"damage":11.0,"enemies":"Collector","floor":33.0,"turns":5.0},{"damage":0.0,"enemies":"3 Shapes","floor":35.0,"turns":2.0},{"damage":0.0,"enemies":"Orb Walker","floor":38.0,"turns":2.0},{"damage":7.0,"enemies":"Spire Growth","floor":39.0,"turns":3.0},{"damage":47.0,"enemies":"Nightmare","floor":40.0,"turns":4.0},{"damage":0.0,"enemies":"Transient","floor":42.0,"turns":5.0},{"damage":12,"enemies":"Maw","floor":45,"turns":4},{"damage":0,"enemies":"Sphere and 2 Shapes","floor":48,"turns":3},{"damage":20,"enemies":"Awakened One","floor":50,"turns":5},{"damage":3,"enemies":"Shield and Spear","floor":54,"turns":2},{"damage":100,"enemies":"The Heart","floor":55,"turns":3}],"seed_played":"-5724075241801948149","potions_obtained":[{"floor":1.0,"key":"LiquidBronze"},{"floor":11.0,"key":"CultistPotion"},{"floor":13.0,"key":"SpeedPotion"},{"floor":16.0,"key":"ColorlessPotion"},{"floor":18.0,"key":"PowerPotion"},{"floor":24.0,"key":"FocusPotion"},{"floor":33.0,"key":"Fire Potion"},{"floor":40.0,"key":"SteroidPotion"}],"is_trial":false,"path_per_floor":["M","$","M","$","M","M","?","?","T","M","E","$","M","M","R","B",null,"M","AVR","?","?","?","R","E","R","T","E","M","M","M","NM","R","B",null,"M","T","T","M","M","NM","R","M","T","R","M","$","?","M","R","B",null,"R","$","E","B",null],"character_chosen":"DEFECT","items_purchased":["Orrery","Strawberry","Capacitor","Force Field","Membership Card","hubris:BallOfYels","Chemical X","Double Energy","Storm","Lee\u0027s Waffle","Toxic Egg 2","Ball Lightning","Leap+1","Bird Faced Urn","DollysMirror","Ball Lightning","Bag of Preparation","Self Repair","White Noise+1","Static Discharge","Blood Vial","infinitespire:Midas Blood","infinitespire:PuzzleCube","Art of War"],"campfire_rested":0,"item_purchase_floors":[0,0,0,0,0,0,0,0,0,0,0,0,0,4,12,12,46,46,53,53,53,53,53,53],"current_hp_per_floor":[88,88,81,81,87,86,86,86,86,89,68,68,72,69,69,74,89,89,89,89,89,61,61,69,69,69,81,87,89,84,62,62,63,89,89,89,89,89,88,42,42,54,54,54,56,71,71,86,86,89,89,89,89,89,2],"gold":405,"neow_bonus":"","is_daily":false,"chose_seed":false,"campfire_upgraded":7,"win_rate":0.0,"timestamp":1611119820,"path_taken":["M","$","M","$","M","M","?","?","T","M","E","$","M","M","R","BOSS","M","AVR","?","?","?","R","E","R","T","E","M","M","M","NM","R","BOSS","M","?","?","M","?","NM","R","M","T","R","M","$","?","M","R","BOSS","R","$","E","BOSS"],"items_purchased_type":["Relic","Relic","Card","Card","Relic","Relic","Relic","Card","Card","Relic","Relic","Card","Card","Relic","Relic","Card","Relic","Card","Card","Card","Relic","Relic","Relic","Relic"],"build_version":"2020-12-22","purchased_purges":3,"victory":true,"max_hp_per_floor":[89,89,89,89,89,89,89,89,89,89,89,89,89,89,89,89,89,89,89,89,89,89,89,89,89,89,89,89,89,89,89,89,89,89,89,89,89,89,89,89,89,89,89,89,89,89,89,89,89,89,89,89,89,89,89],"card_choices":[{"not_picked":["Sweeping Beam","Chill"],"picked":"Conserve Battery","floor":0.0},{"not_picked":["Turbo","Darkness"],"picked":"Defragment","floor":0.0},{"not_picked":["Beam Cell","Rebound"],"picked":"Turbo+1","floor":1.0},{"not_picked":["Aggregate+1","Steam+1"],"picked":"BootSequence+1","floor":3.0},{"not_picked":["Turbo+1","Sweeping Beam","Rip and Tear"],"picked":"SKIP","floor":5.0},{"not_picked":["Go for the Eyes","Leap+1","Gash"],"picked":"SKIP","floor":6.0},{"not_picked":["Conserve Battery+1","FTL"],"picked":"Amplify+1","floor":10.0},{"not_picked":["Gash","Skim+1"],"picked":"Ball Lightning","floor":11.0},{"not_picked":["Auto Shields+1","Conserve Battery+1","Redo+1"],"picked":"SKIP","floor":13.0},{"not_picked":["Auto Shields+1","Conserve Battery+1"],"picked":"Redo+1","floor":13.0},{"not_picked":["Sweeping Beam","Ball Lightning","Rebound"],"picked":"SKIP","floor":14.0},{"not_picked":["hubris:SpecializedCircuitry","Echo Form"],"picked":"Machine Learning","floor":16.0},{"not_picked":["Beam Cell","Scrape"],"picked":"hubris:PowerSurge","floor":18.0},{"not_picked":["Coolheaded+1","conspire:SharedLibrary","Compile Driver"],"picked":"SKIP","floor":24.0},{"not_picked":["Sweeping Beam","Gash"],"picked":"Redo+1","floor":27.0},{"not_picked":["Ball Lightning+1","Genetic Algorithm+1"],"picked":"Steam+1","floor":28.0},{"not_picked":["Genetic Algorithm+1","Barrage"],"picked":"Amplify+1","floor":29.0},{"not_picked":["Redo+1","Conserve Battery+1"],"picked":"hubris:Ukulele","floor":30.0},{"not_picked":["Cold Snap+1","Leap+1","Steam+1"],"picked":"SKIP","floor":31.0},{"not_picked":["Cold Snap","Turbo+1","Beam Cell+1"],"picked":"SKIP","floor":35.0},{"not_picked":["Leap+1","Lockon","Cold Snap"],"picked":"SKIP","floor":38.0},{"not_picked":["Cold Snap","Ball Lightning+1","Hologram+1"],"picked":"SKIP","floor":39.0},{"not_picked":["Aggregate+1","Turbo+1","conspire:Rain+1"],"picked":"SKIP","floor":40.0},{"not_picked":["Gash","Ball Lightning"],"picked":"hubris:DoWhile+1","floor":42.0},{"not_picked":["Self Repair+1","Consume+1","Redo+1"],"picked":"SKIP","floor":45},{"not_picked":["Sweeping Beam+1","Undo+1","Conserve Battery+1"],"picked":"SKIP","floor":48},{"not_picked":["Steam Power+1","Glacier+1"],"picked":"Static Discharge+1","floor":54}],"player_experience":40354,"relics_obtained":[{"floor":11.0,"key":"hubris:ToyBattleship"},{"floor":24.0,"key":"Pen Nib"},{"floor":26.0,"key":"MealTicket"},{"floor":27.0,"key":"Darkstone Periapt"},{"floor":31.0,"key":"infinitespire:CheckeredPen"},{"floor":36.0,"key":"infinitespire:Lucky Rock"},{"floor":37.0,"key":"Lantern"},{"floor":40.0,"key":"Lizard Tail"},{"floor":43.0,"key":"Toy Ornithopter"},{"floor":54,"key":"infinitespire:Bottled Soul"}],"event_choices":[{"damage_healed":0.0,"max_hp_gain":0.0,"max_hp_loss":0.0,"gold_gain":0.0,"event_name":"conspire:LoneGhost","player_choice":"Disagree","floor":7.0,"gold_loss":0.0,"damage_taken":0.0},{"damage_healed":0.0,"max_hp_gain":0.0,"max_hp_loss":0.0,"gold_gain":0.0,"event_name":"Upgrade Shrine","player_choice":"Upgraded","floor":8.0,"gold_loss":0.0,"damage_taken":0.0,"cards_upgraded":["Storm"]},{"damage_healed":0.0,"max_hp_gain":0.0,"max_hp_loss":0.0,"gold_gain":0.0,"event_name":"conspire:Investor","player_choice":"Leave","floor":20.0,"gold_loss":0.0,"damage_taken":0.0},{"cards_removed":["Strike_B"],"damage_healed":0.0,"max_hp_gain":0.0,"max_hp_loss":0.0,"gold_gain":0.0,"event_name":"betterThird:BetterWriting","player_choice":"Elegance","floor":21.0,"gold_loss":0.0,"damage_taken":0.0},{"damage_healed":0.0,"max_hp_gain":0.0,"max_hp_loss":0.0,"gold_gain":329.0,"event_name":"betterSkull:BetterSkull","player_choice":"GO GO GO ","floor":22.0,"gold_loss":0.0,"damage_taken":31.0,"cards_upgraded":[],"relics_obtained":[]}],"is_beta":false,"boss_relics":[{"not_picked":["Runic Pyramid","Velvet Choker"],"picked":"Nuclear Battery"},{"not_picked":["Fusion Hammer","hubris:RunicObelisk"],"picked":"hubris:HollowSoul"}],"items_purged_floors":[0,2,53],"is_endless":false,"potions_floor_spawned":[1,11,13,16,18,24,33,40,42],"ascension_level":0}}