{"host":"fmb9x04chdot191d","time":1611133686,"event":{"mods":["2.2 Compatiblity","AchievementEnabler","BaseMod","Downfall","Marisa（霧雨　魔理沙）","Minty Spire (QoL Compilation)","Quick Restart","Rare Cards Sparkle","StSLib","[IsaacMod]以撒尖塔"],"gold_per_floor":[115,390,407,407,422,422,438,438,462,105,136,156,156,174,174,272,272,289,305,322,322,333,333,366,366,366,366,385,385,404,431,431,431,431],"floor_reached":33,"language":"ENG","playtime":2335,"items_purged":["Regret"],"score":314,"play_id":"500cb02b-971f-4563-8a4b-cc5ec73f8a2a","local_time":"20210120220806","is_ascension_mode":false,"campfire_choices":[{"data":"ManaRampage","floor":6.0,"key":"SMITH"},{"data":"EscapeVelocity","floor":8.0,"key":"SMITH"},{"data":"MagicChant","floor":13.0,"key":"SMITH"},{"floor":15.0,"key":"REST"},{"floor":23.0,"key":"REST"},{"floor":25.0,"key":"REST"},{"data":"ChargingUp","floor":27.0,"key":"SMITH"},{"floor":32,"key":"REST"}],"circlet_count":0,"master_deck":["Strike_MRS","Strike_MRS","Strike_MRS","Defend_MRS","Defend_MRS","MasterSpark","UpSweep","ManaRampage+1","Acceleration","EnergyRecoil","PropBag","EscapeVelocity+1","MagicChant+1","SuperPerseids","StarDustReverie","downfall:Bewildered","MaximisePower+1","SuperPerseids+1","SuperPerseids+1","EnergyFlow+1","ChargingUp+1","LuminesStrike+1","ManaConvection+1"],"relics":["MiniHakkero","HushsDoor","Bronze Scales","Pen Nib","White Beast Statue","Pantograph","GuppysTail","Astrolabe","Kunai","BookofShadows","Pocketwatch","CaptainsWheel","Ornamental Fan"],"acts_visited":["Exordium","TheCity"],"potions_floor_usage":[],"damage_taken":[{"damage":0.0,"enemies":"Small Slimes","floor":1.0,"turns":1.0},{"damage":4.0,"enemies":"Cultist","floor":3.0,"turns":2.0},{"damage":1.0,"enemies":"2 Louse","floor":5.0,"turns":2.0},{"damage":0.0,"enemies":"Large Slime","floor":7.0,"turns":2.0},{"damage":0.0,"enemies":"3 Sentries","floor":11.0,"turns":1.0},{"damage":16.0,"enemies":"Gremlin Gang","floor":12.0,"turns":2.0},{"damage":29.0,"enemies":"Lots of Slimes","floor":14.0,"turns":3.0},{"damage":25.0,"enemies":"Slime Boss","floor":16.0,"turns":7.0},{"damage":5.0,"enemies":"Shell Parasite","floor":18.0,"turns":2.0},{"damage":4.0,"enemies":"3 Byrds","floor":19.0,"turns":4.0},{"damage":31.0,"enemies":"Cultist and Chosen","floor":20.0,"turns":6.0},{"damage":0.0,"enemies":"Sentry and Sphere","floor":22.0,"turns":3.0},{"damage":23.0,"enemies":"Slavers","floor":24.0,"turns":5.0},{"damage":15.0,"enemies":"Snecko","floor":28.0,"turns":3.0},{"damage":11.0,"enemies":"Centurion and Healer","floor":30.0,"turns":3.0},{"damage":33,"enemies":"Gremlin Leader","floor":31,"turns":5},{"damage":28,"enemies":"Automaton","floor":33,"turns":6}],"seed_played":"-2458326037521814987","potions_obtained":[{"floor":11.0,"key":"Dexterity Potion"},{"floor":12.0,"key":"Regen Potion"},{"floor":14.0,"key":"GamblersBrew"},{"floor":16.0,"key":"SteroidPotion"},{"floor":19.0,"key":"Swift Potion"},{"floor":20.0,"key":"SkillPotion"},{"floor":22.0,"key":"Block Potion"},{"floor":24.0,"key":"LiquidBronze"},{"floor":28.0,"key":"Strength Potion"},{"floor":30.0,"key":"FairyPotion"},{"floor":31,"key":"Strength Potion"}],"is_trial":false,"path_per_floor":["M","?","M","?","M","R","M","R","T","$","E","M","R","M","R","B",null,"M","M","M","?","M","R","E","R","T","R","M","T","M","E","R","B"],"character_chosen":"MARISA","items_purchased":["White Beast Statue","MagicChant"],"campfire_rested":4,"item_purchase_floors":[10,10],"current_hp_per_floor":[75,75,71,71,70,70,70,70,70,70,70,54,54,25,47,47,75,70,66,35,35,35,57,34,56,56,56,41,41,30,20,42,39,39],"gold":431,"neow_bonus":"TRANSFORM_CARD","is_daily":false,"chose_seed":false,"campfire_upgraded":4,"win_rate":0.0,"timestamp":1611133686,"path_taken":["M","?","M","?","?","R","M","R","T","$","E","M","R","M","R","BOSS","M","M","?","?","M","R","E","R","T","R","M","?","M","E","R","BOSS"],"items_purchased_type":["Relic","Card"],"build_version":"2020-12-22","purchased_purges":1,"victory":false,"max_hp_per_floor":[75,75,75,75,75,75,75,75,75,75,75,75,75,75,75,75,75,75,75,75,75,75,75,75,75,75,75,75,75,75,75,75,75,75],"card_choices":[{"not_picked":[],"picked":"Bomb","floor":0.0},{"not_picked":["GalacticHalo","StarlightTyphoon"],"picked":"Acceleration","floor":1.0},{"not_picked":["Bomb","GrandCross"],"picked":"EnergyRecoil","floor":3.0},{"not_picked":["WitchOfGreed","WitchLeyline"],"picked":"PropBag","floor":5.0},{"not_picked":["UnstableBomb","FairyDestructionRay"],"picked":"EscapeVelocity","floor":7.0},{"not_picked":["LuminesStrike","ShootingEcho","6A"],"picked":"SKIP","floor":11.0},{"not_picked":["GasGiant","DC"],"picked":"SuperPerseids","floor":12.0},{"not_picked":["AlicesGift","AsteroidBelt","SporeBomb"],"picked":"SKIP","floor":14.0},{"not_picked":["EscapeVelocity","MaximisePower"],"picked":"StarDustReverie","floor":16.0},{"not_picked":["DoubleSpark","NonDirectionalLaser"],"picked":"SuperPerseids+1","floor":18.0},{"not_picked":["DeepEcoloBomb","AsteroidBelt"],"picked":"EnergyFlow+1","floor":19.0},{"not_picked":["OortCloud","GalacticHalo","WitchLeyline"],"picked":"SKIP","floor":20.0},{"not_picked":["MysteriousBeam","Singularity"],"picked":"ChargingUp","floor":22.0},{"not_picked":["GalacticHalo+1","SporeBomb"],"picked":"LuminesStrike+1","floor":24.0},{"not_picked":["WitchLeyline","GrandCross"],"picked":"ManaConvection+1","floor":28.0},{"not_picked":["GalacticHalo","LuminesStrike","Acceleration"],"picked":"SKIP","floor":30.0},{"not_picked":["DarkSpark","OpenUniverse","SporeBomb"],"picked":"SKIP","floor":31}],"player_experience":5081,"relics_obtained":[{"floor":9.0,"key":"Pen Nib"},{"floor":11.0,"key":"Pantograph"},{"floor":24.0,"key":"Kunai"},{"floor":26.0,"key":"BookofShadows"},{"floor":29.0,"key":"Pocketwatch"},{"floor":31,"key":"CaptainsWheel"}],"event_choices":[{"damage_healed":0.0,"max_hp_gain":0.0,"max_hp_loss":0.0,"gold_gain":275.0,"event_name":"Golden Shrine","player_choice":"Desecrate","floor":2.0,"gold_loss":0.0,"damage_taken":0.0,"cards_obtained":["Regret"]},{"damage_healed":0.0,"max_hp_gain":0.0,"max_hp_loss":0.0,"gold_gain":0.0,"event_name":"Big Fish","player_choice":"Box","floor":4.0,"gold_loss":0.0,"damage_taken":0.0,"relics_obtained":["Bronze Scales"],"cards_obtained":["Regret"]},{"damage_healed":0.0,"max_hp_gain":0.0,"max_hp_loss":0.0,"gold_gain":0.0,"event_name":"Ghosts","player_choice":"Ignored","floor":21.0,"gold_loss":0.0,"damage_taken":0.0}],"is_beta":false,"boss_relics":[{"not_picked":["RampagingMagicTools","SacredBark"],"picked":"Astrolabe"},{"not_picked":[]}],"items_purged_floors":[10],"is_endless":false,"potions_floor_spawned":[11,12,14,16,18,19,20,22,24,28,30,31],"killed_by":"Automaton","ascension_level":0}}