{"host":"xetj7e4h1njmphhb","time":1611119465,"event":{"mods":["BaseMod","Minty Spire (QoL Compilation)","SuperFastMode"],"gold_per_floor":[117,137,150,150,161,161,161,192,192,192,203,237,237,266,266,367,367,380,380,479,479,479,479,504,504,804,41,58,76,27,47,47,47,47],"floor_reached":33,"language":"ENG","playtime":1781,"items_purged":["Defend_B"],"score":308,"play_id":"5610ecc5-2a67-4d98-a95c-7fa188d8a6fb","local_time":"20210120001105","is_ascension_mode":false,"campfire_choices":[{"data":"Reboot","floor":6,"key":"SMITH"},{"floor":10,"key":"REST"},{"floor":13,"key":"REST"},{"floor":15,"key":"REST"},{"data":"Storm","floor":23,"key":"SMITH"},{"floor":25,"key":"REST"},{"floor":32,"key":"REST"}],"circlet_count":0,"master_deck":["Defend_B","Zap","Dualcast","Steam","Undo","Static Discharge","Compile Driver","Reboot+1","Storm+1","Rebound","Static Discharge","Rip and Tear","Creative AI","Redo+1","Bite","Bite","Bite","Bite","Bite","Storm","Multi-Cast","Seek","Leap+1","Ball Lightning","Apotheosis","Sunder","Conserve Battery","Hologram+1"],"relics":["Cracked Core","Centennial Puzzle","Bag of Preparation","Kunai","Vajra","Velvet Choker","Potion Belt","Old Coin","Regal Pillow","Bird Faced Urn"],"acts_visited":["Exordium","TheCity"],"potions_floor_usage":[],"damage_taken":[{"damage":5,"enemies":"2 Louse","floor":1,"turns":3},{"damage":0,"enemies":"Jaw Worm","floor":2,"turns":4},{"damage":3,"enemies":"Small Slimes","floor":3,"turns":4},{"damage":1,"enemies":"Looter","floor":5,"turns":4},{"damage":16,"enemies":"3 Sentries","floor":8,"turns":7},{"damage":13,"enemies":"Large Slime","floor":11,"turns":6},{"damage":30,"enemies":"Gremlin Nob","floor":12,"turns":4},{"damage":25,"enemies":"Lagavulin","floor":14,"turns":5},{"damage":17,"enemies":"Slime Boss","floor":16,"turns":7},{"damage":2,"enemies":"Chosen","floor":18,"turns":4},{"damage":33,"enemies":"Slavers","floor":24,"turns":5},{"damage":20,"enemies":"3 Byrds","floor":28,"turns":3},{"damage":8,"enemies":"Snecko","floor":29,"turns":4},{"damage":5,"enemies":"Shelled Parasite and Fungi","floor":31,"turns":4},{"damage":83,"enemies":"Champ","floor":33,"turns":9}],"seed_played":"-2666591185783769169","potions_obtained":[{"floor":3,"key":"GamblersBrew"},{"floor":5,"key":"Dexterity Potion"},{"floor":16,"key":"Weak Potion"},{"floor":24,"key":"GamblersBrew"},{"floor":29,"key":"AttackPotion"}],"is_trial":false,"path_per_floor":["M","M","M","?","M","R","?","E","T","R","M","E","R","E","R","B",null,"M","?","?","?","?","R","E","R","T","$","M","M","$","M","R","B"],"character_chosen":"DEFECT","items_purchased":["Ball Lightning","Apotheosis","Regal Pillow","Bird Faced Urn","Fire Potion"],"campfire_rested":5,"item_purchase_floors":[27,27,27,27,30],"current_hp_per_floor":[70,70,67,72,71,71,59,43,43,67,54,24,48,23,47,30,80,78,56,56,56,56,56,23,39,39,39,23,27,27,35,56,0,0],"gold":47,"neow_bonus":"THREE_CARDS","is_daily":false,"chose_seed":false,"campfire_upgraded":2,"win_rate":0.0,"timestamp":1611119465,"path_taken":["M","M","M","?","M","R","?","E","T","R","M","E","R","E","R","BOSS","M","?","?","?","?","R","E","R","T","?","?","M","$","M","R","BOSS"],"items_purchased_type":["Card","Card","Relic","Relic","Potion"],"build_version":"2020-12-22","purchased_purges":1,"victory":false,"max_hp_per_floor":[75,75,75,80,80,80,80,80,80,80,80,80,80,80,80,80,80,80,56,56,56,56,56,56,56,56,56,56,56,56,56,56,56,56],"card_choices":[{"not_picked":["Cold Snap","Blizzard"],"picked":"Steam","floor":0},{"not_picked":["Steam","Cold Snap"],"picked":"Undo","floor":1},{"not_picked":["Barrage","Leap"],"picked":"Static Discharge","floor":2},{"not_picked":["Lockon","Conserve Battery"],"picked":"Compile Driver","floor":3},{"not_picked":["Barrage","Force Field"],"picked":"Reboot","floor":5},{"not_picked":["Heatsinks","Tempest"],"picked":"Storm","floor":8},{"not_picked":["Gash","Cold Snap"],"picked":"Rebound","floor":11},{"not_picked":["Leap","Steam"],"picked":"Static Discharge","floor":12},{"not_picked":["Machine Learning","Genetic Algorithm"],"picked":"Rip and Tear","floor":14},{"not_picked":["Reboot","All For One"],"picked":"Creative AI","floor":16},{"not_picked":["Cold Snap","Hologram"],"picked":"Redo+1","floor":18},{"not_picked":["Scrape","Beam Cell"],"picked":"Leap+1","floor":24},{"not_picked":["FTL","Barrage"],"picked":"Sunder","floor":28},{"not_picked":["Rebound","Static Discharge"],"picked":"Conserve Battery","floor":29},{"not_picked":["Chaos+1","Ball Lightning"],"picked":"Hologram+1","floor":31}],"player_experience":11219,"relics_obtained":[{"floor":8,"key":"Centennial Puzzle"},{"floor":9,"key":"Bag of Preparation"},{"floor":12,"key":"Kunai"},{"floor":14,"key":"Vajra"},{"floor":24,"key":"Potion Belt"},{"floor":26,"key":"Old Coin"}],"event_choices":[{"damage_healed":0,"gold_gain":0,"player_choice":"Donut","damage_taken":0,"max_hp_gain":5,"max_hp_loss":0,"event_name":"Big Fish","floor":4,"gold_loss":0},{"damage_healed":0,"gold_gain":0,"player_choice":"Fled","damage_taken":12,"max_hp_gain":0,"max_hp_loss":0,"event_name":"Scrap Ooze","floor":7,"gold_loss":0},{"damage_healed":0,"gold_gain":0,"player_choice":"Became a vampire","damage_taken":0,"max_hp_gain":0,"max_hp_loss":24,"event_name":"Vampires","floor":19,"gold_loss":0,"cards_obtained":["Bite","Bite","Bite","Bite","Bite"]},{"damage_healed":0,"gold_gain":99,"player_choice":"Stole From Cult","damage_taken":0,"max_hp_gain":0,"max_hp_loss":0,"event_name":"Nest","floor":20,"gold_loss":0},{"damage_healed":0,"gold_gain":0,"player_choice":"Read","damage_taken":0,"max_hp_gain":0,"max_hp_loss":0,"event_name":"The Library","floor":21,"gold_loss":0,"cards_obtained":["Storm"]},{"damage_healed":0,"gold_gain":0,"cards_transformed":["Defend_B","Defend_B"],"player_choice":"Became Test Subject","damage_taken":0,"max_hp_gain":0,"max_hp_loss":0,"event_name":"Drug Dealer","floor":22,"gold_loss":0,"cards_obtained":["Multi-Cast","Seek"]}],"is_beta":false,"boss_relics":[{"not_picked":["Snecko Eye","Black Star"],"picked":"Velvet Choker"}],"items_purged_floors":[27],"is_endless":false,"potions_floor_spawned":[3,5,16,24,29,31],"killed_by":"Champ","ascension_level":0}}