{"host":"xc18ixkpjvqrt8st","time":1611178259,"event":{"mods":["Act Like it!","BaseMod","Better Match","Better Third Choice","Conspire","Hallownest","Hermit","Hubris","Infinite Spire","Minty Spire (QoL Compilation)","Replay The Spire","Robot Space Explorer","Shop Mod","Spicy Shops","StSLib","The Animator","The Jungle","The Marked"],"gold_per_floor":[131,6,6,31,44,72,72,88,112,70,70,97,117,117,117,230,230,242,254,274,274,4,39,39,59,59,59,59,98,98,108,108,203,203,203,203],"floor_reached":35,"language":"ENG","playtime":1799,"items_purged":["ReplayTheSpireMod:Splinters","Pain"],"score":467,"play_id":"480d5b64-8f26-4c0b-b38d-296f97efb820","local_time":"20210120153059","is_ascension_mode":true,"campfire_choices":[{"floor":15,"key":"REST"},{"floor":24,"key":"RECALL"},{"floor":27,"key":"REST"},{"floor":30,"key":"REST"},{"floor":32,"key":"REST"}],"circlet_count":0,"master_deck":["animator:Strike_NoGameNoLife","animator:Defend_NoGameNoLife+1","animator:Strike+1","animator:Strike","animator:Strike","animator:Defend","animator:Defend","animator:Defend","animator:DolaSchwi","animator:DolaCouronne","animator:YunYun","animator:Cirno","animator:LeleiLaLalena","animator:Pride","animator:Darkness+1","animator:Emonzaemon+1","ReplayTheSpireMod:IOU","ReplayTheSpireMod:IOU","ReplayTheSpireMod:IOU","ReplayTheSpireMod:IOU","animator:Mitsurugi","animator:MumenRider","animator:Sora","animator:Kazuma","animator:SilverFang","animator:Genos+1","animator:RoyMustang","animator:Tyuule+1","animator:Jibril","infinitespire:Starlight","infinitespire:Fortify+1","animator:TukaLunaMarceau+1","animator:Priestess+1","animator:PinaCoLada"],"relics":["animator:LivingPicture","animator:TheMissingPiece","NeowsBlessing","hubris:Towel","infinitespire:CursedDice","Replay:Wax Seal","MealTicket","Mango","ReplayTheSpireMod:TigerMarble","Mark of Pain","SsserpentHead","Lee\u0027s Waffle","Gremlin Food","conspire:SpecialSausage","Whetstone","SacredBark"],"acts_visited":["Exordium","TheCity","TheBeyond"],"potions_floor_usage":[16,16,23,33],"damage_taken":[{"damage":0,"enemies":"Small Slimes","floor":1,"turns":1},{"damage":0,"enemies":"Jaw Worm","floor":4,"turns":1},{"damage":0,"enemies":"Cultist","floor":5,"turns":1},{"damage":13,"enemies":"3 Sentries","floor":6,"turns":9},{"damage":4,"enemies":"2 Fungi Beasts","floor":8,"turns":2},{"damage":25,"enemies":"Exordium Thugs","floor":12,"turns":5},{"damage":2,"enemies":"Large Slime","floor":13,"turns":7},{"damage":8,"enemies":"Slime Boss","floor":16,"turns":7},{"damage":5,"enemies":"Chosen","floor":18,"turns":5},{"damage":5,"enemies":"Shell Parasite","floor":19,"turns":6},{"damage":33,"enemies":"Snake Plant","floor":20,"turns":6},{"damage":21,"enemies":"Slavers","floor":23,"turns":6},{"damage":12,"enemies":"Cultist and Chosen","floor":25,"turns":5},{"damage":74,"enemies":"Nightmare","floor":29,"turns":13},{"damage":0,"enemies":"Shelled Parasite and Fungi","floor":31,"turns":5},{"damage":39,"enemies":"hubris:MusketHawk","floor":33,"turns":10},{"damage":0,"enemies":"3 Shapes","floor":35,"turns":1}],"seed_played":"-7711240654270555899","potions_obtained":[{"floor":4,"key":"Dexterity Potion"},{"floor":8,"key":"FearPotion"},{"floor":12,"key":"Strength Potion"},{"floor":16,"key":"Dexterity Potion"},{"floor":19,"key":"Swift Potion"},{"floor":23,"key":"SteroidPotion"},{"floor":33,"key":"Energy Potion"}],"is_trial":false,"path_per_floor":["M","$","?","M","M","E","?","M","T","$","$","M","M","T","R","B",null,"M","M","M","?","$","E","R","M","T","R","AVR","NM","R","M","R","B",null,"M"],"character_chosen":"THE_ANIMATOR","items_purchased":["animator:Cirno","MealTicket","Mango","Lee\u0027s Waffle","animator:RoyMustang"],"campfire_rested":4,"item_purchase_floors":[2,10,10,22,22],"current_hp_per_floor":[66,66,66,66,66,54,54,50,50,64,79,54,52,52,76,68,81,77,72,39,39,89,69,69,58,58,85,85,11,38,48,75,50,92,92,92],"gold":203,"neow_bonus":"THREE_ENEMY_KILL","is_daily":false,"chose_seed":false,"campfire_upgraded":0,"win_rate":0.0,"timestamp":1611178259,"path_taken":["M","$","?","M","M","E","?","M","T","?","$","M","M","?","R","BOSS","M","M","?","?","$","E","R","M","T","R","AVR","NM","R","M","R","BOSS","M"],"items_purchased_type":["Card","Relic","Relic","Relic","Card"],"build_version":"2020-12-22","purchased_purges":2,"victory":false,"max_hp_per_floor":[66,66,66,66,66,67,67,67,67,81,81,81,81,81,81,81,81,82,82,82,82,89,90,90,91,91,91,91,91,91,91,91,92,92,92,92],"card_choices":[{"not_picked":["animator:DolaRiku","animator:MetalKnight"],"picked":"animator:YunYun","floor":1},{"not_picked":["animator:DolaRiku","animator:DolaStephanie"],"picked":"animator:LeleiLaLalena","floor":4},{"not_picked":["animator:DolaStephanie","animator:MaesHughes"],"picked":"animator:Pride","floor":5},{"not_picked":["animator:DwarfShaman","animator:Melzalgald"],"picked":"animator:Darkness","floor":6},{"not_picked":["animator:DolaCouronne","animator:Kazuma"],"picked":"animator:Emonzaemon","floor":8},{"not_picked":["animator:DolaRiku","animator:UneriGinkaku"],"picked":"animator:Mitsurugi","floor":12},{"not_picked":["animator:ZankiKiguchi","animator:DolaCouronne"],"picked":"animator:MumenRider","floor":13},{"not_picked":["animator:ItamiYouji","animator:Father"],"picked":"animator:Sora","floor":16},{"not_picked":["animator:Gluttony","animator:Emonzaemon"],"picked":"animator:Kazuma","floor":18},{"not_picked":["animator:Azekura","animator:Megumin+1"],"picked":"animator:SilverFang","floor":19},{"not_picked":["animator:Tatsumaki","animator:Verdia"],"picked":"animator:Genos+1","floor":20},{"not_picked":["animator:Mitsurugi","animator:DolaRiku"],"picked":"animator:Tyuule+1","floor":23},{"not_picked":["animator:Priestess","animator:Konayuki"],"picked":"animator:Jibril","floor":25},{"not_picked":["hubris:InfiniteBlow+4","ReplayTheSpireMod:Echoes of Time"],"picked":"infinitespire:Fortify","floor":29},{"not_picked":["animator:Kuribayashi","animator:Azekura"],"picked":"animator:TukaLunaMarceau+1","floor":29},{"not_picked":["animator:DolaCouronne","animator:CowGirl+1"],"picked":"animator:Priestess+1","floor":31},{"not_picked":["animator:Shiro","animator:HigakiRinne"],"picked":"animator:PinaCoLada","floor":33}],"player_experience":570794,"relics_obtained":[{"floor":6,"key":"infinitespire:CursedDice"},{"floor":9,"key":"Replay:Wax Seal"},{"floor":14,"key":"ReplayTheSpireMod:TigerMarble"},{"floor":23,"key":"Gremlin Food"},{"floor":29,"key":"Whetstone"}],"event_choices":[{"damage_healed":0,"gold_gain":0,"player_choice":"Trade","damage_taken":0,"relics_obtained":["SsserpentHead"],"max_hp_gain":0,"max_hp_loss":0,"event_name":"FaceTrader","floor":21,"gold_loss":0}],"is_beta":false,"boss_relics":[{"not_picked":["Astrolabe","Painkiller Herb"],"picked":"Mark of Pain"},{"not_picked":["conspire:SeveredTorchhead","Black Star"],"picked":"SacredBark"}],"items_purged_floors":[10,11],"is_endless":false,"potions_floor_spawned":[4,8,12,16,19,23,33],"killed_by":"3 Shapes","ascension_level":1}}