{"host":"yd6hhqps9de4qmof","time":1611134942,"event":{"mods":["BaseMod","Downfall","Hermit","Highlight Path","Jorbs\u0027s Wanderer Trilogy","Minty Spire (QoL Compilation)","Relic Stats","Shade Mod","StSLib","The Cursed","The Servant 0.9.4"],"gold_per_floor":[199,216,235,235,248,148,174,12,41,41,41,53,53,63,80,180,180,180,192,211,226,226,244,244,244,274,274,290,309,309,329,347,452,452,452,468,486,503,526,526,526,526,556,575,575,242,242,269,169,169],"floor_reached":51,"language":"ENG","playtime":11618,"items_purged":["champ:Strike"],"score":756,"play_id":"26b50aa7-6bc8-4b4e-8a22-a3c5cf6a4566","local_time":"20210120102902","is_ascension_mode":false,"campfire_choices":[{"floor":1.0,"key":"RECALL"},{"floor":6.0,"key":"REST"},{"data":"champ:ShieldWall","floor":11.0,"key":"SMITH"},{"data":"champ:IronFortress","floor":13.0,"key":"SMITH"},{"data":"champ:IronFortress","floor":18.0,"key":"SMITH"},{"data":"champ:VampiricStrike","floor":35.0,"key":"SMITH"},{"data":"champ:Taunt","floor":40.0,"key":"SMITH"},{"data":"champ:UltimateStance","floor":47,"key":"SMITH"},{"data":"champ:SteelEdge","floor":49,"key":"SMITH"}],"circlet_count":0,"master_deck":["champ:Strike","champ:Strike","champ:Strike","champ:Defend","champ:Defend","champ:Defend","champ:Defend","champ:Execute","champ:Taunt+1","champ:SetATrap","champ:IronFortress+1","champ:IronFortress+1","champ:ShieldWall+1","champ:SkillfulDodge","champ:LastStand","champ:Backstep","champ:LastStand","champ:EnGarde+1","champ:PreemptiveStrike","champ:SkillfulDodge","champ:FocusedDefense","champ:ShieldSlam+1","champ:SkillfulDodge","champ:VampiricStrike+1","champ:SteelEdge+1","champ:GutPunch+1","champ:EnGarde+1","champ:FalseCounter+1","champ:UltimateStance+1","champ:ShieldWall+1","champ:DefensiveShout"],"relics":["champ:ChampionCrown","downfall:ShatteredFragment","downfall:HeartBlessingRed","Centennial Puzzle","hexamod:Sixitude","SlaversCollar","Nloth\u0027s Gift","hexamod:BolsterEngine","Mango","Singing Bowl","Sozu","Akabeko","StrikeDummy","Nunchaku","Shuriken","downfall:HeartBlessingGreen"],"acts_visited":["Exordium","TheCity","TheBeyond"],"potions_floor_usage":[43],"damage_taken":[{"damage":13.0,"enemies":"Small Slimes","floor":2.0,"turns":3.0},{"damage":21.0,"enemies":"Jaw Worm","floor":3.0,"turns":4.0},{"damage":10.0,"enemies":"Cultist","floor":5.0,"turns":3.0},{"damage":20.0,"enemies":"downfall:FleeingMerchant","floor":8.0,"turns":4.0},{"damage":26.0,"enemies":"Gremlin Nob","floor":9.0,"turns":4.0},{"damage":26.0,"enemies":"Exordium Thugs","floor":12.0,"turns":4.0},{"damage":10.0,"enemies":"Large Slime","floor":14.0,"turns":4.0},{"damage":6.0,"enemies":"Red Slaver","floor":15.0,"turns":3.0},{"damage":20.0,"enemies":"SI_SHIV_ARCHETYPE","floor":16.0,"turns":5.0},{"damage":14.0,"enemies":"Chosen","floor":19.0,"turns":5.0},{"damage":16.0,"enemies":"Shell Parasite","floor":20.0,"turns":6.0},{"damage":35.0,"enemies":"Snake Plant","floor":21.0,"turns":6.0},{"damage":30.0,"enemies":"Snecko","floor":23.0,"turns":5.0},{"damage":16.0,"enemies":"Book of Stabbing","floor":26.0,"turns":4.0},{"damage":9.0,"enemies":"Centurion and Healer","floor":28.0,"turns":6.0},{"damage":21.0,"enemies":"Cultist and Chosen","floor":29.0,"turns":5.0},{"damage":10.0,"enemies":"Chosen and Byrds","floor":31.0,"turns":4.0},{"damage":10.0,"enemies":"Snecko","floor":32.0,"turns":4.0},{"damage":16.0,"enemies":"IC_MUSHROOM_ARCHETYPE","floor":33.0,"turns":7.0},{"damage":32.0,"enemies":"3 Darklings","floor":36.0,"turns":5.0},{"damage":5.0,"enemies":"3 Shapes","floor":37.0,"turns":4.0},{"damage":24.0,"enemies":"Writhing Mass","floor":38.0,"turns":7.0},{"damage":29,"enemies":"Reptomancer","floor":43,"turns":6},{"damage":10,"enemies":"Spire Growth","floor":44,"turns":5},{"damage":3,"enemies":"Nemesis","floor":48,"turns":6},{"damage":44,"enemies":"DF_ARCHETYPE_ORBS","floor":50,"turns":11}],"seed_played":"1562785620625535176","potions_obtained":[{"floor":9.0,"key":"ColorlessPotion"},{"floor":14.0,"key":"champ:OpenerPotion"},{"floor":15.0,"key":"champ:TechniquePotion"},{"floor":21.0,"key":"LiquidMemories"},{"floor":33.0,"key":"champ:OpenerPotion"}],"is_trial":false,"path_per_floor":["R","M","M","?","M","R","T","$","E","?","R","M","R","M","M","B",null,"R","M","M","M","?","M","T","T","E","?","M","M","?","M","M","B",null,"R","M","M","M","?","R","T","?","E","M","?","?","R","E","R","B",null],"character_chosen":"THE_CHAMP","items_purchased":["champ:ShieldWall"],"campfire_rested":1,"item_purchase_floors":[8],"current_hp_per_floor":[90,87,76,49,49,76,76,76,60,53,53,47,47,47,41,31,90,90,86,80,50,50,35,35,49,43,43,36,15,15,15,17,10,108,108,86,81,57,57,57,57,57,38,28,28,122,122,119,119,90],"gold":169,"neow_bonus":"HUNDRED_GOLD","is_daily":false,"chose_seed":false,"campfire_upgraded":7,"win_rate":0.0,"timestamp":1611134942,"path_taken":["R","M","M","?","M","R","T","$","E","?","R","M","R","M","M","BOSS","R","M","M","M","?","?","T","?","E","?","?","M","?","M","M","BOSS","R","M","?","M","?","R","T","?","E","?","?","?","R","E","R","BOSS"],"items_purchased_type":["Card"],"build_version":"2020-12-22","purchased_purges":1,"victory":true,"max_hp_per_floor":[90,90,90,90,90,90,90,90,90,90,90,90,90,90,90,90,90,90,90,90,90,90,90,90,104,104,104,106,106,106,106,108,108,108,108,108,108,108,108,108,108,108,108,108,108,122,122,122,122,122],"relic_stats":{"Sozu":4,"Centennial Puzzle":[63],"Nunchaku":[4],"Singing Bowl":4,"counters":[26,130],"Shuriken":[1],"Nloth\u0027s Gift":3,"obtain_stats":[{"downfall:ShatteredFragment":4,"downfall:HeartBlessingRed":6,"Singing Bowl":26,"hexamod:Sixitude":10,"champ:ChampionCrown":0,"Mango":25,"downfall:HeartBlessingGreen":49,"Ancient Tea Set":7,"Akabeko":39,"Sozu":34,"SlaversCollar":17,"Centennial Puzzle":9,"Nunchaku":43,"Shuriken":48,"Nloth\u0027s Gift":22,"hexamod:BolsterEngine":24,"StrikeDummy":41},{"downfall:ShatteredFragment":2,"downfall:HeartBlessingRed":3,"Singing Bowl":14,"hexamod:Sixitude":5,"champ:ChampionCrown":0,"Mango":13,"downfall:HeartBlessingGreen":25,"Ancient Tea Set":3,"Akabeko":22,"Sozu":19,"SlaversCollar":9,"Centennial Puzzle":5,"Nunchaku":23,"Shuriken":25,"Nloth\u0027s Gift":12,"hexamod:BolsterEngine":13,"StrikeDummy":22},{"downfall:ShatteredFragment":7,"downfall:HeartBlessingRed":10,"Singing Bowl":60,"hexamod:Sixitude":18,"champ:ChampionCrown":0,"Mango":56,"downfall:HeartBlessingGreen":119,"Ancient Tea Set":10,"Akabeko":102,"Sozu":86,"SlaversCollar":34,"Centennial Puzzle":18,"Nunchaku":108,"Shuriken":119,"Nloth\u0027s Gift":51,"hexamod:BolsterEngine":56,"StrikeDummy":102}]},"card_choices":[{"not_picked":["champ:PerfectedStrike","champ:BerserkersShout"],"picked":"champ:SetATrap","floor":2.0},{"not_picked":["champ:SetATrap","champ:Shatter"],"picked":"champ:IronFortress","floor":3.0},{"not_picked":["champ:BerserkersShout","champ:Lariat"],"picked":"champ:IronFortress","floor":5.0},{"not_picked":["champ:EndlessRage","champ:CrownThrow","champ:GladiatorStyle"],"picked":"SKIP","floor":8.0},{"not_picked":["champ:FaceSlap","champ:StanceDance"],"picked":"champ:SkillfulDodge","floor":9.0},{"not_picked":["champ:GutPunch","champ:EndlessRage"],"picked":"champ:LastStand","floor":12.0},{"not_picked":["champ:EndlessRage","champ:CrownThrow","champ:Encircle"],"picked":"SKIP","floor":14.0},{"not_picked":["champ:EnGarde","champ:ArenaPreparation"],"picked":"champ:Backstep","floor":15.0},{"not_picked":["champ:StrikeOfGenius","champ:Devastate"],"picked":"champ:LastStand","floor":16.0},{"not_picked":["champ:EnragedBash+1","champ:FanOfKnives"],"picked":"champ:EnGarde+1","floor":19.0},{"not_picked":["champ:PerfectedStrike","champ:PreciseThrust"],"picked":"champ:PreemptiveStrike","floor":20.0},{"not_picked":["champ:BladeFlurry+1","champ:AdrenalArmor","champ:HeartStrike"],"picked":"SKIP","floor":21.0},{"not_picked":["champ:BladeFlurry","champ:Circumvent"],"picked":"champ:SkillfulDodge","floor":23.0},{"not_picked":["champ:HeartStrike","champ:AdrenalArmor"],"picked":"champ:FocusedDefense","floor":26.0},{"not_picked":["champ:FaceSlap","champ:Shatter","champ:ArenaPreparation"],"picked":"Singing Bowl","floor":28.0},{"not_picked":["champ:Shatter+1","champ:GladiatorStyle"],"picked":"champ:ShieldSlam+1","floor":29.0},{"not_picked":["champ:BerserkersShout","champ:FancyFootwork"],"picked":"champ:VampiricStrike","floor":31.0},{"not_picked":["champ:BladeFlurry","champ:Encircle+1","champ:RecklessLeap+1"],"picked":"Singing Bowl","floor":32.0},{"not_picked":["champ:HeavySlash","champ:Improvising"],"picked":"champ:SteelEdge","floor":33.0},{"not_picked":["champ:Shatter+1","champ:HeavySlash"],"picked":"champ:GutPunch+1","floor":36.0},{"not_picked":["champ:CrookedStrike+1","champ:BringItOn"],"picked":"champ:EnGarde+1","floor":37.0},{"not_picked":["champ:EndlessRage","champ:Shatter+1"],"picked":"champ:FalseCounter+1","floor":38.0},{"not_picked":["champ:EnragedBash+1","champ:StanceDance+1"],"picked":"champ:UltimateStance","floor":43},{"not_picked":["champ:DefensiveShout+1","champ:Haymaker"],"picked":"champ:ShieldWall+1","floor":44},{"not_picked":["champ:RecklessLeap","champ:ShieldThrow"],"picked":"champ:DefensiveShout","floor":48}],"player_experience":1131534,"relics_obtained":[{"floor":7.0,"key":"Ancient Tea Set"},{"floor":9.0,"key":"Centennial Puzzle"},{"floor":24.0,"key":"hexamod:BolsterEngine"},{"floor":25.0,"key":"Mango"},{"floor":26.0,"key":"Singing Bowl"},{"floor":39.0,"key":"Akabeko"},{"floor":41,"key":"StrikeDummy"},{"floor":43,"key":"Nunchaku"},{"floor":48,"key":"Shuriken"}],"event_choices":[{"damage_healed":0.0,"max_hp_gain":0.0,"max_hp_loss":0.0,"gold_gain":0.0,"event_name":"Scrap Ooze","player_choice":"Success","floor":10.0,"gold_loss":0.0,"damage_taken":7.0,"relics_obtained":["hexamod:Sixitude"]},{"damage_healed":0,"gold_gain":0,"player_choice":"Ignored","damage_taken":0,"max_hp_gain":0,"max_hp_loss":0,"event_name":"Mysterious Sphere","floor":45,"gold_loss":0}],"is_beta":false,"boss_relics":[{"not_picked":["Empty Cage","Runic Pyramid"],"picked":"SlaversCollar"},{"not_picked":["Philosopher\u0027s Stone","Busted Crown"],"picked":"Sozu"}],"items_purged_floors":[8],"is_endless":false,"potions_floor_spawned":[9,14,15,21,23,29,32,33,38,43,44,48],"ascension_level":0}}