{"host":"pletss163z7s8pvv","time":1611111696,"event":{"mods":["AchievementEnabler","BaseMod","Better Altar","CapriCore","Colored Map","Colored Powertips","Conspire","Energized Spire","GifTheSpireLib","Hermit","Ironclad Rager","Minty Spire (QoL Compilation)","Spicy Shops","StS++","StSLib"],"gold_per_floor":[118,118,130,9,19,49,49,49,49,49,65,80,92,110,110,207,207,219,28,48,48,65,65,75,75,75,75,75,75],"floor_reached":28,"language":"ENG","playtime":906,"items_purged":[],"score":322,"play_id":"10680b1d-910f-4134-833e-5adf138e3945","local_time":"20210119210136","is_ascension_mode":false,"campfire_choices":[{"floor":7,"key":"REST"},{"floor":10,"key":"RECALL"},{"floor":15,"key":"REST"},{"floor":23,"key":"REST"}],"circlet_count":0,"master_deck":["hermit:Strike_Hermit+1","hermit:Strike_Hermit+1","hermit:Strike_Hermit+1","hermit:Strike_Hermit+1","hermit:Defend_Hermit+1","hermit:Defend_Hermit+1","hermit:Defend_Hermit+1","hermit:Defend_Hermit+1","hermit:Snapshot","hermit:Covet","hermit:Maintenance","hermit:FlashPowder","Doubt","hermit:Coalescence","hermit:CursedWeapon","hermit:Misfire","Parasite","hermit:Spite","hermit:PistolWhip","hermit:Snipe","hermit:HighNoon","hermit:SprayPray","Writhe","hermit:Determination","hermit:Feint","hermit:Quickdraw","hermit:Grudge+1","hermit:Ricochet+1","Shame","Doubt"],"relics":["hermit:Momento","hermit:Spyglass","Incense Burner","The Courier","Cursed Key","PreservedInsect","Chemical X","Molten Egg 2","Letter Opener","Dream Catcher"],"acts_visited":["Exordium","TheCity"],"potions_floor_usage":[16,16,28],"damage_taken":[{"damage":1,"enemies":"Cultist","floor":1,"turns":3},{"damage":0,"enemies":"2 Louse","floor":3,"turns":3},{"damage":0,"enemies":"Small Slimes","floor":5,"turns":3},{"damage":49,"enemies":"3 Sentries","floor":6,"turns":11},{"damage":14,"enemies":"Gremlin Gang","floor":11,"turns":5},{"damage":2,"enemies":"Large Slime","floor":12,"turns":6},{"damage":2,"enemies":"3 Louse","floor":13,"turns":4},{"damage":22,"enemies":"Exordium Wildlife","floor":14,"turns":3},{"damage":39,"enemies":"Hexaghost","floor":16,"turns":15},{"damage":14,"enemies":"Chosen","floor":18,"turns":5},{"damage":25,"enemies":"Shell Parasite","floor":20,"turns":8},{"damage":7,"enemies":"Snecko","floor":22,"turns":5},{"damage":41,"enemies":"3 Cultists","floor":24,"turns":6},{"damage":24,"enemies":"Centurion and Healer","floor":28,"turns":4}],"seed_played":"3346933525838670876","potions_obtained":[{"floor":1,"key":"SkillPotion"},{"floor":6,"key":"SpeedPotion"},{"floor":13,"key":"PowerPotion"},{"floor":16,"key":"DuplicationPotion"}],"is_trial":false,"path_per_floor":["M","?","M","$","M","E","R","?","T","R","M","M","M","M","R","B",null,"M","$","M","?","M","R","M","?","T","?","M"],"character_chosen":"HERMIT","items_purchased":["hermit:Spyglass","hermit:Coalescence","PreservedInsect","Chemical X","hermit:Determination","hermit:Feint"],"campfire_rested":3,"item_purchase_floors":[4,4,19,19,19,19],"current_hp_per_floor":[81,81,81,81,81,32,56,76,76,76,62,60,58,36,60,21,82,68,68,43,43,36,60,19,19,19,19,0,0],"gold":75,"neow_bonus":"TEN_PERCENT_HP_BONUS","is_daily":false,"chose_seed":false,"campfire_upgraded":0,"win_rate":0.0,"timestamp":1611111696,"path_taken":["M","?","M","?","M","E","R","?","T","R","M","M","M","M","R","BOSS","M","$","M","?","M","R","?","?","T","?","M"],"items_purchased_type":["Relic","Card","Relic","Relic","Card","Card"],"build_version":"2020-12-22","purchased_purges":0,"victory":false,"max_hp_per_floor":[82,82,82,82,82,82,82,82,82,82,82,82,82,82,82,82,82,82,82,82,82,82,82,82,82,82,82,82,82],"card_choices":[{"not_picked":["hermit:Enervate","hermit:FlashPowder"],"picked":"hermit:Maintenance","floor":1},{"not_picked":["hermit:Vantage","hermit:LuckOfTheDraw"],"picked":"hermit:FlashPowder","floor":3},{"not_picked":["hermit:BodyArmor","hermit:Deadeye"],"picked":"hermit:CursedWeapon","floor":5},{"not_picked":["hermit:Gestalt","hermit:Adapt"],"picked":"hermit:Misfire","floor":6},{"not_picked":["hermit:Glare","hermit:Feint"],"picked":"hermit:Spite","floor":11},{"not_picked":["hermit:ItchyTrigger","hermit:TrackingShot"],"picked":"hermit:BigShot","floor":12},{"not_picked":["hermit:Glare","hermit:TrackingShot"],"picked":"hermit:PistolWhip","floor":13},{"not_picked":["hermit:Vantage","hermit:GhostlyPresence"],"picked":"hermit:Snipe","floor":14},{"not_picked":["hermit:BlackWind","hermit:DeadOrAlive"],"picked":"hermit:HighNoon","floor":16},{"not_picked":["hermit:Roulette","hermit:Coalescence"],"picked":"hermit:SprayPray","floor":18},{"not_picked":["hermit:Misfire+1","hermit:Virtue+1"],"picked":"hermit:Quickdraw","floor":20},{"not_picked":["hermit:Feint","hermit:FlashPowder"],"picked":"hermit:Grudge+1","floor":22},{"not_picked":["hermit:HighCaliber+1","hermit:Manifest"],"picked":"hermit:Ricochet+1","floor":24}],"player_experience":423680,"relics_obtained":[{"floor":6,"key":"Incense Burner"},{"floor":9,"key":"The Courier"},{"floor":26,"key":"Dream Catcher"}],"event_choices":[{"damage_healed":0,"gold_gain":0,"player_choice":"Leave","damage_taken":0,"max_hp_gain":0,"max_hp_loss":0,"event_name":"The Cleric","floor":2,"gold_loss":0},{"damage_healed":20,"gold_gain":0,"player_choice":"Healed and dodged fight","damage_taken":0,"max_hp_gain":0,"max_hp_loss":0,"event_name":"Mushrooms","floor":8,"gold_loss":0,"cards_obtained":["Parasite"]},{"cards_removed":["hermit:BigShot"],"damage_healed":0,"gold_gain":0,"player_choice":"Gave Card","damage_taken":0,"relics_obtained":["Molten Egg 2"],"max_hp_gain":0,"max_hp_loss":0,"event_name":"WeMeetAgain","floor":21,"gold_loss":0},{"damage_healed":0,"gold_gain":0,"player_choice":"Stole Relic","damage_taken":0,"relics_obtained":["Letter Opener"],"max_hp_gain":0,"max_hp_loss":0,"event_name":"Addict","floor":25,"gold_loss":0,"cards_obtained":["Shame"]},{"damage_healed":0,"gold_gain":0,"player_choice":"Simplicity","damage_taken":0,"max_hp_gain":0,"max_hp_loss":0,"event_name":"Back to Basics","floor":27,"gold_loss":0,"cards_upgraded":["hermit:Strike_Hermit","hermit:Strike_Hermit","hermit:Strike_Hermit","hermit:Strike_Hermit","hermit:Defend_Hermit","hermit:Defend_Hermit","hermit:Defend_Hermit","hermit:Defend_Hermit"]}],"is_beta":false,"boss_relics":[{"not_picked":["energizedSpire:OgreHead","Snecko Eye"],"picked":"Cursed Key"}],"items_purged_floors":[],"is_endless":false,"potions_floor_spawned":[1,6,13,16],"killed_by":"Centurion and Healer","ascension_level":0}}