{"host":"eemx8njkng76fu5x","time":1611158275,"event":{"mods":["2.2 Compatiblity","BaseMod","Downfall","Minty Spire (QoL Compilation)","Permanent Neow","StSLib","Unceasing Turn Reminder","Unknown Chances"],"gold_per_floor":[99,117,117,131,151,179,179,204,104,89,89,118,18,43,59,160,160,60,73,90,110,110,122,122,147,161,71,124,124,286,317,335,432,482,482,492,492,542,133,133,158,187,201,201,221,221,248,264,280,280,280,307,64,64,64,64],"floor_reached":57,"language":"ENG","playtime":4070,"items_purged":["bronze:Strike","bronze:Strike","bronze:Strike","bronze:Replicate"],"score":1634,"play_id":"8d5455d9-196b-4eb7-83f2-89b010daae31","local_time":"20210120235755","is_ascension_mode":true,"campfire_choices":[{"data":"bronze:Goto","floor":1.0,"key":"SMITH"},{"floor":9.0,"key":"RECALL"},{"data":"bronze:Virus","floor":11.0,"key":"SMITH"},{"data":"bronze:BuggyMess","floor":13.0,"key":"SMITH"},{"data":"bronze:Branch","floor":18.0,"key":"SMITH"},{"data":"bronze:ItsAFeature","floor":29.0,"key":"SMITH"},{"data":"bronze:MaxOutput","floor":35.0,"key":"SMITH"},{"data":"bronze:Repulsor","floor":46.0,"key":"SMITH"},{"data":"bronze:Shield","floor":54,"key":"SMITH"}],"circlet_count":0,"master_deck":["bronze:Defend","bronze:Defend","bronze:Defend","bronze:Defend+1","bronze:Goto+1","bronze:ChosenStrike","bronze:Virus+1","bronze:BuggyMess+1","bronze:Backtrace","bronze:Branch+1","bronze:Repair","bronze:Refactor","bronze:WildBeam","bronze:ItsAFeature+1","Flash of Steel","bronze:Branch","bronze:OilSpill","bronze:Constructor+1","bronze:MaxOutput+1","bronze:Branch+1","bronze:Backtrace+1","bronze:Shield+1","bronze:Backtrace","bronze:Repulsor+1","bronze:Invalidate+1","bronze:Shield+1","bronze:BronzeOrb+1","bronze:MaxOutput","bronze:BuggyMess+1","bronze:Optimize+1","bronze:ItsAFeature+1"],"relics":["bronze:BronzeCore","StoneCalendar","White Beast Statue","downfall:HeartBlessingBlue","Vajra","downfall:HeartBlessingRed","hexamod:BolsterEngine","Black Star","downfall:HeartBlessingGreen","Prayer Wheel","Blood Vial","bronze:Timepiece","Boot","Torii","Bronze Scales","Tiny House","Gambling Chip","Mummified Hand","Strawberry","FossilizedHelix","Calipers","The Courier","Ornamental Fan","bronze:BronzeIdol","hexamod:CandleOfCauterizing","DollysMirror"],"acts_visited":["Exordium","TheCity","TheBeyond","TheEnding"],"potions_floor_usage":[50,52],"damage_taken":[{"damage":0.0,"enemies":"Small Slimes","floor":2.0,"turns":3.0},{"damage":2.0,"enemies":"Jaw Worm","floor":4.0,"turns":3.0},{"damage":0.0,"enemies":"Cultist","floor":5.0,"turns":2.0},{"damage":0.0,"enemies":"Gremlin Nob","floor":6.0,"turns":2.0},{"damage":5.0,"enemies":"3 Sentries","floor":8.0,"turns":7.0},{"damage":5.0,"enemies":"downfall:FleeingMerchant","floor":10.0,"turns":4.0},{"damage":12.0,"enemies":"Gremlin Nob","floor":12.0,"turns":3.0},{"damage":11.0,"enemies":"Lagavulin","floor":14.0,"turns":5.0},{"damage":0.0,"enemies":"Exordium Wildlife","floor":15.0,"turns":3.0},{"damage":3.0,"enemies":"IC_STATUS_ARCHETYPE","floor":16.0,"turns":5.0},{"damage":4.0,"enemies":"Spheric Guardian","floor":19.0,"turns":3.0},{"damage":0.0,"enemies":"Chosen","floor":20.0,"turns":3.0},{"damage":0.0,"enemies":"Centurion and Healer","floor":21.0,"turns":4.0},{"damage":2.0,"enemies":"Cultist and Chosen","floor":23.0,"turns":3.0},{"damage":6.0,"enemies":"Book of Stabbing","floor":25.0,"turns":4.0},{"damage":0.0,"enemies":"3 Cultists","floor":26.0,"turns":4.0},{"damage":3.0,"enemies":"downfall:FleeingMerchant","floor":27.0,"turns":4.0},{"damage":10.0,"enemies":"downfall:FleeingMerchant","floor":30.0,"turns":3.0},{"damage":3.0,"enemies":"Slavers","floor":31.0,"turns":4.0},{"damage":1.0,"enemies":"Snecko","floor":32.0,"turns":4.0},{"damage":1.0,"enemies":"WA_ARCHETYPE_CALM","floor":33.0,"turns":5.0},{"damage":0.0,"enemies":"Orb Walker","floor":36.0,"turns":1.0},{"damage":2.0,"enemies":"3 Shapes","floor":37.0,"turns":5.0},{"damage":0.0,"enemies":"3 Shapes","floor":38.0,"turns":3.0},{"damage":8.0,"enemies":"Reptomancer","floor":42.0,"turns":6.0},{"damage":0.0,"enemies":"Sphere and 2 Shapes","floor":43.0,"turns":4.0},{"damage":0.0,"enemies":"Maw","floor":45.0,"turns":5.0},{"damage":0.0,"enemies":"Giant Head","floor":47.0,"turns":5.0},{"damage":0.0,"enemies":"Spire Growth","floor":48.0,"turns":3.0},{"damage":0,"enemies":"Jaw Worm Horde","floor":49,"turns":3},{"damage":4,"enemies":"DF_ARCHETYPE_ORBS","floor":50,"turns":6},{"damage":9,"enemies":"downfall:CharBossMerchant","floor":52,"turns":7},{"damage":0,"enemies":"downfall:NeowBoss","floor":55,"turns":10},{"damage":2,"enemies":"downfall:NeowBossFinal","floor":56,"turns":7}],"seed_played":"-678830491613041302","potions_obtained":[{"floor":0.0,"key":"SkillPotion"},{"floor":0.0,"key":"EssenceOfSteel"},{"floor":0.0,"key":"DistilledChaos"},{"floor":10.0,"key":"Fire Potion"},{"floor":15.0,"key":"Fruit Juice"},{"floor":16.0,"key":"Ancient Potion"},{"floor":19.0,"key":"BlessingOfTheForge"},{"floor":23.0,"key":"Dexterity Potion"},{"floor":25.0,"key":"SkillPotion"},{"floor":27.0,"key":"sneckomod:MuddlingPotion"},{"floor":30.0,"key":"Explosive Potion"},{"floor":31.0,"key":"SteroidPotion"},{"floor":32.0,"key":"Energy Potion"},{"floor":38.0,"key":"Regen Potion"},{"floor":42.0,"key":"Explosive Potion"},{"floor":43.0,"key":"bronze:CleanCodePotion"},{"floor":45.0,"key":"Fruit Juice"},{"floor":47.0,"key":"DuplicationPotion"},{"floor":48.0,"key":"Strength Potion"},{"floor":52,"key":"BlessingOfTheForge"}],"is_trial":false,"path_per_floor":["R","M","?","M","M","E","T","E","R","$","R","E","R","E","M","B",null,"R","M","M","M","?","M","T","E","M","$","T","R","$","E","M","B",null,"R","M","M","?","$","?","T","E","M","?","M","R","E","M","M","B",null,"E","$","R","B","B",null],"character_chosen":"THE_AUTOMATON","items_purchased":["bronze:MaxOutput","Mummified Hand","bronze:Repulsor","DollysMirror"],"campfire_rested":0,"item_purchase_floors":[30,39,39,53],"current_hp_per_floor":[70,70,70,68,68,68,68,63,73,68,68,56,56,52,59,68,81,81,81,85,85,85,83,83,79,85,85,85,85,75,81,84,84,90,90,90,90,90,90,100,107,99,107,107,107,107,112,112,112,112,112,103,103,103,112,112],"gold":64,"neow_bonus":"THREE_SMALL_POTIONS","is_daily":false,"chose_seed":false,"campfire_upgraded":8,"win_rate":0.0,"timestamp":1611158275,"path_taken":["R","M","?","M","M","E","T","E","R","$","R","E","R","E","M","BOSS","R","M","M","M","?","M","T","E","M","?","?","R","$","E","M","BOSS","R","M","M","?","$","?","T","E","M","?","M","R","E","M","M","BOSS","E","$","R","BOSS","BOSS"],"items_purchased_type":["Card","Relic","Card","Relic"],"build_version":"2020-12-22","purchased_purges":4,"victory":true,"max_hp_per_floor":[70,70,70,70,70,70,70,70,80,80,80,80,80,80,80,85,85,85,85,85,85,85,85,85,85,85,85,85,85,85,85,85,85,90,90,90,90,90,90,100,107,107,107,107,107,107,112,112,112,112,112,112,112,112,112,112],"card_choices":[{"not_picked":["bronze:BitShift","bronze:Branch"],"picked":"bronze:ChosenStrike","floor":2.0},{"not_picked":["bronze:Constructor","bronze:WildBeam"],"picked":"bronze:Virus","floor":4.0},{"not_picked":["bronze:InfiniteBeams","bronze:Allocate"],"picked":"bronze:BuggyMess","floor":5.0},{"not_picked":["bronze:Constructor","bronze:DelayedSlice"],"picked":"bronze:Backtrace","floor":6.0},{"not_picked":["bronze:BugBarrage","bronze:ClassDefault"],"picked":"bronze:DelayedGuard","floor":8.0},{"not_picked":["bronze:BugBarrage","bronze:ClassDefault"],"picked":"bronze:Branch","floor":10.0},{"not_picked":["bronze:DelayedSlice","bronze:CutThrough"],"picked":"bronze:Repair","floor":12.0},{"not_picked":["bronze:DarkDash","bronze:Turbo"],"picked":"bronze:Refactor","floor":14.0},{"not_picked":["bronze:Turbo","bronze:CutThrough"],"picked":"bronze:WildBeam","floor":15.0},{"not_picked":["bronze:Deprecate","bronze:WildBeam","bronze:BronzeArmor"],"picked":"SKIP","floor":19.0},{"not_picked":["bronze:Repair","bronze:CutThrough","bronze:BitShift"],"picked":"SKIP","floor":20.0},{"not_picked":["bronze:OilSpill","bronze:Shield"],"picked":"bronze:ItsAFeature","floor":21.0},{"not_picked":["bronze:Invalidate","bronze:FineTuning","bronze:Branch"],"picked":"SKIP","floor":23.0},{"not_picked":["bronze:BitShift","bronze:DelayedSlice"],"picked":"bronze:Branch","floor":25.0},{"not_picked":["bronze:InfiniteLoop","bronze:CloningBeam"],"picked":"bronze:OilSpill","floor":26.0},{"not_picked":["bronze:DigitalCarnage","bronze:WhirlingStrike","bronze:ChildClass"],"picked":"SKIP","floor":26.0},{"not_picked":["bronze:DelayedSlice+1","bronze:FineTuning","bronze:FollowUp"],"picked":"SKIP","floor":27.0},{"not_picked":["bronze:Turbo","bronze:Overheat"],"picked":"bronze:Constructor+1","floor":30.0},{"not_picked":["bronze:DelayedGuard","bronze:Refactor"],"picked":"bronze:Branch+1","floor":31.0},{"not_picked":["bronze:Shield","bronze:Invalidate"],"picked":"bronze:Backtrace+1","floor":32.0},{"not_picked":["bronze:Overheat+1","bronze:WildBeam"],"picked":"bronze:Shield","floor":32.0},{"not_picked":["bronze:SpaghettiCode","bronze:InfiniteLoop"],"picked":"bronze:BurnOut","floor":33.0},{"not_picked":["bronze:Invalidate","bronze:Separator","bronze:BitShift"],"picked":"SKIP","floor":36.0},{"not_picked":["bronze:FineTuning+1","bronze:BuggyMess","bronze:Philosophize+1"],"picked":"SKIP","floor":36.0},{"not_picked":["bronze:Deprecate+1","bronze:ForceShield+1"],"picked":"bronze:Backtrace","floor":37.0},{"not_picked":["bronze:DigitalCarnage+1","bronze:Turbo","bronze:ForceShield"],"picked":"SKIP","floor":37.0},{"not_picked":["bronze:Invalidate+1","bronze:ForLoop+1","bronze:Optimize"],"picked":"SKIP","floor":42.0},{"not_picked":["bronze:ForLoop+1","bronze:Optimize"],"picked":"bronze:Invalidate+1","floor":42.0},{"not_picked":["bronze:Overheat","bronze:Boost","bronze:FollowUp+1"],"picked":"SKIP","floor":43.0},{"not_picked":["bronze:WhirlingStrike","bronze:DelayedSlice+1","bronze:AlphaBuild"],"picked":"SKIP","floor":43.0},{"not_picked":["bronze:Return","bronze:DelayedSlice"],"picked":"bronze:Shield+1","floor":45.0},{"not_picked":["bronze:Philosophize","bronze:DelayedGuard"],"picked":"bronze:BronzeOrb+1","floor":45.0},{"not_picked":["bronze:BitShift+1","bronze:Overload+1"],"picked":"bronze:MaxOutput","floor":47.0},{"not_picked":["bronze:InfiniteBeams+1","bronze:CloningBeam","bronze:OilSpill"],"picked":"SKIP","floor":48.0},{"not_picked":["bronze:DelayedGuard","bronze:FollowUp","bronze:BuggyMess"],"picked":"SKIP","floor":48.0},{"not_picked":["bronze:InfiniteBeams+1","bronze:CloningBeam","bronze:OilSpill"],"picked":"SKIP","floor":48.0},{"not_picked":["bronze:DelayedGuard","bronze:FollowUp","bronze:BuggyMess"],"picked":"SKIP","floor":48.0},{"not_picked":["bronze:Invalidate+1","bronze:Format"],"picked":"bronze:BuggyMess+1","floor":49},{"not_picked":["bronze:BronzeArmor","bronze:Overload","bronze:Iterate+1"],"picked":"SKIP","floor":49},{"not_picked":["bronze:Separator+1","bronze:Refactor"],"picked":"bronze:Optimize+1","floor":52}],"player_experience":512062,"relics_obtained":[{"floor":6.0,"key":"StoneCalendar"},{"floor":8.0,"key":"White Beast Statue"},{"floor":12.0,"key":"Vajra"},{"floor":14.0,"key":"hexamod:BolsterEngine"},{"floor":24.0,"key":"Prayer Wheel"},{"floor":25.0,"key":"Blood Vial"},{"floor":25.0,"key":"bronze:Timepiece"},{"floor":28.0,"key":"Boot"},{"floor":31.0,"key":"Torii"},{"floor":31.0,"key":"Bronze Scales"},{"floor":38.0,"key":"Gambling Chip"},{"floor":41.0,"key":"Strawberry"},{"floor":42.0,"key":"FossilizedHelix"},{"floor":42.0,"key":"Calipers"},{"floor":47.0,"key":"The Courier"},{"floor":47.0,"key":"Ornamental Fan"},{"floor":52,"key":"bronze:BronzeIdol"},{"floor":52,"key":"hexamod:CandleOfCauterizing"}],"event_choices":[{"cards_removed":["bronze:Strike"],"damage_healed":0.0,"max_hp_gain":0.0,"max_hp_loss":0.0,"gold_gain":0.0,"event_name":"The Cleric","player_choice":"Card Removal","floor":3.0,"gold_loss":0.0,"damage_taken":0.0},{"cards_removed":["bronze:DelayedGuard"],"damage_healed":0.0,"max_hp_gain":0.0,"max_hp_loss":0.0,"gold_gain":0.0,"event_name":"Falling","player_choice":"Removed Skill","floor":44.0,"gold_loss":0.0,"damage_taken":0.0}],"is_beta":false,"boss_relics":[{"not_picked":["SacredBark","Pandora\u0027s Box"],"picked":"Black Star"},{"not_picked":["Astrolabe","Snecko Eye"],"picked":"Tiny House"}],"items_purged_floors":[27,30,39,53],"is_endless":false,"potions_floor_spawned":[4,5,10,12,14,15,16,19,20,21,23,25,26,27,30,31,32,33,36,37,38,42,43,45,47,48,49,52],"ascension_level":5}}