{"host":"6cl6ydfziu43iq79","time":1611148323,"event":{"mods":["AchievementEnabler","Aspiration","BaseMod","CCEM","Minty Spire (QoL Compilation)","Shop Mod","StSLib","Unceasing Turn Reminder","everything is the same but u backflip on backflip"],"gold_per_floor":[111,122,122,136,211,211,211,101,101,130,146,158,21,36,36,141,141,158,158,208,227,246,246,273,273,273,77,112,112,43,59,59,160,160,172,223,235,246,260,293,304,323,323,323,108,128,141,153,153,153],"floor_reached":51,"language":"ENG","playtime":3463,"items_purged":["Strike_B","Injury","Strike_B"],"score":698,"play_id":"b91cd78a-2429-4697-8b21-07c0bb8123df","local_time":"20210120141203","is_ascension_mode":false,"campfire_choices":[{"data":"White Noise","floor":6,"key":"SMITH"},{"data":"Leap","floor":15,"key":"SMITH"},{"data":"Barrage","floor":23,"key":"SMITH"},{"data":"Ball Lightning","floor":25,"key":"SMITH"},{"data":"Seek","floor":32,"key":"SMITH"},{"data":"Barrage","floor":49,"key":"SMITH"}],"circlet_count":0,"master_deck":["Strike_B","Strike_B","Defend_B","Defend_B","Defend_B","Zap","Dualcast","White Noise+1","Leap+1","Barrage+1","Self Repair+1","FTL","Self Repair+1","Storm+1","Seek+1","Cold Snap","Ball Lightning+1","Heatsinks+1","Defragment+1","Defragment+1","Core Surge","Buffer+1","Sweeping Beam+1","Barrage+1","Storm+1","Capacitor+1","Machine Learning+1","Heatsinks+1"],"relics":["Cracked Core","aspiration:Nostalgia","PureWater","Frozen Egg 2","aspiration:FrozenJewel","CCEMRelics:CocoNut","aspiration:BursterCore","Peace Pipe","Ornamental Fan","Lantern","aspiration:EnhancedActuators","Vajra","aspiration:FetidBarrel","CCEMRelics:BiPhaseBiplane"],"acts_visited":["Exordium","TheCity","TheBeyond"],"potions_floor_usage":[10,16,21,33,50,50],"damage_taken":[{"damage":7,"enemies":"Jaw Worm","floor":1,"turns":4},{"damage":5,"enemies":"2 Louse","floor":2,"turns":2},{"damage":1,"enemies":"Cultist","floor":4,"turns":4},{"damage":13,"enemies":"3 Sentries","floor":10,"turns":7},{"damage":0,"enemies":"Exordium Thugs","floor":11,"turns":3},{"damage":0,"enemies":"3 Louse","floor":12,"turns":2},{"damage":1,"enemies":"Blue Slaver","floor":14,"turns":3},{"damage":29,"enemies":"The Guardian","floor":16,"turns":8},{"damage":6,"enemies":"Spheric Guardian","floor":18,"turns":4},{"damage":5,"enemies":"Shell Parasite","floor":21,"turns":2},{"damage":7,"enemies":"Centurion and Healer","floor":22,"turns":4},{"damage":26,"enemies":"Slavers","floor":24,"turns":3},{"damage":6,"enemies":"Book of Stabbing","floor":28,"turns":3},{"damage":0,"enemies":"3 Cultists","floor":31,"turns":2},{"damage":49,"enemies":"Collector","floor":33,"turns":7},{"damage":0,"enemies":"3 Shapes","floor":35,"turns":4},{"damage":4,"enemies":"Orb Walker","floor":37,"turns":3},{"damage":0,"enemies":"Transient","floor":38,"turns":5},{"damage":0,"enemies":"Maw","floor":39,"turns":4},{"damage":11,"enemies":"Giant Head","floor":40,"turns":5},{"damage":0,"enemies":"Spire Growth","floor":41,"turns":3},{"damage":8,"enemies":"Jaw Worm Horde","floor":42,"turns":2},{"damage":5,"enemies":"Sphere and 2 Shapes","floor":46,"turns":2},{"damage":3,"enemies":"4 Shapes","floor":47,"turns":2},{"damage":14,"enemies":"Maw","floor":48,"turns":3},{"damage":21,"enemies":"Awakened One","floor":50,"turns":5}],"seed_played":"7524528337060253442","potions_obtained":[{"floor":4,"key":"DuplicationPotion"},{"floor":10,"key":"EssenceOfDarkness"},{"floor":12,"key":"Swift Potion"},{"floor":14,"key":"Strength Potion"},{"floor":16,"key":"FairyPotion"},{"floor":24,"key":"BlessingOfTheForge"},{"floor":28,"key":"ColorlessPotion"},{"floor":37,"key":"DistilledChaos"},{"floor":39,"key":"PowerPotion"}],"is_trial":false,"path_per_floor":["M","M","?","M","?","R","?","$","T","E","M","M","$","M","R","B",null,"M","$","?","M","M","R","E","R","T","$","E","?","$","M","R","B",null,"M","T","M","M","M","E","M","M","T","?","$","M","M","M","R","B",null],"character_chosen":"DEFECT","items_purchased":["Self Repair+1","Storm+1","Defragment+1","Core Surge","Heatsinks+1","CCEMRelics:BiPhaseBiplane"],"campfire_rested":0,"item_purchase_floors":[8,13,27,30,45,45],"current_hp_per_floor":[68,63,63,62,51,51,51,51,51,53,63,63,63,80,80,71,80,80,80,80,80,80,80,74,74,74,74,78,63,63,73,73,44,85,85,85,85,85,85,84,84,76,76,76,76,81,85,81,81,80],"gold":153,"neow_bonus":"NOSTALGIA","is_daily":false,"chose_seed":false,"campfire_upgraded":6,"win_rate":0.0,"timestamp":1611148323,"path_taken":["M","M","?","M","?","R","?","$","T","E","M","M","$","M","R","BOSS","M","$","?","M","M","R","E","R","T","?","E","?","?","M","R","BOSS","M","?","M","M","M","E","M","M","T","?","$","M","M","M","R","BOSS"],"items_purchased_type":["Card","Card","Card","Card","Card","Relic"],"build_version":"2020-12-22","purchased_purges":3,"victory":true,"max_hp_per_floor":[75,75,75,75,75,75,75,75,75,80,80,80,80,80,80,80,80,80,80,80,80,80,80,80,80,80,80,80,85,85,85,85,85,85,85,85,85,85,85,85,85,85,85,85,85,85,85,85,85,85],"card_choices":[{"not_picked":["Conserve Battery","Cold Snap"],"picked":"White Noise","floor":1},{"not_picked":["Redo","Coolheaded"],"picked":"Leap","floor":2},{"not_picked":["Beam Cell","Genetic Algorithm"],"picked":"Barrage","floor":4},{"not_picked":["Steam","Rainbow"],"picked":"FTL","floor":10},{"not_picked":["Chill","Consume"],"picked":"Self Repair+1","floor":11},{"not_picked":["Redo","Conserve Battery","Recycle"],"picked":"SKIP","floor":12},{"not_picked":["Go for the Eyes","Coolheaded","Genetic Algorithm"],"picked":"SKIP","floor":14},{"not_picked":["Multi-Cast","Hyperbeam"],"picked":"Seek","floor":16},{"not_picked":["Rip and Tear","Streamline+1","Coolheaded"],"picked":"SKIP","floor":18},{"not_picked":["Rebound","Beam Cell"],"picked":"Cold Snap","floor":21},{"not_picked":["aspiration:Polymerization+1","Leap"],"picked":"Ball Lightning","floor":22},{"not_picked":["Tempest+1","Double Energy+1"],"picked":"Heatsinks+1","floor":24},{"not_picked":["Undo","Streamline"],"picked":"Defragment+1","floor":28},{"not_picked":["Multi-Cast","Chill","Stack"],"picked":"SKIP","floor":31},{"not_picked":["Core Surge","Biased Cognition+1"],"picked":"Buffer+1","floor":33},{"not_picked":["Barrage","Steam"],"picked":"Sweeping Beam+1","floor":35},{"not_picked":["Recycle","Beam Cell+1"],"picked":"Barrage","floor":37},{"not_picked":["Rip and Tear+1","Hello World+1"],"picked":"Storm+1","floor":38},{"not_picked":["Rebound","Beam Cell","Hologram"],"picked":"SKIP","floor":39},{"not_picked":["Self Repair+1","Doom and Gloom+1"],"picked":"Capacitor+1","floor":40},{"not_picked":["Blizzard","Barrage+1"],"picked":"Machine Learning+1","floor":41},{"not_picked":["Sweeping Beam","Coolheaded","Gash+1"],"picked":"SKIP","floor":42},{"not_picked":["Self Repair+1","Skim+1","Rebound"],"picked":"SKIP","floor":46},{"not_picked":["Redo","Barrage","Gash+1"],"picked":"SKIP","floor":47},{"not_picked":["Chill","Chaos+1","Scrape"],"picked":"SKIP","floor":48}],"player_experience":97907,"relics_obtained":[{"floor":9,"key":"aspiration:FrozenJewel"},{"floor":10,"key":"CCEMRelics:CocoNut"},{"floor":24,"key":"Peace Pipe"},{"floor":26,"key":"Ornamental Fan"},{"floor":28,"key":"Lantern"},{"floor":36,"key":"aspiration:EnhancedActuators"},{"floor":40,"key":"Vajra"},{"floor":43,"key":"aspiration:FetidBarrel"}],"event_choices":[{"damage_healed":0,"gold_gain":75,"player_choice":"Gather Gold","damage_taken":11,"max_hp_gain":0,"max_hp_loss":0,"event_name":"World of Goop","floor":5,"gold_loss":0},{"cards_removed":["Defend_B"],"damage_healed":0,"gold_gain":0,"player_choice":"Purged","damage_taken":0,"max_hp_gain":0,"max_hp_loss":0,"event_name":"Purifier","floor":7,"gold_loss":0},{"damage_healed":0,"gold_gain":100,"player_choice":"Bet on Murderer","damage_taken":0,"max_hp_gain":0,"max_hp_loss":0,"event_name":"The Joust","floor":20,"gold_loss":50},{"damage_healed":0,"gold_gain":0,"player_choice":"Shed Blood","damage_taken":20,"max_hp_gain":5,"max_hp_loss":0,"event_name":"Forgotten Altar","floor":29,"gold_loss":0},{"damage_healed":0,"gold_gain":0,"player_choice":"Memory 1","damage_taken":0,"max_hp_gain":0,"max_hp_loss":0,"event_name":"SensoryStone","floor":44,"gold_loss":0}],"is_beta":false,"boss_relics":[{"not_picked":["Nuclear Battery","Tiny House"],"picked":"aspiration:BursterCore"},{"not_picked":["CCEMRelics:TransientCore","aspiration:SecretTechniqueScroll","Pandora\u0027s Box"]}],"items_purged_floors":[8,13,27],"is_endless":false,"potions_floor_spawned":[4,10,12,14,16,18,24,28,37,39,42,46,48],"ascension_level":0}}