{"host":"y3h3n3f7seyagppx","time":1611176697,"event":{"mods":["AlwaysNeverKeys","BaseMod","Better Vampires","Colored Powertips","DeckTracker","Emptier Cage","Minty Spire (QoL Compilation)","Permanent Neow","Quick Restart","Rare Cards Sparkle","Relic Sorter","Relic Stats","StSLib","Transform Curses"],"gold_per_floor":[10,20,70,88,104,104,104,104],"floor_reached":7,"language":"ENG","playtime":4614,"items_purged":[],"score":86,"play_id":"7b81df89-d8fc-4fe0-8237-fb2898f8e1d0","local_time":"20210120160457","is_ascension_mode":true,"campfire_choices":[{"data":"Quick Slash","floor":6,"key":"SMITH"}],"circlet_count":0,"master_deck":["AscendersBane","Strike_G","Strike_G","Strike_G","Strike_G","Strike_G","Defend_G","Defend_G","Defend_G","Defend_G","Defend_G","Survivor","Neutralize","Secret Technique","Flying Knee","Endless Agony","Quick Slash+1","Tools of the Trade"],"relics":["Ring of the Snake"],"acts_visited":["Exordium"],"potions_floor_usage":[7],"damage_taken":[{"damage":2,"enemies":"Small Slimes","floor":1,"turns":5},{"damage":0,"enemies":"Cultist","floor":2,"turns":4},{"damage":7,"enemies":"Jaw Worm","floor":4,"turns":4},{"damage":11,"enemies":"3 Louse","floor":5,"turns":5},{"damage":54,"enemies":"Gremlin Nob","floor":7,"turns":4}],"seed_played":"1880453586141181818","potions_obtained":[{"floor":4,"key":"DistilledChaos"}],"is_trial":false,"path_per_floor":["M","M","?","M","M","R","E"],"character_chosen":"THE_SILENT","items_purchased":[],"campfire_rested":0,"item_purchase_floors":[],"current_hp_per_floor":[57,57,51,44,33,33,0,0],"gold":104,"neow_bonus":"RANDOM_COLORLESS_2","is_daily":false,"chose_seed":false,"campfire_upgraded":1,"win_rate":0.0,"timestamp":1611176697,"path_taken":["M","M","?","M","M","R","E"],"items_purchased_type":[],"build_version":"2020-12-22","purchased_purges":0,"victory":false,"max_hp_per_floor":[66,66,66,66,66,66,66,66],"relic_stats":{"counters":[5,22],"obtain_stats":[{"Ring of the Snake":0},{"Ring of the Snake":0},{"Ring of the Snake":0}],"Ring of the Snake":[10]},"card_choices":[{"not_picked":["Magnetism","Mayhem"],"picked":"Secret Technique","floor":0},{"not_picked":["Dagger Throw","Deadly Poison"],"picked":"Flying Knee","floor":1},{"not_picked":["Setup","Dagger Throw"],"picked":"Endless Agony","floor":2},{"not_picked":["Outmaneuver","Slice"],"picked":"Quick Slash","floor":4},{"not_picked":["Deflect","Slice"],"picked":"Tools of the Trade","floor":5}],"player_experience":21385551,"relics_obtained":[],"event_choices":[{"damage_healed":0,"gold_gain":50,"player_choice":"Touch","damage_taken":6,"max_hp_gain":0,"max_hp_loss":0,"event_name":"FaceTrader","floor":3,"gold_loss":0}],"is_beta":false,"boss_relics":[],"items_purged_floors":[],"is_endless":false,"potions_floor_spawned":[4],"killed_by":"Gremlin Nob","ascension_level":20}}