{"host":"1hppsasng8mkn0s8","time":1611117506,"event":{"mods":["BaseMod","Downfall","Minty Spire (QoL Compilation)","StSLib"],"gold_per_floor":[99,112,128,128,145,205,252,263,295,309,759,759,559,63,82,82,82,82],"floor_reached":16,"language":"ZHS","playtime":702,"items_purged":["downfall:Icky"],"score":127,"play_id":"510434c8-7404-4126-8e5b-9948171ab569","local_time":"20210120123826","is_ascension_mode":false,"campfire_choices":[{"floor":13,"key":"RECALL"}],"circlet_count":0,"master_deck":["sneckomod:Strike","sneckomod:Strike","sneckomod:Strike","sneckomod:Defend","sneckomod:Defend","sneckomod:Defend","sneckomod:TailWhip","sneckomod:SnekBite","sneckomod:Unknown","Hyperbeam","sneckomod:UnknownBlock","sneckomod:DiceBoulder","sneckomod:SoulCleanse","sneckomod:Unknown1Cost","sneckomod:TrashToTreasure","sneckomod:UnknownCommonAttack","sneckomod:UnknownBlock","downfall:Icky","downfall:Icky","sneckomod:Cheat","sneckomod:SoulRoll"],"relics":["sneckomod:SneckoSoul","downfall:BrokenWingStatue","Eternal Feather","Oddly Smooth Stone","downfall:HeartBlessingGreen","downfall:HeartBlessingBlue","Molten Egg 2","Strange Spoon"],"acts_visited":["Exordium"],"potions_floor_usage":[9,9],"damage_taken":[{"damage":0,"enemies":"Cultist","floor":2,"turns":2},{"damage":0,"enemies":"2 Louse","floor":3,"turns":1},{"damage":0,"enemies":"Small Slimes","floor":5,"turns":2},{"damage":0,"enemies":"Gremlin Nob","floor":6,"turns":2},{"damage":7,"enemies":"Blue Slaver","floor":8,"turns":2},{"damage":30,"enemies":"Gremlin Nob","floor":9,"turns":4},{"damage":14,"enemies":"Exordium Thugs","floor":10,"turns":3},{"damage":0,"enemies":"downfall:FleeingMerchant","floor":14,"turns":4},{"damage":10,"enemies":"3 Louse","floor":15,"turns":3},{"damage":63,"enemies":"DF_ARCHETYPE_STREAMLINE","floor":16,"turns":8}],"seed_played":"-2744133175239624853","potions_obtained":[{"floor":3,"key":"DistilledChaos"},{"floor":8,"key":"Slimebound:ThreeZeroPotion"},{"floor":9,"key":"Explosive Potion"},{"floor":15,"key":"Explosive Potion"}],"is_trial":false,"path_per_floor":["R","M","M","?","M","?","T","M","E","M","?","?","R","$","M","B"],"character_chosen":"THE_SNECKO","items_purchased":["Molten Egg 2","Strange Spoon"],"campfire_rested":0,"item_purchase_floors":[14,14],"current_hp_per_floor":[99,99,99,99,99,99,99,92,62,48,48,48,70,70,60,0,0,0],"gold":82,"neow_bonus":"TEN_PERCENT_HP_BONUS","is_daily":false,"chose_seed":false,"campfire_upgraded":0,"win_rate":0.0,"timestamp":1611117506,"path_taken":["R","M","M","?","M","?","T","M","E","M","?","?","R","$","M","BOSS"],"items_purchased_type":["Relic","Relic"],"build_version":"2020-12-22","purchased_purges":1,"victory":false,"max_hp_per_floor":[99,99,99,99,99,99,99,99,99,99,99,99,109,109,109,109,109,109],"card_choices":[{"not_picked":["sneckomod:QuickBite","sneckomod:UnknownCommonSkill"],"picked":"sneckomod:UnknownBlock","floor":2},{"not_picked":["sneckomod:WideSting","sneckomod:SnekBeam"],"picked":"sneckomod:DiceBoulder","floor":3},{"not_picked":["sneckomod:UnknownDraw","sneckomod:QuickBite"],"picked":"sneckomod:SoulCleanse","floor":5},{"not_picked":["sneckomod:QuickBite","sneckomod:UnknownBlock"],"picked":"sneckomod:Unknown1Cost","floor":6},{"not_picked":["sneckomod:Unknown0Cost","sneckomod:QuickMove"],"picked":"sneckomod:TrashToTreasure","floor":8},{"not_picked":["sneckomod:QuickMove","sneckomod:Unknown2Cost"],"picked":"sneckomod:UnknownCommonAttack","floor":9},{"not_picked":["sneckomod:WideSting","sneckomod:QuickMove"],"picked":"sneckomod:UnknownBlock","floor":10},{"not_picked":["sneckomod:UnknownDraw","sneckomod:QuickMove"],"picked":"sneckomod:Cheat","floor":14},{"not_picked":["sneckomod:Unknown2Cost","sneckomod:Unknown1Cost"],"picked":"sneckomod:SoulRoll","floor":15}],"player_experience":206715,"relics_obtained":[{"floor":6,"key":"Eternal Feather"},{"floor":9,"key":"Oddly Smooth Stone"}],"event_choices":[],"is_beta":false,"boss_relics":[],"items_purged_floors":[14],"is_endless":false,"potions_floor_spawned":[3,8,9,15],"killed_by":"DF_ARCHETYPE_STREAMLINE","ascension_level":0}}