{"host":"fc97bmrl7qvj4ruk","time":1611108867,"event":{"mods":["AchievementEnabler","BaseMod","Colored Map","Downfall","Minty Spire (QoL Compilation)","StSLib"],"gold_per_floor":[99,109,123,123,273,352,352,48,62,82,114,127,27,27,44,146,146,46,56,56,56,71,71,71,71,81,92,92,118,128,113,127,231,231,131,146,164,275,295,311,311,411,411,456,481,10,44,63,82,82,82,82],"floor_reached":50,"language":"ZHS","playtime":5743,"items_purged":["downfall:Icky"],"score":651,"play_id":"31dbdb3f-2220-4963-a76d-e831d7976c85","local_time":"20210119221427","is_ascension_mode":false,"campfire_choices":[{"floor":1.0,"key":"RECALL"},{"data":"bronze:MaxOutput","floor":13.0,"key":"SMITH"},{"data":"bronze:Format","floor":18.0,"key":"SMITH"},{"data":"bronze:ItsAFeature","floor":23.0,"key":"SMITH"},{"data":"bronze:FindAndReplace","floor":25.0,"key":"SMITH"},{"data":"bronze:ClassDefault","floor":28.0,"key":"SMITH"},{"data":"bronze:Format","floor":35,"key":"SMITH"},{"data":"bronze:Repulsor","floor":43,"key":"SMITH"}],"circlet_count":0,"master_deck":["bronze:Strike","bronze:Strike","bronze:Strike","bronze:Strike","bronze:Defend","bronze:Defend","bronze:Defend","bronze:Defend","bronze:Replicate","bronze:Goto","bronze:MaxOutput+1","bronze:OilSpill","bronze:Turbo","bronze:Branch","bronze:FineTuning","bronze:ChosenStrike","bronze:FindAndReplace+1","bronze:CutThrough","bronze:ItsAFeature+1","bronze:Format+1","bronze:Invalidate","bronze:OilSpill+1","bronze:Branch","bronze:ClassDefault+1","bronze:ChildClass","bronze:CutThrough+1","bronze:AlphaBuild","bronze:Repulsor+1","bronze:Format+1","bronze:Branch","bronze:Turbo+1","bronze:Return","bronze:HyperBeam","bronze:DigitalCarnage+1","bronze:MaxOutput+1","downfall:Aged","bronze:WhirlingStrike+1","Writhe","bronze:ClassDefault+1","Mayhem","bronze:Mutator","bronze:Allocate+1","bronze:GetLatest+1"],"relics":["bronze:BronzeCore","bronze:BottledCode","Question Card","Juzu Bracelet","Blood Vial","downfall:HeartBlessingRed","SacredBark","downfall:HeartBlessingGreen","MutagenicStrength","White Beast Statue","bronze:CableSpool","Cursed Key","downfall:HeartBlessingBlue","Vajra","Bottled Flame","Potion Belt","Happy Flower","Eternal Feather","Unceasing Top","Art of War"],"acts_visited":["Exordium","TheCity","TheBeyond"],"potions_floor_usage":[33,33,33,38,38,38,42,42,42,45,47,49,50,50,50],"damage_taken":[{"damage":0.0,"enemies":"Small Slimes","floor":2.0,"turns":4.0},{"damage":7.0,"enemies":"Jaw Worm","floor":3.0,"turns":5.0},{"damage":0.0,"enemies":"downfall:FleeingMerchant","floor":8.0,"turns":4.0},{"damage":1.0,"enemies":"2 Louse","floor":9.0,"turns":2.0},{"damage":0.0,"enemies":"Large Slime","floor":10.0,"turns":5.0},{"damage":9.0,"enemies":"Gremlin Nob","floor":11.0,"turns":4.0},{"damage":0.0,"enemies":"Blue Slaver","floor":12.0,"turns":2.0},{"damage":1.0,"enemies":"Gremlin Gang","floor":15.0,"turns":4.0},{"damage":18.0,"enemies":"SI_SHIV_ARCHETYPE","floor":16.0,"turns":5.0},{"damage":0.0,"enemies":"3 Byrds","floor":19.0,"turns":5.0},{"damage":0.0,"enemies":"Chosen","floor":22.0,"turns":3.0},{"damage":0.0,"enemies":"Snake Plant","floor":26.0,"turns":3.0},{"damage":0.0,"enemies":"Sentry and Sphere","floor":27.0,"turns":4.0},{"damage":0.0,"enemies":"Gremlin Leader","floor":29.0,"turns":4.0},{"damage":0.0,"enemies":"Snecko","floor":30.0,"turns":2.0},{"damage":0.0,"enemies":"downfall:FleeingMerchant","floor":31.0,"turns":4.0},{"damage":4,"enemies":"Snake Plant","floor":32,"turns":3},{"damage":40,"enemies":"DF_ARCHETYPE_CLAW","floor":33,"turns":6},{"damage":0,"enemies":"Orb Walker","floor":36,"turns":3},{"damage":7,"enemies":"3 Shapes","floor":37,"turns":3},{"damage":0,"enemies":"downfall:FleeingMerchant","floor":38,"turns":1},{"damage":0,"enemies":"Writhing Mass","floor":39,"turns":4},{"damage":0,"enemies":"Spire Growth","floor":40,"turns":2},{"damage":0,"enemies":"downfall:LadyInBlue","floor":42,"turns":2},{"damage":0,"enemies":"Reptomancer","floor":45,"turns":3},{"damage":0,"enemies":"Giant Head","floor":47,"turns":5},{"damage":4,"enemies":"4 Shapes","floor":48,"turns":4},{"damage":0,"enemies":"Writhing Mass","floor":49,"turns":2},{"damage":88,"enemies":"IC_BLOCK_ARCHETYPE","floor":50,"turns":7}],"seed_played":"8957925456970623701","potions_obtained":[{"floor":2.0,"key":"Fire Potion"},{"floor":3.0,"key":"SmokeBomb"},{"floor":12.0,"key":"champ:CounterPotion"},{"floor":16.0,"key":"AttackPotion"},{"floor":19.0,"key":"Fire Potion"},{"floor":22.0,"key":"Block Potion"},{"floor":26.0,"key":"ColorlessPotion"},{"floor":27.0,"key":"Ancient Potion"},{"floor":29.0,"key":"LiquidBronze"},{"floor":31.0,"key":"EntropicBrew"},{"floor":32,"key":"Explosive Potion"},{"floor":36,"key":"DuplicationPotion"},{"floor":38,"key":"PowerPotion"},{"floor":39,"key":"Fire Potion"},{"floor":40,"key":"Strength Potion"},{"floor":42,"key":"BlessingOfTheForge"},{"floor":42,"key":"GamblersBrew"},{"floor":42,"key":"SkillPotion"},{"floor":42,"key":"SteroidPotion"},{"floor":45,"key":"BlessingOfTheForge"},{"floor":47,"key":"GamblersBrew"},{"floor":48,"key":"Dexterity Potion"},{"floor":49,"key":"Strength Potion"}],"is_trial":false,"path_per_floor":["R","M","M","?","?","T","T","$","M","M","E","M","R","?","M","B",null,"R","M","?","?","M","R","T","R","M","M","R","E","M","$","M","B",null,"R","M","M","$","M","M","T","?","R","T","E","$","E","M","M","B"],"character_chosen":"THE_AUTOMATON","items_purchased":["bronze:Branch","Juzu Bracelet","bronze:FineTuning","Vajra","bronze:HyperBeam","Unceasing Top","Mayhem"],"campfire_rested":0,"item_purchase_floors":[8,8,8,38,38,46,46],"current_hp_per_floor":[77,77,70,67,67,67,67,67,66,66,57,59,59,64,65,49,72,72,72,72,72,72,72,72,72,72,72,72,72,72,72,68,30,72,82,82,75,77,79,81,81,82,82,82,82,82,82,78,80,0,0,0],"gold":82,"neow_bonus":"TEN_PERCENT_HP_BONUS","is_daily":false,"chose_seed":false,"campfire_upgraded":7,"win_rate":0.0,"timestamp":1611108867,"path_taken":["R","M","M","?","?","?","T","?","M","M","E","M","R","?","M","BOSS","R","M","?","?","M","R","T","R","M","M","R","E","M","?","M","BOSS","R","M","M","$","M","M","T","?","R","?","E","$","E","M","M","BOSS"],"items_purchased_type":["Card","Relic","Card","Relic","Card","Relic","Card"],"build_version":"2020-12-22","purchased_purges":1,"victory":false,"max_hp_per_floor":[77,77,77,67,67,67,67,67,67,67,67,67,67,72,72,72,72,72,72,72,72,72,72,72,72,72,72,72,72,72,72,72,72,72,82,82,82,82,82,82,82,82,82,82,82,82,82,82,82,82,82,82],"card_choices":[{"not_picked":["bronze:Turbo","bronze:Shield"],"picked":"bronze:MaxOutput","floor":2.0},{"not_picked":["bronze:Philosophize","bronze:BuggyMess"],"picked":"bronze:OilSpill","floor":3.0},{"not_picked":["bronze:Safeguard","bronze:Deprecate","bronze:Frontload"],"picked":"bronze:Turbo","floor":8.0},{"not_picked":["bronze:NullPointer","bronze:Boost","bronze:ForLoop"],"picked":"bronze:ChosenStrike","floor":9.0},{"not_picked":["bronze:GetLatest","bronze:Shell","bronze:BronzeArmor"],"picked":"bronze:FindAndReplace","floor":10.0},{"not_picked":["bronze:BuggyMess","bronze:Turbo","bronze:Safeguard","bronze:Shield"],"picked":"SKIP","floor":11.0},{"not_picked":["bronze:Turbo","bronze:OilSpill","bronze:Philosophize"],"picked":"bronze:CutThrough","floor":12.0},{"not_picked":["bronze:Frontload","bronze:Overheat","bronze:Boost"],"picked":"bronze:ItsAFeature","floor":15.0},{"not_picked":["bronze:AlphaBuild","bronze:Virus","bronze:FindAndReplace"],"picked":"bronze:Format","floor":16.0},{"not_picked":["bronze:FineTuning","bronze:Shield","bronze:Iterate"],"picked":"bronze:Invalidate","floor":19.0},{"not_picked":["bronze:Shield+1","bronze:Turbo","bronze:DarkDash+1"],"picked":"bronze:OilSpill+1","floor":22.0},{"not_picked":["bronze:Fortify+1","bronze:Frontload","bronze:Safeguard"],"picked":"bronze:Branch","floor":26.0},{"not_picked":["bronze:Philosophize","bronze:Deprecate","bronze:BuggyMess"],"picked":"bronze:ClassDefault","floor":27.0},{"not_picked":["bronze:GetLatest","bronze:ForLoop","bronze:FineTuning"],"picked":"bronze:ChildClass","floor":29.0},{"not_picked":["bronze:Backtrace+1","bronze:Overload","bronze:Branch"],"picked":"bronze:CutThrough+1","floor":30.0},{"not_picked":["bronze:ShipIt","bronze:Deprecate","bronze:ChosenStrike"],"picked":"bronze:AlphaBuild","floor":31.0},{"not_picked":["bronze:Deprecate","bronze:Invalidate","bronze:CutThrough"],"picked":"bronze:Repulsor","floor":32},{"not_picked":["bronze:BurnOut","bronze:FindAndReplace","bronze:Break"],"picked":"bronze:Format","floor":33},{"not_picked":["bronze:Overload","bronze:BugBarrage+1","bronze:BuggyMess"],"picked":"bronze:Branch","floor":36},{"not_picked":["bronze:BitShift","bronze:WhirlingStrike","bronze:DelayedGuard+1"],"picked":"bronze:Turbo+1","floor":37},{"not_picked":["bronze:FineTuning+1","bronze:Turbo","bronze:Frontload+1"],"picked":"bronze:Return","floor":38},{"not_picked":["bronze:DelayedGuard+1","bronze:Iterate","bronze:Shield+1"],"picked":"bronze:DigitalCarnage+1","floor":39},{"not_picked":["bronze:BuggyMess+1","bronze:DelayedSlice","bronze:Overheat"],"picked":"bronze:MaxOutput+1","floor":40},{"not_picked":["bronze:Turbo","bronze:Iterate","bronze:FineTuning+1"],"picked":"bronze:WhirlingStrike+1","floor":42},{"not_picked":["bronze:Turbo","bronze:Overload+1","bronze:WhirlingStrike+1"],"picked":"bronze:ClassDefault+1","floor":45},{"not_picked":["bronze:NullPointer","bronze:Boost","bronze:Flail"],"picked":"bronze:Mutator","floor":47},{"not_picked":["bronze:BitShift","bronze:BuggyMess","bronze:Frontload"],"picked":"bronze:Allocate+1","floor":48},{"not_picked":["bronze:BuggyMess+1","bronze:BugBarrage+1","bronze:Frontload"],"picked":"bronze:GetLatest+1","floor":49}],"player_experience":191682,"relics_obtained":[{"floor":7.0,"key":"Question Card"},{"floor":11.0,"key":"Blood Vial"},{"floor":24.0,"key":"White Beast Statue"},{"floor":29.0,"key":"bronze:CableSpool"},{"floor":41,"key":"Bottled Flame"},{"floor":42,"key":"Potion Belt"},{"floor":44,"key":"Happy Flower"},{"floor":45,"key":"Eternal Feather"},{"floor":47,"key":"Art of War"}],"event_choices":[{"damage_healed":0.0,"max_hp_gain":5.0,"max_hp_loss":0.0,"gold_gain":0.0,"event_name":"Big Fish","player_choice":"Donut","floor":14.0,"gold_loss":0.0,"damage_taken":0.0},{"damage_healed":0.0,"max_hp_gain":0.0,"max_hp_loss":0.0,"gold_gain":0.0,"event_name":"Drug Dealer","player_choice":"Inject Mutagens","floor":21.0,"gold_loss":0.0,"damage_taken":0.0,"relics_obtained":["MutagenicStrength"]}],"is_beta":false,"boss_relics":[{"not_picked":["Snecko Eye","Velvet Choker"],"picked":"SacredBark"},{"not_picked":["Tiny House","Busted Crown"],"picked":"Cursed Key"}],"items_purged_floors":[8],"is_endless":false,"potions_floor_spawned":[2,3,12,16,19,22,26,27,29,30,31,32,33,36,37,38,39,40,42,45,47,48,49],"killed_by":"IC_BLOCK_ARCHETYPE","ascension_level":0}}