{"host":"7fyy23rucerupe6i","time":1611108249,"event":{"mods":["AchievementEnabler","Act Like it!","BaseMod","BetterRewards","Colored Map","Colored Powertips","Conspire","Custom Start","Downfall","Marisa£®ÏF”Í°°ƒß¿Ì…≥£©","Minty Spire (QoL Compilation)","Quick Restart","Shop Mod","Spicy Shops","StSLib","SuperFastMode","The Factory","The Jungle","UnlockEverythingMod"],"gold_per_floor":[99,99,99,99,24,24,24,43,53,79,99,112,142,142,155,252,252,252,263,263,281,9,19,65,65,65,65,65],"floor_reached":26,"language":"ZHS","playtime":1176,"items_purged":["Slimebound:Strike_Slimebound","Slimebound:Defend_Slimebound"],"score":350,"play_id":"582634fd-167a-4ce5-bb7c-0b3976e4178a","local_time":"20210120100409","is_ascension_mode":true,"campfire_choices":[{"data":"Slimebound:Split","floor":1,"key":"SMITH"},{"data":"Slimebound:SplitSpecialist","floor":6,"key":"SMITH"},{"data":"Slimebound:MassRepurpose","floor":18,"key":"SMITH"},{"data":"Slimebound:SlimeBrawl","floor":25,"key":"SMITH"}],"circlet_count":0,"master_deck":["Slimebound:Strike_Slimebound","Slimebound:Tackle","Slimebound:Defend_Slimebound","Slimebound:Defend_Slimebound","Slimebound:Split+1","Slimebound:CorrosiveSpit+1","Slimebound:LeadByExample","Slimebound:SplitSpecialist+1","Slimebound:RejuvenatingLick","Slimebound:LevelUp","Slimebound:Replication","Slimebound:PressTheAttack","Slimebound:SlimeBrawl+1","Slimebound:MassRepurpose+1","Slimebound:ItLooksTasty+1","Slimebound:SpikyOuterGoop+1","Slimebound:LeechingTouch+1"],"relics":["Slimebound:AbsorbEndCombat","downfall:HeartsMalice","CaptainsWheel","Pear","Molten Egg 2","conspire:RunicOctahedron","Guardian:PocketSentry","Orichalcum"],"acts_visited":["Exordium","TheCity"],"potions_floor_usage":[11,21],"damage_taken":[{"damage":0,"enemies":"Jaw Worm","floor":2,"turns":1},{"damage":0,"enemies":"Cultist","floor":4,"turns":1},{"damage":0,"enemies":"downfall:FleeingMerchant","floor":5,"turns":1},{"damage":8,"enemies":"Small Slimes","floor":8,"turns":3},{"damage":4,"enemies":"2 Fungi Beasts","floor":9,"turns":4},{"damage":19,"enemies":"Gremlin Nob","floor":10,"turns":4},{"damage":3,"enemies":"Exordium Thugs","floor":11,"turns":4},{"damage":11,"enemies":"Blue Slaver","floor":12,"turns":3},{"damage":0,"enemies":"Lagavulin","floor":13,"turns":6},{"damage":6,"enemies":"3 Louse","floor":15,"turns":4},{"damage":48,"enemies":"IC_STATUS_ARCHETYPE","floor":16,"turns":7},{"damage":6,"enemies":"Chosen","floor":19,"turns":4},{"damage":31,"enemies":"3 Byrds","floor":21,"turns":4},{"damage":10,"enemies":"downfall:FleeingMerchant","floor":22,"turns":4},{"damage":21,"enemies":"Centurion and Healer","floor":23,"turns":5},{"damage":28,"enemies":"Slavers","floor":26,"turns":2}],"seed_played":"3063440500773190757","potions_obtained":[{"floor":8,"key":"Guardian:BlockOnCardUsePotion"},{"floor":9,"key":"LiquidMemories"},{"floor":11,"key":"Fire Potion"},{"floor":12,"key":"SpeedPotion"},{"floor":15,"key":"FairyPotion"},{"floor":19,"key":"Regen Potion"}],"is_trial":false,"path_per_floor":["R","M","?","M","$","R","T","M","M","E","M","M","E","?","M","B",null,"R","M","?","M","$","M","T","R","E"],"character_chosen":"SLIMEBOUND","items_purchased":["Guardian:PocketSentry"],"campfire_rested":0,"item_purchase_floors":[22],"current_hp_per_floor":[59,59,59,59,59,59,59,53,53,46,51,44,50,55,53,13,63,63,61,53,38,34,21,21,21,24,24,24],"gold":65,"neow_bonus":"THREE_ENEMY_KILL","is_daily":false,"chose_seed":false,"campfire_upgraded":4,"win_rate":0.0,"timestamp":1611108249,"path_taken":["R","M","?","M","?","R","T","M","M","E","?","M","E","?","M","BOSS","R","M","?","M","?","M","T","R","E"],"items_purchased_type":["Relic"],"build_version":"2020-12-22","purchased_purges":2,"victory":false,"max_hp_per_floor":[65,65,65,65,65,65,65,65,65,75,75,75,75,80,80,80,80,80,80,80,80,80,80,80,80,80,80,80],"card_choices":[{"not_picked":["Slimebound:SplitLeeching","Slimebound:ComboTackle"],"picked":"Slimebound:LeadByExample","floor":2},{"not_picked":["Slimebound:LivingWall","Slimebound:ForwardTackle"],"picked":"Slimebound:SplitSpecialist","floor":4},{"not_picked":["Slimebound:SplitMire","Slimebound:ProtectTheBoss","Slimebound:FormOfPuddle"],"picked":"SKIP","floor":5},{"not_picked":["Slimebound:SplitBruiser","Slimebound:FinishingTackle","Slimebound:RollThrough"],"picked":"SKIP","floor":8},{"not_picked":["Slimebound:SamplingLick","Slimebound:LivingWall"],"picked":"Slimebound:RejuvenatingLick","floor":9},{"not_picked":["Slimebound:LeechEnergy","Slimebound:ComboTackle"],"picked":"Slimebound:LevelUp","floor":10},{"not_picked":["Slimebound:Schlurp","Slimebound:FinishingTackle"],"picked":"Slimebound:Replication","floor":11},{"not_picked":["Slimebound:ItLooksTasty","Slimebound:SplitMire"],"picked":"Slimebound:PressTheAttack","floor":12},{"not_picked":["Slimebound:FinishingTackle+1","Slimebound:DivideAndConquer+1"],"picked":"Slimebound:SlimeBrawl","floor":13},{"not_picked":["Slimebound:LivingWall","Slimebound:Dissolve","Slimebound:MegaLick"],"picked":"SKIP","floor":15},{"not_picked":["Slimebound:CheckThePlaybook","Slimebound:MassFeed+1"],"picked":"Slimebound:MassRepurpose","floor":16},{"not_picked":["Slimebound:FinishingTackle+1","Slimebound:BestDefense","Slimebound:ItLooksTasty+1"],"picked":"SKIP","floor":19},{"not_picked":["Slimebound:SamplingLick","Slimebound:FinishingTackle+1"],"picked":"Slimebound:ItLooksTasty+1","floor":21},{"not_picked":["Slimebound:SplitMire+1","Slimebound:DisruptingSlam+1"],"picked":"Slimebound:SpikyOuterGoop+1","floor":22},{"not_picked":["Slimebound:HauntingLick","Slimebound:RejuvenatingLick"],"picked":"Slimebound:LeechingTouch+1","floor":23}],"player_experience":380982,"relics_obtained":[{"floor":7,"key":"CaptainsWheel"},{"floor":10,"key":"Pear"},{"floor":13,"key":"Molten Egg 2"},{"floor":24,"key":"Orichalcum"}],"event_choices":[{"cards_removed":["Slimebound:Defend_Slimebound"],"damage_healed":0,"gold_gain":0,"player_choice":"Offered Basic","damage_taken":0,"max_hp_gain":0,"max_hp_loss":0,"event_name":"Bonfire Elementals","floor":3,"gold_loss":0},{"damage_healed":0,"gold_gain":0,"player_choice":"Donut","damage_taken":0,"max_hp_gain":5,"max_hp_loss":0,"event_name":"Big Fish","floor":14,"gold_loss":0}],"is_beta":false,"boss_relics":[{"not_picked":["Fusion Hammer","conspire:SpecialSausage"],"picked":"conspire:RunicOctahedron"}],"items_purged_floors":[5,22],"is_endless":false,"potions_floor_spawned":[8,9,11,12,15,19],"killed_by":"Slavers","ascension_level":7}}