{"host":"3y33rrrkia6pkpow","time":1611176320,"event":{"mods":["2.2 Compatiblity","AchievementEnabler","Act Like it!","BaseMod","BetterRewards","Colored Map","Colored Powertips","DeckTracker","Faster Ascension Climbing","Gensokyo","Highlight Path","Infinite Spire","Minty Spire (QoL Compilation)","Quick Restart","Replay The Spire","Shop Mod","Spicy Shops","StSLib","Synergy Search","The Animator","Unknown Chances"],"gold_per_floor":[129,129,140,104,104,133,165,198,198,198,38,48,48,77,77,178,178,196,423,423,232,251,251,280,240,322,322,322,334,350,396,396,495,495,512,447,447,663,679,714,714,747,747,757,757,790,790,810,810,810],"floor_reached":51,"language":"ENG","playtime":7571,"items_purged":[],"score":1294,"play_id":"9f9fb6dc-0e8e-4c4d-abb0-4e4469062bdb","local_time":"20210120145840","is_ascension_mode":true,"campfire_choices":[{"data":"animator:Minori","floor":10.0,"key":"SMITH"},{"floor":13.0,"key":"REST"},{"data":"Pain","floor":15.0,"key":"PURGE"},{"data":"animator:Envy","floor":23.0,"key":"SMITH"},{"floor":27.0,"key":"REST"},{"data":"animator:Shiro","floor":32.0,"key":"SMITH"},{"floor":45.0,"key":"REST"},{"floor":47,"key":"REST"}],"circlet_count":0,"master_deck":["AscendersBane","animator:Strike_LogHorizon","animator:Defend_LogHorizon","animator:Defend+1","animator:Defend+1","animator:Defend+1","animator:Tohya","animator:Minori+1","animator:AcuraAkari+1","animator:SanaeKochiya","animator:Gillette","animator:WinryRockbell","animator:EmiyaShirou","animator:SanaeKochiya","animator:Fredrika","animator:AcuraTooru","Pot Of Greed","Pot Of Greed","animator:Envy+1","animator:Shiro","animator:AcuraTooru","ReplayTheSpireMod:Splinters","Pot Of Greed","animator:NiaHonjou","animator:Berserker+1","animator:Shiro+1","animator:DolaStephanie+1","animator:Rena+1","animator:Rena","animator:AcuraTooru","animator:ChaikaBohdan","animator:Sora","animator:ChaikaBohdan","animator:Fredrika","animator:AcuraAkari","Pot Of Greed","animator:NiaHonjou","Gensokyo:Taser","animator:ChaikaBohdan","animator:AcuraAkari","animator:NiaHonjou","animator:NiaHonjou"],"relics":["animator:LivingPicture","animator:TheMissingPiece","animator:PurgingStone","Matryoshka","Shuriken","Question Card","Gensokyo:LunaticRedEyes","Snack Pack","Replay:Bottled Eggs","Akabeko","Ice Cream","Gensokyo:BookOfSpecters","Grinning Jar","Replay:Grab Bag","Philosopher\u0027s Stone","infinitespire:Cupcake","animator:CursedBlade","Smiling Mask","DollysMirror","Thread and Needle","Sundial","Anchor","animator:OldCoffin","animator:RacePiece","White Beast Statue","Orichalcum","Strawberry","StoneCalendar"],"acts_visited":["Gensokyo:Gensokyo","Gensokyo:Gensokyoer","Gensokyo:Gensokyoest"],"potions_floor_usage":[46,46,50],"damage_taken":[{"damage":5.0,"enemies":"Gensokyo:Python","floor":1.0,"turns":4.0},{"damage":6.0,"enemies":"Gensokyo:2_Kodama","floor":3.0,"turns":4.0},{"damage":16.0,"enemies":"Gensokyo:Aya","floor":6.0,"turns":6.0},{"damage":3.0,"enemies":"Gensokyo:3_Fairies","floor":7.0,"turns":4.0},{"damage":12.0,"enemies":"Gensokyo:Mamizou","floor":8.0,"turns":10.0},{"damage":5.0,"enemies":"Gensokyo:Kitsune","floor":12.0,"turns":3.0},{"damage":17.0,"enemies":"Gensokyo:Cirno","floor":14.0,"turns":6.0},{"damage":11.0,"enemies":"Gensokyo:Yukari","floor":16.0,"turns":9.0},{"damage":16.0,"enemies":"Gensokyo:2_Gloops","floor":18.0,"turns":5.0},{"damage":0.0,"enemies":"Gensokyo:CosmicMonolith","floor":22.0,"turns":3.0},{"damage":23.0,"enemies":"Gensokyo:Koishi","floor":24.0,"turns":5.0},{"damage":7.0,"enemies":"Gensokyo:Wraith","floor":29.0,"turns":3.0},{"damage":0.0,"enemies":"Gensokyo:Monolith_and_Dog","floor":30.0,"turns":4.0},{"damage":0.0,"enemies":"Gensokyo:Tenshi","floor":31.0,"turns":3.0},{"damage":0.0,"enemies":"Gensokyo:Eternal_Rivals","floor":33.0,"turns":10.0},{"damage":0.0,"enemies":"Gensokyo:AncientGuardian","floor":35.0,"turns":4.0},{"damage":0.0,"enemies":"Gensokyo:3_Bats","floor":38.0,"turns":3.0},{"damage":0.0,"enemies":"Gensokyo:AtlasGolem","floor":39.0,"turns":3.0},{"damage":24.0,"enemies":"Gensokyo:Marisa","floor":40.0,"turns":5.0},{"damage":28.0,"enemies":"Gensokyo:Kasen","floor":42.0,"turns":7.0},{"damage":1.0,"enemies":"Gensokyo:Sharpion","floor":44.0,"turns":3.0},{"damage":14,"enemies":"Gensokyo:Marisa","floor":46,"turns":6},{"damage":12,"enemies":"Gensokyo:3_Boulders","floor":48,"turns":5},{"damage":15,"enemies":"Gensokyo:Scarlet_Devils","floor":50,"turns":8}],"seed_played":"-1100135221768806031","potions_obtained":[{"floor":3.0,"key":"PowerPotion"},{"floor":12.0,"key":"Regen Potion"},{"floor":19.0,"key":"infinitespire:BlackPotion"},{"floor":24.0,"key":"Fire Potion"},{"floor":33.0,"key":"Adrenaline Potion"},{"floor":35.0,"key":"Fruit Juice"},{"floor":40.0,"key":"SpeedPotion"},{"floor":42.0,"key":"Block Potion"},{"floor":44.0,"key":"Block Potion"},{"floor":46,"key":"Weak Potion"},{"floor":48,"key":"Fire Potion"},{"floor":49,"key":"Elixir"}],"is_trial":false,"path_per_floor":["M","?","M","?","?","E","M","E","T","R","?","M","R","E","R_BF","B",null,"M","?","?","COS","M","R","E","?","T","R","T","M","M","E","R","B",null,"M","COS","?","M","M","E","?","E","T","M","R","E","R","M","R_BF","B",null],"character_chosen":"THE_ANIMATOR","items_purchased":["Matryoshka","animator:AcuraAkari","Shuriken","animator:SanaeKochiya","Question Card","animator:Gillette","LiquidMemories"],"campfire_rested":4,"item_purchase_floors":[0,0,0,0,0,0,0],"current_hp_per_floor":[54,54,48,66,66,50,49,46,46,46,46,43,63,51,51,48,63,53,53,53,53,57,57,38,38,38,58,58,55,61,65,65,68,68,73,73,63,67,73,49,49,35,42,47,71,63,80,70,70,67],"gold":810,"neow_bonus":"","is_daily":false,"chose_seed":true,"campfire_upgraded":3,"win_rate":0.0,"timestamp":1611176320,"path_taken":["M","?","?","?","?","E","M","E","T","R","?","M","R","E","R_BF","BOSS","M","?","?","COS","?","R","E","?","T","R","?","?","M","E","R","BOSS","M","COS","?","M","M","E","?","E","T","M","R","E","R","M","R_BF","BOSS"],"items_purchased_type":["Relic","Card","Relic","Card","Relic","Card","Potion"],"build_version":"2020-12-22","purchased_purges":0,"victory":true,"max_hp_per_floor":[66,66,66,66,66,66,66,67,67,67,67,67,67,68,68,68,68,68,68,68,68,68,68,68,68,68,68,68,68,68,68,68,68,68,73,73,73,73,73,73,73,73,80,80,80,80,80,80,80,80],"card_choices":[{"not_picked":["animator:ReimuHakurei","animator:ChaikaBohdan","animator:MarisaKirisame"],"picked":"animator:WinryRockbell","floor":1.0},{"not_picked":["animator:RundelhausCode","animator:RinTohsaka","animator:Natsumi"],"picked":"animator:EmiyaShirou","floor":3.0},{"not_picked":["animator:Minori","animator:YoshinoHimekawa","animator:RundelhausCode"],"picked":"animator:SanaeKochiya","floor":6.0},{"not_picked":["animator:Guy","animator:Layla","animator:Viivi"],"picked":"animator:Fredrika","floor":7.0},{"not_picked":["animator:Henrietta","animator:Serara","animator:SuikaIbuki"],"picked":"animator:AcuraTooru","floor":8.0},{"not_picked":["animator:Caster","animator:SanaeKochiya","animator:DolaCouronne","animator:ReimuHakurei"],"picked":"SKIP","floor":12.0},{"not_picked":["animator:Sloth","animator:Serara","animator:Alexander"],"picked":"animator:Envy","floor":14.0},{"not_picked":["animator:SatoriKomeiji","animator:KurumiTokisaki","animator:Saber"],"picked":"animator:Shiro","floor":16.0},{"not_picked":["animator:ChaikaBohdan","animator:Gillette","animator:AcuraAkari"],"picked":"animator:AcuraTooru","floor":18.0},{"not_picked":["animator:Guy","animator:ElricEdward+1","animator:Ain"],"picked":"animator:NiaHonjou","floor":19.0},{"not_picked":["animator:ElricEdward","animator:MikuIzayoi","animator:Jibril"],"picked":"animator:Berserker+1","floor":19.0},{"not_picked":["animator:Scar+1","animator:AyaShameimaru","animator:ChaikaBohdan"],"picked":"animator:DolaStephanie+1","floor":22.0},{"not_picked":["animator:IzunaHatsuse","animator:ElricEdward","animator:Tet"],"picked":"animator:Rena","floor":24.0},{"not_picked":["animator:SakuraMatou","animator:Guy","animator:Akatsuki"],"picked":"animator:Rena","floor":29.0},{"not_picked":["animator:Guy","animator:Viivi","animator:ChaikaBohdan"],"picked":"animator:AcuraTooru","floor":30.0},{"not_picked":["animator:Isuzu","animator:Ciel","animator:KoishiKomeiji"],"picked":"animator:ChaikaBohdan","floor":31.0},{"not_picked":["animator:Akatsuki","animator:Shiroe","animator:Elesis"],"picked":"animator:Sora","floor":33.0},{"not_picked":["animator:EmiyaShirou","animator:ElricEdward+1","animator:Rayneshia"],"picked":"animator:NiaHonjou","floor":35.0},{"not_picked":["animator:Isuzu+1","animator:ChlammyZell","animator:Illya+1","animator:Assassin"],"picked":"SKIP","floor":38.0},{"not_picked":["animator:Guy","animator:Gillette","animator:ChaikaTrabant"],"picked":"animator:ChaikaBohdan","floor":39.0},{"not_picked":["animator:ElricEdward","animator:KoishiKomeiji","animator:Tetora+1","animator:Clownpiece+1"],"picked":"SKIP","floor":40.0},{"not_picked":["animator:Tohya+1","animator:Sloth+1","animator:ShidoItsuka"],"picked":"animator:AcuraAkari","floor":42.0},{"not_picked":["animator:SuikaIbuki+1","animator:Lancer+1","animator:Gillette+1"],"picked":"animator:NiaHonjou","floor":44.0},{"not_picked":["animator:Gillette+1","animator:DolaCouronne+1","animator:Tohya"],"picked":"animator:NiaHonjou","floor":48}],"player_experience":873903,"relics_obtained":[{"floor":6.0,"key":"Snack Pack"},{"floor":8.0,"key":"Replay:Bottled Eggs"},{"floor":9.0,"key":"Akabeko"},{"floor":9.0,"key":"Ice Cream"},{"floor":14.0,"key":"Grinning Jar"},{"floor":19.0,"key":"Smiling Mask"},{"floor":24.0,"key":"Thread and Needle"},{"floor":26.0,"key":"Sundial"},{"floor":28.0,"key":"Anchor"},{"floor":31.0,"key":"animator:OldCoffin"},{"floor":40.0,"key":"White Beast Statue"},{"floor":42.0,"key":"Orichalcum"},{"floor":43.0,"key":"Strawberry"},{"floor":46,"key":"StoneCalendar"}],"event_choices":[],"is_beta":false,"boss_relics":[{"not_picked":["SlaversCollar","Painkiller Herb"],"picked":"Replay:Grab Bag"},{"not_picked":["Fusion Hammer","Coffee Dripper"],"picked":"Philosopher\u0027s Stone"},{"not_picked":["ReplayTheSpireMod:DimensionalGlitch","Sozu"],"picked":"infinitespire:Cupcake"},{"not_picked":["Astrolabe","Pandora\u0027s Box"],"picked":"animator:CursedBlade"},{"not_picked":["animator:HolyGrailRelic","Ring of Chaos"],"picked":"animator:RacePiece"}],"items_purged_floors":[],"is_endless":false,"potions_floor_spawned":[3,12,16,24,30,33,35,40,42,44,46,48],"ascension_level":10}}