{"host":"x7xd4wkamhrqrrvw","time":1611182408,"event":{"mods":["AchievementEnabler","BaseMod","Minty Spire (QoL Compilation)","StSLib"],"gold_per_floor":[113,129,145,70,88,88,117,117,117,136,165,165,191,203,203,280,280,293,308,320,520,535,535,283,293,293,309,309,309],"floor_reached":28,"language":"ENG","playtime":1249,"items_purged":["Dualcast","Zap"],"score":398,"play_id":"e6183794-9f7c-4d04-a075-996fced90b68","local_time":"20210120204008","is_ascension_mode":true,"campfire_choices":[{"data":"Streamline","floor":6,"key":"SMITH"},{"data":"Sweeping Beam","floor":8,"key":"SMITH"},{"floor":15,"key":"REST"},{"data":"Melter","floor":23,"key":"SMITH"}],"circlet_count":0,"master_deck":["AscendersBane","Strike_B","Strike_B","Strike_B","Strike_B","Defend_B","Defend_B","Defend_B","Defend_B","Sweeping Beam+1","Leap","Streamline+1","Core Surge","Melter+1","Auto Shields","Echo Form","Reprogram+1"],"relics":["Nuclear Battery","Pear","Du-Vu Doll","Odd Mushroom","NlothsMask","Unceasing Top","Velvet Choker","Orrery"],"acts_visited":["Exordium","TheCity"],"potions_floor_usage":[7,11,14,16,18,27],"damage_taken":[{"damage":0,"enemies":"Cultist","floor":1,"turns":4},{"damage":9,"enemies":"2 Louse","floor":2,"turns":3},{"damage":4,"enemies":"Jaw Worm","floor":3,"turns":4},{"damage":15,"enemies":"Gremlin Gang","floor":5,"turns":5},{"damage":11,"enemies":"3 Sentries","floor":7,"turns":5},{"damage":3,"enemies":"Blue Slaver","floor":10,"turns":3},{"damage":1,"enemies":"The Mushroom Lair","floor":11,"turns":4},{"damage":16,"enemies":"Lagavulin","floor":13,"turns":6},{"damage":1,"enemies":"Lots of Slimes","floor":14,"turns":3},{"damage":27,"enemies":"Slime Boss","floor":16,"turns":10},{"damage":11,"enemies":"3 Byrds","floor":18,"turns":6},{"damage":19,"enemies":"2 Thieves","floor":19,"turns":4},{"damage":0,"enemies":"Snecko","floor":20,"turns":5},{"damage":5,"enemies":"Cultist and Chosen","floor":22,"turns":6},{"damage":15,"enemies":"Snake Plant","floor":25,"turns":4},{"damage":0,"enemies":"Shelled Parasite and Fungi","floor":27,"turns":3},{"damage":31,"enemies":"Book of Stabbing","floor":28,"turns":4}],"seed_played":"-7355620504104316947","potions_obtained":[{"floor":2,"key":"Swift Potion"},{"floor":5,"key":"Strength Potion"},{"floor":7,"key":"Swift Potion"},{"floor":14,"key":"Explosive Potion"},{"floor":16,"key":"Regen Potion"},{"floor":18,"key":"SteroidPotion"}],"is_trial":false,"path_per_floor":["M","M","M","$","M","R","E","R","T","M","?","?","E","M","R","B",null,"M","M","M","?","M","R","$","M","T","M","E"],"character_chosen":"DEFECT","items_purchased":["Orrery"],"campfire_rested":1,"item_purchase_floors":[24],"current_hp_per_floor":[64,55,51,51,36,36,35,35,35,32,31,31,15,14,38,11,64,68,49,49,49,44,44,44,29,29,29,0,0],"gold":309,"neow_bonus":"BOSS_RELIC","is_daily":false,"chose_seed":false,"campfire_upgraded":3,"win_rate":0.0,"timestamp":1611182408,"path_taken":["M","?","M","$","M","R","E","R","T","M","?","?","E","M","R","BOSS","M","?","M","?","M","R","$","M","T","M","E"],"items_purchased_type":["Relic"],"build_version":"2020-12-22","purchased_purges":2,"victory":false,"max_hp_per_floor":[71,71,71,71,71,71,81,81,81,81,81,81,81,81,81,81,81,81,81,81,81,81,81,81,81,81,81,81,81],"card_choices":[{"not_picked":["Rebound","Barrage"],"picked":"Sweeping Beam","floor":1},{"not_picked":["Heatsinks","Consume","Force Field"],"picked":"SKIP","floor":2},{"not_picked":["Steam","Chill"],"picked":"Leap","floor":3},{"not_picked":["Steam","Beam Cell"],"picked":"Streamline","floor":5},{"not_picked":["Melter","White Noise"],"picked":"Core Surge","floor":7},{"not_picked":["Self Repair","Coolheaded","Cold Snap"],"picked":"SKIP","floor":10},{"not_picked":["Leap","Genetic Algorithm"],"picked":"Melter","floor":11},{"not_picked":["Scrape","Hologram"],"picked":"Auto Shields","floor":13},{"not_picked":["Steam","Go for the Eyes","Conserve Battery"],"picked":"SKIP","floor":14},{"not_picked":["Multi-Cast","Reboot"],"picked":"Echo Form","floor":16},{"not_picked":["Double Energy+1","Conserve Battery","Gash"],"picked":"SKIP","floor":18},{"not_picked":["Cold Snap","Compile Driver+1","Capacitor"],"picked":"SKIP","floor":19},{"not_picked":["Turbo","Undo","Tempest"],"picked":"SKIP","floor":20},{"not_picked":["Redo+1","Scrape","Turbo+1"],"picked":"SKIP","floor":22},{"not_picked":["Reboot","Go for the Eyes+1"],"picked":"Reprogram+1","floor":24},{"not_picked":["Hello World","Conserve Battery","Compile Driver"],"picked":"SKIP","floor":25},{"not_picked":["Stack+1","Fission","Coolheaded"],"picked":"SKIP","floor":27}],"player_experience":372482,"relics_obtained":[{"floor":7,"key":"Pear"},{"floor":9,"key":"Du-Vu Doll"},{"floor":11,"key":"Odd Mushroom"},{"floor":13,"key":"Unceasing Top"}],"event_choices":[{"damage_healed":0,"gold_gain":0,"player_choice":"Fought Mushrooms","damage_taken":0,"max_hp_gain":0,"max_hp_loss":0,"event_name":"Mushrooms","floor":11,"gold_loss":0},{"damage_healed":0,"gold_gain":0,"player_choice":"Trade","damage_taken":0,"relics_obtained":["NlothsMask"],"max_hp_gain":0,"max_hp_loss":0,"event_name":"FaceTrader","floor":12,"gold_loss":0},{"damage_healed":0,"gold_gain":250,"player_choice":"Bet on Owner","damage_taken":0,"max_hp_gain":0,"max_hp_loss":0,"event_name":"The Joust","floor":21,"gold_loss":50}],"is_beta":false,"boss_relics":[{"not_picked":["Empty Cage","Runic Dome"],"picked":"Velvet Choker"}],"items_purged_floors":[4,24],"is_endless":false,"potions_floor_spawned":[2,5,7,14,16,18],"killed_by":"Book of Stabbing","ascension_level":14}}