{"host":"wshh0nphwn6jv7vj","time":1611177741,"event":{"mods":["BaseMod","Bestiary","Minty Spire (QoL Compilation)","Relic Stats"],"gold_per_floor":[109,133,143,143,143,156,175,190,266,302,302,302,335,335,335,425,425,448,471,471,199,215,254,254,70,122,140,180,196,221,237,237,330,330,354,14,33,366,385,385,385],"floor_reached":40,"language":"ENG","playtime":2502,"items_purged":["Defend_B","Defend_B"],"score":839,"play_id":"8dc1a75d-c897-4f2c-8146-2ba81c52efff","local_time":"20210120162221","is_ascension_mode":true,"campfire_choices":[{"data":"Zap","floor":11,"key":"SMITH"},{"floor":15,"key":"REST"},{"floor":24,"key":"REST"},{"floor":32,"key":"REST"}],"circlet_count":0,"master_deck":["AscendersBane","Defend_B","Defend_B","Zap+1","Dualcast","Gash","FTL","Melter","Conserve Battery","Gash","Force Field","Ball Lightning","Electrodynamics","Reboot+1","Reinforced Body+1","Heatsinks+1","Capacitor","Static Discharge","Steam","Self Repair","Gash","Darkness","Go for the Eyes","Steam","Conserve Battery","Capacitor","Aggregate","Buffer","Defragment","Ball Lightning+1","Hologram"],"relics":["Cracked Core","Unceasing Top","DataDisk","Symbiotic Virus","Gremlin Horn","Ancient Tea Set","Mummified Hand","Astrolabe","GremlinMask","Lee\u0027s Waffle","Question Card","PreservedInsect","Torii","Busted Crown","ClockworkSouvenir"],"acts_visited":["Exordium","TheCity","TheBeyond"],"potions_floor_usage":[10,10,19,23,30,33,33],"damage_taken":[{"damage":2,"enemies":"Cultist","floor":1,"turns":4},{"damage":7,"enemies":"Small Slimes","floor":3,"turns":3},{"damage":2,"enemies":"Jaw Worm","floor":6,"turns":3},{"damage":14,"enemies":"Exordium Wildlife","floor":7,"turns":5},{"damage":3,"enemies":"Blue Slaver","floor":8,"turns":3},{"damage":9,"enemies":"Gremlin Nob","floor":10,"turns":4},{"damage":15,"enemies":"3 Sentries","floor":13,"turns":4},{"damage":26,"enemies":"Slime Boss","floor":16,"turns":6},{"damage":0,"enemies":"Spheric Guardian","floor":18,"turns":1},{"damage":14,"enemies":"Shell Parasite","floor":19,"turns":4},{"damage":2,"enemies":"Centurion and Healer","floor":22,"turns":3},{"damage":34,"enemies":"Slavers","floor":23,"turns":4},{"damage":0,"enemies":"Snake Plant","floor":27,"turns":3},{"damage":3,"enemies":"Gremlin Leader","floor":28,"turns":4},{"damage":10,"enemies":"Shelled Parasite and Fungi","floor":29,"turns":3},{"damage":24,"enemies":"Cultist and Chosen","floor":30,"turns":5},{"damage":15,"enemies":"Snake Plant","floor":31,"turns":4},{"damage":9,"enemies":"Collector","floor":33,"turns":9},{"damage":6,"enemies":"3 Darklings","floor":35,"turns":4},{"damage":1,"enemies":"3 Shapes","floor":37,"turns":4},{"damage":0,"enemies":"3 Darklings","floor":39,"turns":3},{"damage":75,"enemies":"Reptomancer","floor":40,"turns":3}],"seed_played":"3947375956152113305","potions_obtained":[{"floor":3,"key":"FearPotion"},{"floor":7,"key":"LiquidMemories"},{"floor":8,"key":"Block Potion"},{"floor":16,"key":"ColorlessPotion"},{"floor":18,"key":"Swift Potion"},{"floor":23,"key":"Dexterity Potion"},{"floor":28,"key":"GamblersBrew"},{"floor":30,"key":"ColorlessPotion"},{"floor":33,"key":"SteroidPotion"},{"floor":39,"key":"Strength Potion"}],"is_trial":false,"path_per_floor":["M","T","M","?","?","M","M","M","T","E","R","?","E","T","R","B",null,"M","M","?","$","M","E","R","$","T","M","E","M","M","M","R","B",null,"M","$","M","?","M","E"],"character_chosen":"DEFECT","items_purchased":["Lee\u0027s Waffle","Static Discharge","Self Repair","Gash","Darkness","Defragment","ClockworkSouvenir"],"campfire_rested":3,"item_purchase_floors":[21,21,25,25,25,36,36],"current_hp_per_floor":[62,62,55,55,60,58,44,41,41,32,32,32,17,17,35,9,50,50,36,36,70,68,34,55,55,55,62,66,56,32,24,45,43,63,64,64,70,70,70,0,0],"gold":385,"neow_bonus":"ONE_RARE_RELIC","is_daily":false,"chose_seed":false,"campfire_upgraded":1,"win_rate":0.0,"timestamp":1611177741,"path_taken":["M","?","M","?","?","M","?","M","T","E","R","?","E","?","R","BOSS","M","M","?","$","M","E","R","?","T","M","E","?","?","M","R","BOSS","M","$","M","?","M","E"],"items_purchased_type":["Relic","Card","Card","Card","Card","Card","Relic"],"build_version":"2020-12-22","purchased_purges":2,"victory":false,"max_hp_per_floor":[64,64,64,58,63,63,63,63,63,63,63,63,63,63,63,63,63,63,63,63,70,70,70,70,70,70,70,70,70,70,70,70,70,70,70,70,70,70,70,70,70],"relic_stats":{"Lee\u0027s Waffle":34,"Busted Crown":6,"Gremlin Horn":[21,21],"Torii":3,"counters":[22,86],"Mummified Hand":[61],"Astrolabe":["Reboot","Reinforced Body","Heatsinks"],"PreservedInsect":111,"Question Card":9,"obtain_stats":[{"Lee\u0027s Waffle":21,"Gremlin Horn":10,"Torii":28,"Golden Idol":4,"Astrolabe":17,"GremlinMask":20,"PreservedInsect":26,"Ancient Tea Set":13,"Question Card":23,"ClockworkSouvenir":36,"DataDisk":2,"Busted Crown":34,"Mummified Hand":14,"Cracked Core":0,"Symbiotic Virus":9,"Unceasing Top":0},{"Lee\u0027s Waffle":10,"Gremlin Horn":6,"Torii":14,"Golden Idol":2,"Astrolabe":8,"GremlinMask":10,"PreservedInsect":12,"Ancient Tea Set":7,"Question Card":12,"ClockworkSouvenir":19,"DataDisk":1,"Busted Crown":18,"Mummified Hand":7,"Cracked Core":0,"Symbiotic Virus":5,"Unceasing Top":0},{"Lee\u0027s Waffle":37,"Gremlin Horn":22,"Torii":51,"Golden Idol":7,"Astrolabe":32,"GremlinMask":37,"PreservedInsect":44,"Ancient Tea Set":26,"Question Card":44,"ClockworkSouvenir":76,"DataDisk":4,"Busted Crown":72,"Mummified Hand":26,"Cracked Core":0,"Symbiotic Virus":18,"Unceasing Top":0}],"Unceasing Top":[46]},"card_choices":[{"not_picked":["Compile Driver","Force Field"],"picked":"Gash","floor":1},{"not_picked":["Blizzard","Hologram","Streamline"],"picked":"SKIP","floor":3},{"not_picked":["Storm","Ball Lightning"],"picked":"FTL","floor":6},{"not_picked":["Coolheaded","Steam"],"picked":"Melter","floor":7},{"not_picked":["Beam Cell","Melter"],"picked":"Conserve Battery","floor":8},{"not_picked":["Meteor Strike","Leap"],"picked":"Gash","floor":10},{"not_picked":["Hologram","Loop"],"picked":"Ball Lightning","floor":13},{"not_picked":["Seek","All For One"],"picked":"Electrodynamics","floor":16},{"not_picked":["Reinforced Body","Leap","Tempest"],"picked":"SKIP","floor":18},{"not_picked":["Chill","Barrage+1"],"picked":"Capacitor","floor":19},{"not_picked":["Redo","Leap","Blizzard"],"picked":"SKIP","floor":22},{"not_picked":["Loop","Leap"],"picked":"Steam","floor":23},{"not_picked":["Doom and Gloom+1","Skim","Cold Snap"],"picked":"Go for the Eyes","floor":27},{"not_picked":["Ball Lightning","Sunder+1","Rainbow"],"picked":"Steam","floor":28},{"not_picked":["Cold Snap","Leap","Chaos"],"picked":"Conserve Battery","floor":29},{"not_picked":["Lockon","Force Field","Chill"],"picked":"Capacitor","floor":30},{"not_picked":["Rebound","Coolheaded","Redo+1"],"picked":"Aggregate","floor":31},{"not_picked":["Biased Cognition","Reboot","Rainbow"],"picked":"Buffer","floor":33},{"not_picked":["Fusion","Skim"],"picked":"SKIP","floor":35},{"not_picked":["Blizzard+1"],"picked":"Ball Lightning+1","floor":37},{"not_picked":["Stack"],"picked":"Hologram","floor":39}],"player_experience":1594365,"relics_obtained":[{"floor":2,"key":"DataDisk"},{"floor":9,"key":"Symbiotic Virus"},{"floor":10,"key":"Gremlin Horn"},{"floor":13,"key":"Ancient Tea Set"},{"floor":14,"key":"Mummified Hand"},{"floor":23,"key":"Question Card"},{"floor":26,"key":"PreservedInsect"},{"floor":28,"key":"Torii"}],"event_choices":[{"damage_healed":0,"gold_gain":0,"player_choice":"Lose Max HP","damage_taken":0,"relics_obtained":["Golden Idol"],"max_hp_gain":0,"max_hp_loss":6,"event_name":"Golden Idol","floor":4,"gold_loss":0},{"damage_healed":0,"gold_gain":0,"player_choice":"Donut","damage_taken":0,"max_hp_gain":5,"max_hp_loss":0,"event_name":"Big Fish","floor":5,"gold_loss":0},{"damage_healed":0,"gold_gain":0,"cards_transformed":["Strike_B"],"player_choice":"Change","damage_taken":0,"max_hp_gain":0,"max_hp_loss":0,"event_name":"Living Wall","floor":12,"gold_loss":0,"cards_obtained":["Force Field"]},{"damage_healed":0,"gold_gain":0,"player_choice":"Trade","damage_taken":0,"relics_obtained":["GremlinMask"],"max_hp_gain":0,"max_hp_loss":0,"event_name":"FaceTrader","floor":20,"gold_loss":0},{"damage_healed":0,"gold_gain":333,"player_choice":"Gave Idol","damage_taken":0,"max_hp_gain":0,"max_hp_loss":0,"event_name":"The Moai Head","floor":38,"relics_lost":["Golden Idol"],"gold_loss":0}],"is_beta":false,"boss_relics":[{"not_picked":["Philosopher\u0027s Stone","Tiny House"],"picked":"Astrolabe"},{"not_picked":["Fusion Hammer","SlaversCollar"],"picked":"Busted Crown"}],"items_purged_floors":[21,36],"is_endless":false,"potions_floor_spawned":[3,7,8,16,18,23,28,30,31,33,39],"killed_by":"Reptomancer","ascension_level":17}}