{"host":"p7cjtxxrilhp4dw7","time":1611170587,"event":{"mods":["BaseMod","Block Reminder","Colored Map","Highlight Path","Minty Spire (QoL Compilation)","Replay The Spire","StSLib","The Hierophant"],"gold_per_floor":[97,97,118,143,143,143,147,147,170,173,204,227,227,227,227,350,350,344,292,88,95,95,75,75],"floor_reached":23,"language":"ENG","playtime":1603,"items_purged":[],"score":301,"play_id":"0b3176e7-9e31-43bb-b377-81c586e812ab","local_time":"20210120122307","is_ascension_mode":true,"campfire_choices":[{"floor":6,"key":"REST"},{"data":"hierophant:Exaltation","floor":8,"key":"SMITH"},{"floor":15,"key":"REST"}],"circlet_count":0,"master_deck":["hierophant:Strike_Hierophant","hierophant:Strike_Hierophant","hierophant:Punish","hierophant:Defend_Hierophant","hierophant:Defend_Hierophant","hierophant:Defend_Hierophant","hierophant:Defend_Hierophant","hierophant:ChurchCoffers","hierophant:DeathKnell","hierophant:FieryStrike","hierophant:FieryStrike","hierophant:Exaltation+1","hierophant:RepressedViolence","hierophant:Zeal","hierophant:ThreeLashes","hierophant:Sermon","hierophant:DivineIntervention","hierophant:OrnateBuckler","hierophant:PassingBell+1","hierophant:MorningPrayer"],"relics":["hierophant:PropheticMaskRelic","Golden Idol","Replay:Baseball","Replay:Mystery Machine","Orichalcum","Black Star","Strawberry"],"acts_visited":["Exordium","TheCity"],"potions_floor_usage":[7,7,11,11,16],"damage_taken":[{"damage":4,"enemies":"Jaw Worm","floor":1,"turns":3},{"damage":0,"enemies":"2 Louse","floor":3,"turns":1},{"damage":0,"enemies":"Cultist","floor":4,"turns":3},{"damage":15,"enemies":"3 Sentries","floor":7,"turns":8},{"damage":9,"enemies":"Red Slaver","floor":10,"turns":3},{"damage":20,"enemies":"Lagavulin","floor":11,"turns":4},{"damage":0,"enemies":"Exordium Thugs","floor":12,"turns":3},{"damage":0,"enemies":"Slime Boss","floor":16,"turns":5},{"damage":27,"enemies":"Shell Parasite","floor":18,"turns":4},{"damage":15,"enemies":"2 Thieves","floor":19,"turns":3},{"damage":17,"enemies":"Snake Plant","floor":21,"turns":3},{"damage":24,"enemies":"Gremlin Leader","floor":23,"turns":2}],"seed_played":"31998228351681472","potions_obtained":[{"floor":4,"key":"EntropicBrew"},{"floor":11,"key":"BlessingOfTheForge"}],"is_trial":false,"path_per_floor":["M","?","M","M","?","R","E","R","T","M","E","M","T","?","R","B",null,"M","M","$","M","?","E"],"character_chosen":"HIEROPHANT","items_purchased":["hierophant:MorningPrayer","Strawberry"],"campfire_rested":2,"item_purchase_floors":[20,20],"current_hp_per_floor":[71,53,53,53,53,75,60,60,60,51,31,31,31,31,53,53,75,48,33,40,23,23,0,0],"gold":75,"neow_bonus":"ONE_RANDOM_RARE_CARD","is_daily":false,"chose_seed":false,"campfire_upgraded":1,"win_rate":0.0,"timestamp":1611170587,"path_taken":["M","?","M","M","?","R","E","R","T","M","E","?","?","?","R","BOSS","M","M","?","?","?","E"],"items_purchased_type":["Card","Relic"],"build_version":"2020-12-22","purchased_purges":0,"victory":false,"max_hp_per_floor":[75,75,75,75,75,75,75,75,75,75,75,75,75,75,75,75,75,75,75,82,82,82,82,82],"card_choices":[{"not_picked":["hierophant:OrnateJavelin","hierophant:TollTheBells"],"picked":"hierophant:FieryStrike","floor":1},{"not_picked":["hierophant:Prophecy","hierophant:Zeal"],"picked":"hierophant:FieryStrike","floor":3},{"not_picked":["hierophant:FieryStrike","hierophant:Smite"],"picked":"hierophant:Exaltation","floor":4},{"not_picked":["hierophant:RustyCrate","hierophant:Prophecy"],"picked":"hierophant:RepressedViolence","floor":7},{"not_picked":["hierophant:Rebuild","hierophant:PassingBell"],"picked":"hierophant:Zeal","floor":10},{"not_picked":["hierophant:RepressedViolence","hierophant:Martyrdom"],"picked":"hierophant:ThreeLashes","floor":11},{"not_picked":["hierophant:Remorse","hierophant:Embezzle"],"picked":"hierophant:Sermon","floor":12},{"not_picked":["hierophant:Cornucopia","hierophant:BulkyChest"],"picked":"hierophant:DivineIntervention","floor":16},{"not_picked":["hierophant:SolarFlare","hierophant:Prophecy"],"picked":"hierophant:OrnateBuckler","floor":18},{"not_picked":["hierophant:Shelter","hierophant:HolyVerse"],"picked":"hierophant:PassingBell+1","floor":19},{"not_picked":["hierophant:HammerAndAnvil","hierophant:Encroach","hierophant:ThreeLashes"],"picked":"SKIP","floor":21}],"player_experience":525955,"relics_obtained":[{"floor":7,"key":"Replay:Baseball"},{"floor":9,"key":"Replay:Mystery Machine"},{"floor":11,"key":"Orichalcum"}],"event_choices":[{"damage_healed":0,"gold_gain":0,"player_choice":"Take Damage","damage_taken":18,"relics_obtained":["Golden Idol"],"max_hp_gain":0,"max_hp_loss":0,"event_name":"Golden Idol","floor":2,"gold_loss":0},{"cards_removed":["hierophant:Strike_Hierophant"],"damage_healed":0,"gold_gain":0,"player_choice":"Forget","damage_taken":0,"max_hp_gain":0,"max_hp_loss":0,"event_name":"Living Wall","floor":5,"gold_loss":0},{"cards_removed":["hierophant:Strike_Hierophant"],"damage_healed":0,"gold_gain":0,"player_choice":"Offered Basic","damage_taken":0,"max_hp_gain":0,"max_hp_loss":0,"event_name":"Bonfire Elementals","floor":14,"gold_loss":0},{"damage_healed":0,"gold_gain":0,"player_choice":"Ignored","damage_taken":0,"max_hp_gain":0,"max_hp_loss":0,"event_name":"Transmorgrifier","floor":22,"gold_loss":0}],"is_beta":false,"boss_relics":[{"not_picked":["SacredBark","Tiny House"],"picked":"Black Star"}],"items_purged_floors":[],"is_endless":false,"potions_floor_spawned":[4,11],"killed_by":"Gremlin Leader","ascension_level":4}}