{"host":"3imo7wsdyu7efakj","time":1611139555,"event":{"mods":["BaseMod","Downfall","Minty Spire (QoL Compilation)","Quick Restart","StSLib"],"gold_per_floor":[99,99,99,99,91,118,118,118,118,118],"floor_reached":8,"language":"ZHS","playtime":1065,"items_purged":[],"score":42,"play_id":"8905e606-51d9-441e-8092-5e9100d4b1c3","local_time":"20210120184555","is_ascension_mode":false,"campfire_choices":[{"floor":1,"key":"RECALL"}],"circlet_count":0,"master_deck":["hexamod:Strike","hexamod:Strike","hexamod:Strike","hexamod:Strike","hexamod:Defend","hexamod:Defend","hexamod:Defend","hexamod:Defend","hexamod:Sear","hexamod:Float","hexamod:SkipABeat","hexamod:RecurringNightmare","hexamod:ThirdSeal","hexamod:FirstSeal","hexamod:SecondSeal","hexamod:ThermalTransfer","hexamod:NightmareGuise"],"relics":["hexamod:SpiritBrand","downfall:HeartsMalice","Boot"],"acts_visited":["Exordium"],"potions_floor_usage":[],"damage_taken":[{"damage":0,"enemies":"2 Louse","floor":2,"turns":1},{"damage":0,"enemies":"Small Slimes","floor":3,"turns":1},{"damage":0,"enemies":"Jaw Worm","floor":4,"turns":1},{"damage":26,"enemies":"3 Louse","floor":6,"turns":4},{"damage":47,"enemies":"3 Sentries","floor":8,"turns":8}],"seed_played":"-5733669001301382902","potions_obtained":[],"is_trial":false,"path_per_floor":["R","M","M","M","?","M","T","E"],"character_chosen":"THE_SPIRIT","items_purchased":[],"campfire_rested":0,"item_purchase_floors":[],"current_hp_per_floor":[70,70,70,70,63,44,44,0,0,0],"gold":118,"neow_bonus":"THREE_ENEMY_KILL","is_daily":false,"chose_seed":false,"campfire_upgraded":0,"win_rate":0.0,"timestamp":1611139555,"path_taken":["R","M","M","M","?","M","T","E"],"items_purchased_type":[],"build_version":"2020-12-22","purchased_purges":0,"victory":false,"max_hp_per_floor":[70,70,70,70,70,70,70,70,70,70],"card_choices":[{"not_picked":["hexamod:InspiringFlames","hexamod:ShieldOfDarkness"],"picked":"hexamod:SkipABeat","floor":2},{"not_picked":["hexamod:FlamesFromBeyond","hexamod:GhostShield"],"picked":"hexamod:RecurringNightmare","floor":3},{"not_picked":["hexamod:AdvancingGuard","hexamod:SuperheatedStrike"],"picked":"hexamod:GhostShield","floor":4},{"not_picked":["hexamod:AdvancingGuard","hexamod:BacktrackSmack"],"picked":"hexamod:ThermalTransfer","floor":6},{"not_picked":["hexamod:BacktrackSmack","hexamod:HauntingEcho"],"picked":"hexamod:NightmareGuise","floor":6}],"player_experience":265814,"relics_obtained":[{"floor":7,"key":"Boot"}],"event_choices":[],"is_beta":false,"boss_relics":[],"items_purged_floors":[],"is_endless":false,"potions_floor_spawned":[],"killed_by":"3 Sentries","ascension_level":0}}