{"host":"9d9dhukr2jywmy0f","time":1611132335,"event":{"mods":["2.2 Compatiblity","Alarm Clock","BaseMod","Bestiary","Block Reminder","Colored Map","Colored Powertips","Curses Come First","DeckTracker","Highlight Path","Key Reminder","Minty Spire (QoL Compilation)","Quick Restart","Rare Cards Sparkle","Relic Sorter","Relic Stats","Spire Birthday Party","StSLib","SuperFastMode","Synergy Search","The Poker Player","Unceasing Turn Reminder","Unknown Chances"],"gold_per_floor":[360,360,376,386,386,386,411,411,411,411,422,422,93,113,113,215,215,227,326,326,326,297,297,311,336,409,42,73,73,73,93,93,198,198,209,209,256,274,51,51,51,51,51],"floor_reached":41,"language":"ZHS","playtime":2389,"items_purged":["PokerPlayerMod:Spade1","PokerPlayerMod:Diamond2"],"score":749,"play_id":"f845df0f-bc37-4a70-a5b2-a99982ed3e4a","local_time":"20210120164535","is_ascension_mode":true,"metric_token":1494,"campfire_choices":[{"data":"PokerPlayerMod:Mulligan","floor":6.0,"key":"SMITH"},{"data":"PokerPlayerMod:TrumpStrike","floor":8.0,"key":"SMITH"},{"data":"PokerPlayerMod:BadJoker","floor":10.0,"key":"SMITH"},{"data":"PokerPlayerMod:Raise","floor":12.0,"key":"SMITH"},{"data":"PokerPlayerMod:CardBurn","floor":15.0,"key":"SMITH"},{"data":"PokerPlayerMod:Duplicate","floor":23.0,"key":"SMITH"},{"floor":30.0,"key":"REST"},{"data":"PokerPlayerMod:ThinkingTime","floor":32.0,"key":"SMITH"},{"data":"PokerPlayerMod:FillThePot","floor":40,"key":"SMITH"}],"circlet_count":0,"master_deck":["AscendersBane","PokerPlayerMod:Diamond3","PokerPlayerMod:Diamond4","PokerPlayerMod:Diamond5","PokerPlayerMod:Spade2","PokerPlayerMod:Spade3","PokerPlayerMod:Spade4","PokerPlayerMod:Club2","PokerPlayerMod:Heart2","PokerPlayerMod:TrumpStrike+1","PokerPlayerMod:BadJoker+1","PokerPlayerMod:Mulligan+1","PokerPlayerMod:CardBurn+1","PokerPlayerMod:Raise+1","PokerPlayerMod:Duplicate+1","PokerPlayerMod:ThinkingTime+1","Ghostly","Ghostly","Ghostly","Ghostly","Ghostly","PokerPlayerMod:Heart7","PokerPlayerMod:ClubShade","PokerPlayerMod:FillThePot+1","PokerPlayerMod:WasteCollection","PokerPlayerMod:Diamond6","PokerPlayerMod:Club8","PokerPlayerMod:ClubShade","PokerPlayerMod:CardBurn"],"relics":["PokerPlayerMod:DeckCase","Odd Mushroom","Mummified Hand","PokerPlayerMod:CoolBox","Black Star","Shovel","PokerPlayerMod:JackpotMachine","HornCleat","PreservedInsect","Strawberry","Girya","Omamori","keyreminder:keyreminder","Calling Bell","Potion Belt","Letter Opener","Incense Burner","Thread and Needle"],"acts_visited":["Exordium","TheCity","TheBeyond"],"potions_floor_usage":[],"damage_taken":[{"damage":6.0,"enemies":"Jaw Worm","floor":1.0,"turns":4.0},{"damage":1.0,"enemies":"2 Louse","floor":3.0,"turns":3.0},{"damage":0.0,"enemies":"Small Slimes","floor":4.0,"turns":2.0},{"damage":24.0,"enemies":"The Mushroom Lair","floor":7.0,"turns":4.0},{"damage":0.0,"enemies":"2 Fungi Beasts","floor":11.0,"turns":2.0},{"damage":0.0,"enemies":"Looter","floor":14.0,"turns":1.0},{"damage":0.0,"enemies":"The Guardian","floor":16.0,"turns":9.0},{"damage":8.0,"enemies":"3 Byrds","floor":18.0,"turns":4.0},{"damage":0.0,"enemies":"2 Thieves","floor":22.0,"turns":5.0},{"damage":13.0,"enemies":"Snecko","floor":24.0,"turns":7.0},{"damage":16.0,"enemies":"Gremlin Leader","floor":25.0,"turns":8.0},{"damage":18.0,"enemies":"Book of Stabbing","floor":28.0,"turns":8.0},{"damage":0.0,"enemies":"Chosen and Byrds","floor":31.0,"turns":6.0},{"damage":16.0,"enemies":"Automaton","floor":33.0,"turns":11.0},{"damage":0.0,"enemies":"Orb Walker","floor":35.0,"turns":4.0},{"damage":2.0,"enemies":"2 Orb Walkers","floor":37.0,"turns":5.0},{"damage":0.0,"enemies":"3 Shapes","floor":38.0,"turns":5.0},{"damage":37,"enemies":"Giant Head","floor":41,"turns":8}],"seed_played":"6562600946077580747","potions_obtained":[{"floor":3.0,"key":"SkillPotion"},{"floor":14.0,"key":"Explosive Potion"},{"floor":25.0,"key":"CultistPotion"},{"floor":37.0,"key":"Fire Potion"},{"floor":38.0,"key":"EssenceOfSteel"}],"is_trial":false,"path_per_floor":["M","?","M","M","?","R","?","R","T","R","M","R","$","M","R","B",null,"M","?","?","?","M","R","M","E","T","$","E","?","R","M","R","B",null,"M","?","?","M","$","R","E"],"character_chosen":"THE_POKER_PLAYER","items_purchased":["PokerPlayerMod:CoolBox","PreservedInsect","PokerPlayerMod:ClubShade","Strawberry","PokerPlayerMod:ClubShade","PokerPlayerMod:CardBurn"],"campfire_rested":1,"item_purchase_floors":[13,27,27,27,39,39],"current_hp_per_floor":[45,45,46,46,51,51,33,33,33,33,37,37,37,37,37,39,53,48,48,48,28,28,28,15,2,2,9,1,1,11,25,25,19,31,35,35,35,35,35,35,0,0,0],"gold":51,"neow_bonus":"TWO_FIFTY_GOLD","is_daily":false,"chose_seed":false,"campfire_upgraded":8,"win_rate":0.0,"timestamp":1611132335,"path_taken":["M","?","M","M","?","R","?","R","T","R","M","R","$","M","R","BOSS","M","?","?","?","M","R","M","E","T","$","E","?","R","M","R","BOSS","M","?","?","M","$","R","E"],"items_purchased_type":["Relic","Relic","Card","Relic","Card","Card"],"build_version":"2020-11-30","purchased_purges":2,"victory":false,"max_hp_per_floor":[52,52,52,52,57,57,57,57,57,57,57,57,57,57,57,57,57,57,57,57,28,28,28,28,28,28,35,35,35,35,35,35,35,35,35,35,35,35,35,35,35,35,35],"relic_stats":{"Shovel":0,"counters":[18,96],"Mummified Hand":[8],"PreservedInsect":172,"Black Star":2,"Letter Opener":[125],"obtain_stats":[{"Potion Belt":34,"Girya":28,"Thread and Needle":37,"PreservedInsect":27,"Omamori":28,"Incense Burner":34,"Letter Opener":34,"Odd Mushroom":7,"keyreminder:keyreminder":28,"Calling Bell":34,"PokerPlayerMod:DeckCase":0,"Shovel":25,"HornCleat":26,"Mummified Hand":9,"Strawberry":27,"PokerPlayerMod:JackpotMachine":25,"Black Star":17,"PokerPlayerMod:CoolBox":13},{"Potion Belt":14,"Girya":12,"Thread and Needle":16,"PreservedInsect":11,"Omamori":12,"Incense Burner":14,"Letter Opener":14,"Odd Mushroom":4,"keyreminder:keyreminder":12,"Calling Bell":14,"PokerPlayerMod:DeckCase":0,"Shovel":11,"HornCleat":11,"Mummified Hand":4,"Strawberry":11,"PokerPlayerMod:JackpotMachine":11,"Black Star":7,"PokerPlayerMod:CoolBox":5},{"Potion Belt":74,"Girya":57,"Thread and Needle":83,"PreservedInsect":49,"Omamori":57,"Incense Burner":74,"Letter Opener":74,"Odd Mushroom":13,"keyreminder:keyreminder":57,"Calling Bell":74,"PokerPlayerMod:DeckCase":0,"Shovel":49,"HornCleat":49,"Mummified Hand":13,"Strawberry":49,"PokerPlayerMod:JackpotMachine":49,"Black Star":25,"PokerPlayerMod:CoolBox":15}]},"card_choices":[{"not_picked":["PokerPlayerMod:HeartStrike","PokerPlayerMod:MagicTrick"],"picked":"PokerPlayerMod:CardBurn","floor":1.0},{"not_picked":["PokerPlayerMod:Club3","PokerPlayerMod:DiamondStrike","PokerPlayerMod:HiddenCard"],"picked":"SKIP","floor":3.0},{"not_picked":["PokerPlayerMod:SpadeStrike","PokerPlayerMod:Diamond2","PokerPlayerMod:Heart4"],"picked":"SKIP","floor":4.0},{"not_picked":["PokerPlayerMod:Club2","PokerPlayerMod:HeartStrike"],"picked":"PokerPlayerMod:Raise","floor":11.0},{"not_picked":["PokerPlayerMod:MagicTrick","PokerPlayerMod:SpadeStrike","PokerPlayerMod:Spade3"],"picked":"SKIP","floor":14.0},{"not_picked":["PokerPlayerMod:VarietyAttack","PokerPlayerMod:SecretDealer"],"picked":"PokerPlayerMod:Duplicate","floor":16.0},{"not_picked":["PokerPlayerMod:Overdeal","PokerPlayerMod:Heart1","PokerPlayerMod:Heart4"],"picked":"SKIP","floor":18.0},{"not_picked":["PokerPlayerMod:Diamond4","PokerPlayerMod:Fold+1","PokerPlayerMod:Heart4"],"picked":"SKIP","floor":22.0},{"not_picked":["PokerPlayerMod:Heart3","PokerPlayerMod:Configure","PokerPlayerMod:DiamondStrike"],"picked":"SKIP","floor":24.0},{"not_picked":["PokerPlayerMod:Diamond2","PokerPlayerMod:Spade1"],"picked":"PokerPlayerMod:Heart7","floor":25.0},{"not_picked":["PokerPlayerMod:CloakAndDiamond","PokerPlayerMod:Raise"],"picked":"PokerPlayerMod:FillThePot","floor":28.0},{"not_picked":["PokerPlayerMod:Fold","PokerPlayerMod:Spade4","PokerPlayerMod:Club3"],"picked":"SKIP","floor":31.0},{"not_picked":["PokerPlayerMod:WasteCollection","PokerPlayerMod:Duplicate"],"picked":"PokerPlayerMod:Club8","floor":33.0},{"not_picked":["PokerPlayerMod:DiamondStrike","PokerPlayerMod:Configure","PokerPlayerMod:Diamond3"],"picked":"SKIP","floor":35.0},{"not_picked":["PokerPlayerMod:Spade2","PokerPlayerMod:Spade1","PokerPlayerMod:Club5"],"picked":"SKIP","floor":38.0}],"player_experience":885702,"relics_obtained":[{"floor":7.0,"key":"Odd Mushroom"},{"floor":9.0,"key":"Mummified Hand"},{"floor":25.0,"key":"Shovel"},{"floor":25.0,"key":"PokerPlayerMod:JackpotMachine"},{"floor":26.0,"key":"HornCleat"},{"floor":28.0,"key":"Girya"},{"floor":28.0,"key":"Omamori"},{"floor":34.0,"key":"Potion Belt"},{"floor":34.0,"key":"Letter Opener"},{"floor":34.0,"key":"Incense Burner"},{"floor":37.0,"key":"Thread and Needle"}],"event_choices":[{"cards_removed":["Writhe"],"damage_healed":0.0,"max_hp_gain":0.0,"max_hp_loss":0.0,"gold_gain":0.0,"event_name":"Living Wall","player_choice":"Forget","floor":2.0,"gold_loss":0.0,"damage_taken":0.0},{"damage_healed":0.0,"max_hp_gain":5.0,"max_hp_loss":0.0,"gold_gain":0.0,"event_name":"Big Fish","player_choice":"Donut","floor":5.0,"gold_loss":0.0,"damage_taken":0.0},{"damage_healed":0.0,"max_hp_gain":0.0,"max_hp_loss":0.0,"gold_gain":0.0,"event_name":"Mushrooms","player_choice":"Fought Mushrooms","floor":7.0,"gold_loss":0.0,"damage_taken":0.0},{"damage_healed":0.0,"max_hp_gain":0.0,"max_hp_loss":0.0,"gold_gain":99.0,"event_name":"Nest","player_choice":"Stole From Cult","floor":19.0,"gold_loss":0.0,"damage_taken":0.0},{"damage_healed":0.0,"max_hp_gain":0.0,"max_hp_loss":0.0,"gold_gain":0.0,"event_name":"PokerPlayerMod:Vampires","player_choice":"Think Hard","floor":20.0,"gold_loss":0.0,"damage_taken":0.0,"cards_obtained":["PokerPlayerMod:ThinkingTime"]},{"damage_healed":0.0,"max_hp_gain":0.0,"max_hp_loss":29.0,"gold_gain":0.0,"event_name":"Ghosts","player_choice":"Became a Ghost","floor":21.0,"gold_loss":0.0,"damage_taken":0.0,"cards_obtained":["Ghostly","Ghostly","Ghostly","Ghostly","Ghostly"]},{"damage_healed":0.0,"max_hp_gain":0.0,"max_hp_loss":0.0,"gold_gain":0.0,"cards_transformed":["PokerPlayerMod:Club1","PokerPlayerMod:Diamond1"],"event_name":"Drug Dealer","player_choice":"Became Test Subject","floor":29.0,"gold_loss":0.0,"damage_taken":0.0,"cards_obtained":["PokerPlayerMod:WasteCollection","PokerPlayerMod:Diamond6"]},{"damage_healed":0.0,"max_hp_gain":0.0,"max_hp_loss":0.0,"gold_gain":0.0,"event_name":"Tomb of Lord Red Mask","player_choice":"Ignored","floor":36.0,"gold_loss":0.0,"damage_taken":0.0},{"damage_healed":0.0,"max_hp_gain":0.0,"max_hp_loss":0.0,"gold_gain":0.0,"event_name":"Mysterious Sphere","player_choice":"Fight","floor":37.0,"gold_loss":0.0,"damage_taken":0.0}],"is_beta":false,"boss_relics":[{"not_picked":["Philosopher\u0027s Stone","Empty Cage"],"picked":"Black Star"},{"not_picked":["Astrolabe","Tiny House"],"picked":"Calling Bell"}],"items_purged_floors":[13,39],"is_endless":false,"potions_floor_spawned":[3,14,18,25,31,37,38],"killed_by":"Giant Head","ascension_level":11}}