{"host":"qhd5m7ak4qaao2fj","time":1611143367,"event":{"mods":["AchievementEnabler","BaseMod","Bestiary","Block Reminder","Colored Map","Colored Powertips","DeckTracker","Highlight Path","Minty Spire (QoL Compilation)","Quick Restart","Relic Stats"],"gold_per_floor":[112,127,147,322,292,317,317,348,348,348,348,273,273,294,294,420,420,436,436,436,346,21,21,64,64,90,90,133,147,67,107,107,238,238,256,315,315,333,333,16,34,50,50,50,383,383,418,72,72,72,72,72,12,41,41],"floor_reached":56,"language":"ENG","playtime":4948,"items_purged":["Defend_R","Strike_R"],"score":1454,"play_id":"52e24066-3a91-4a10-ab31-ac06c7223e45","local_time":"20210120124927","is_ascension_mode":true,"campfire_choices":[{"data":"Fire Breathing","floor":7.0,"key":"SMITH"},{"data":"Carnage","floor":11.0,"key":"SMITH"},{"floor":15.0,"key":"RECALL"},{"data":"Burning Pact","floor":23.0,"key":"SMITH"},{"data":"Bash","floor":25.0,"key":"SMITH"},{"floor":27.0,"key":"REST"},{"data":"Reckless Charge","floor":32.0,"key":"SMITH"},{"data":"Double Tap","floor":46.0,"key":"SMITH"},{"floor":49.0,"key":"REST"},{"data":"Dramatic Entrance","floor":52.0,"key":"SMITH"}],"circlet_count":0,"master_deck":["Strike_R+1","Strike_R+1","Defend_R","Defend_R","Bash+1","Carnage+1","Fire Breathing+1","Doubt","Reckless Charge+1","Injury","Exhume+1","Burning Pact+1","Decay","Power Through+1","Double Tap+1","Dramatic Entrance+1","Evolve+1","Inflame+1"],"relics":["Burning Blood","Pocketwatch","Paper Frog","The Courier","Busted Crown","ClockworkSouvenir","Singing Bowl","Shuriken","Oddly Smooth Stone","Vajra","Self Forming Clay","Velvet Choker","TungstenRod","Happy Flower","Sundial","Frozen Egg 2","Mango","Membership Card","Whetstone","Ginger","Bag of Preparation","Champion Belt"],"acts_visited":["Exordium","TheCity","TheBeyond","TheEnding"],"potions_floor_usage":[55],"damage_taken":[{"damage":6.0,"enemies":"2 Louse","floor":1.0,"turns":4.0},{"damage":9.0,"enemies":"Jaw Worm","floor":2.0,"turns":5.0},{"damage":1.0,"enemies":"Cultist","floor":3.0,"turns":3.0},{"damage":7.0,"enemies":"Looter","floor":5.0,"turns":4.0},{"damage":15.0,"enemies":"Gremlin Nob","floor":6.0,"turns":4.0},{"damage":17.0,"enemies":"3 Sentries","floor":8.0,"turns":4.0},{"damage":6.0,"enemies":"Large Slime","floor":14.0,"turns":4.0},{"damage":40.0,"enemies":"Hexaghost","floor":16.0,"turns":7.0},{"damage":23.0,"enemies":"2 Thieves","floor":18.0,"turns":3.0},{"damage":22.0,"enemies":"Gremlin Leader","floor":24.0,"turns":5.0},{"damage":26.0,"enemies":"Slavers","floor":28.0,"turns":3.0},{"damage":2.0,"enemies":"Chosen","floor":29.0,"turns":3.0},{"damage":0.0,"enemies":"Gremlin Leader","floor":31.0,"turns":4.0},{"damage":17.0,"enemies":"Collector","floor":33.0,"turns":6.0},{"damage":0.0,"enemies":"Orb Walker","floor":35.0,"turns":2.0},{"damage":34.0,"enemies":"2 Orb Walkers","floor":36.0,"turns":4.0},{"damage":11.0,"enemies":"3 Shapes","floor":38.0,"turns":3.0},{"damage":10.0,"enemies":"Jaw Worm Horde","floor":41.0,"turns":4.0},{"damage":21.0,"enemies":"Spire Growth","floor":42.0,"turns":4.0},{"damage":25.0,"enemies":"Reptomancer","floor":47.0,"turns":4.0},{"damage":48.0,"enemies":"Donu and Deca","floor":50.0,"turns":6.0},{"damage":20,"enemies":"Shield and Spear","floor":54,"turns":5},{"damage":90,"enemies":"The Heart","floor":55,"turns":8}],"seed_played":"3794898942606472025","potions_obtained":[{"floor":1.0,"key":"FearPotion"},{"floor":8.0,"key":"AttackPotion"},{"floor":16.0,"key":"LiquidMemories"},{"floor":24.0,"key":"SpeedPotion"},{"floor":28.0,"key":"Block Potion"},{"floor":36.0,"key":"AttackPotion"}],"is_trial":false,"path_per_floor":["M","M","M","?","M","E","R","E","T","?","R","$","T","M","R","B",null,"M","?","?","?","$","R","E","R","T","R","E","M","$","E","R","B",null,"M","?","?","M","?","$","M","M","T","?","?","R","E","$","R","B",null,"R","$","E","B",null],"character_chosen":"IRONCLAD","items_purchased":["ClockworkSouvenir","Singing Bowl","Happy Flower","Sundial","Membership Card","Evolve+1","Whetstone","Ginger","Inflame+1","Bag of Preparation"],"campfire_rested":2,"item_purchase_floors":[22,22,40,40,48,48,48,48,48,53],"current_hp_per_floor":[88,85,88,88,87,78,78,67,67,67,67,67,67,67,67,33,88,71,71,71,71,71,71,57,57,57,84,64,70,70,78,78,67,94,96,70,70,67,67,67,65,52,52,52,52,52,49,49,85,43,120,120,120,108,24],"gold":41,"neow_bonus":"TEN_PERCENT_HP_BONUS","is_daily":false,"chose_seed":false,"campfire_upgraded":7,"win_rate":0.0,"timestamp":1611143367,"path_taken":["M","M","M","?","M","E","R","E","T","?","R","$","?","?","R","BOSS","M","?","?","?","$","R","E","R","T","R","E","?","$","E","R","BOSS","M","?","?","M","?","$","?","M","T","?","?","R","E","$","R","BOSS","R","$","E","BOSS"],"items_purchased_type":["Relic","Relic","Relic","Relic","Relic","Card","Relic","Relic","Card","Relic"],"build_version":"2020-12-22","purchased_purges":2,"victory":true,"max_hp_per_floor":[88,88,88,88,88,88,88,88,88,88,88,88,88,88,88,88,88,88,88,88,88,88,88,90,90,90,90,90,92,92,94,94,94,94,96,98,98,100,100,100,102,104,104,104,104,104,120,120,120,120,120,120,120,122,122],"relic_stats":{"Singing Bowl":20,"Happy Flower":[10],"counters":[23,99],"Self Forming Clay":[114],"Bag of Preparation":[4],"Whetstone":["Strike_R","Strike_R"],"Ginger":[9],"Burning Blood":130,"Busted Crown":28,"Shuriken":[15],"Sundial":[8],"Champion Belt":[2],"obtain_stats":[{"Singing Bowl":22,"Happy Flower":40,"Golden Idol":10,"Self Forming Clay":31,"Oddly Smooth Stone":26,"Vajra":28,"Velvet Choker":34,"Mango":47,"The Courier":13,"Bag of Preparation":53,"Whetstone":48,"Ginger":48,"Frozen Egg 2":43,"Burning Blood":0,"ClockworkSouvenir":22,"Busted Crown":17,"Shuriken":24,"Sundial":40,"Membership Card":48,"Champion Belt":54,"TungstenRod":36,"Pocketwatch":6,"Paper Frog":8},{"Singing Bowl":9,"Happy Flower":17,"Golden Idol":6,"Self Forming Clay":13,"Oddly Smooth Stone":10,"Vajra":11,"Velvet Choker":14,"Mango":20,"The Courier":6,"Bag of Preparation":21,"Whetstone":20,"Ginger":20,"Frozen Egg 2":19,"Burning Blood":0,"ClockworkSouvenir":9,"Busted Crown":8,"Shuriken":10,"Sundial":17,"Membership Card":20,"Champion Belt":22,"TungstenRod":16,"Pocketwatch":5,"Paper Frog":6},{"Singing Bowl":38,"Happy Flower":68,"Golden Idol":24,"Self Forming Clay":53,"Oddly Smooth Stone":43,"Vajra":46,"Velvet Choker":59,"Mango":80,"The Courier":24,"Bag of Preparation":86,"Whetstone":80,"Ginger":80,"Frozen Egg 2":76,"Burning Blood":0,"ClockworkSouvenir":38,"Busted Crown":35,"Shuriken":43,"Sundial":68,"Membership Card":80,"Champion Belt":91,"TungstenRod":65,"Pocketwatch":20,"Paper Frog":24}],"TungstenRod":48,"Pocketwatch":[123]},"card_choices":[{"not_picked":["Infernal Blade","Flex","Dark Embrace"],"picked":"SKIP","floor":1.0},{"not_picked":["Thunderclap","Havoc"],"picked":"Carnage","floor":2.0},{"not_picked":["Metallicize","Cleave"],"picked":"Fire Breathing","floor":3.0},{"not_picked":["Iron Wave","Sentinel"],"picked":"Reckless Charge","floor":5.0},{"not_picked":["Armaments","Flex","Heavy Blade"],"picked":"SKIP","floor":6.0},{"not_picked":["Second Wind","Combust","Clothesline"],"picked":"SKIP","floor":8.0},{"not_picked":["Pommel Strike","True Grit","Rupture"],"picked":"SKIP","floor":14.0},{"not_picked":["Brutality","Barricade"],"picked":"Exhume","floor":16.0},{"not_picked":[],"picked":"Burning Pact","floor":18.0},{"not_picked":["Twin Strike"],"picked":"Singing Bowl","floor":24.0},{"not_picked":[],"picked":"Power Through+1","floor":28.0},{"not_picked":["Havoc+1"],"picked":"Singing Bowl","floor":29.0},{"not_picked":["Exhume"],"picked":"Singing Bowl","floor":31.0},{"not_picked":[],"picked":"Double Tap","floor":33.0},{"not_picked":["Dark Embrace"],"picked":"Singing Bowl","floor":35.0},{"not_picked":["Havoc+1"],"picked":"Singing Bowl","floor":36.0},{"not_picked":["Havoc+1"],"picked":"Singing Bowl","floor":38.0},{"not_picked":["Sword Boomerang"],"picked":"Singing Bowl","floor":41.0},{"not_picked":["Cleave+1"],"picked":"Singing Bowl","floor":42.0},{"not_picked":[],"picked":"Dramatic Entrance","floor":44.0},{"not_picked":["Clothesline+1"],"picked":"Singing Bowl","floor":47.0},{"not_picked":["Infernal Blade+1"],"picked":"Singing Bowl","floor":54}],"player_experience":259491,"relics_obtained":[{"floor":6.0,"key":"Pocketwatch"},{"floor":8.0,"key":"Paper Frog"},{"floor":13.0,"key":"The Courier"},{"floor":24.0,"key":"Shuriken"},{"floor":26.0,"key":"Oddly Smooth Stone"},{"floor":28.0,"key":"Vajra"},{"floor":31.0,"key":"Self Forming Clay"},{"floor":36.0,"key":"TungstenRod"},{"floor":43.0,"key":"Frozen Egg 2"},{"floor":47.0,"key":"Mango"},{"floor":54,"key":"Champion Belt"}],"event_choices":[{"damage_healed":0.0,"max_hp_gain":0.0,"max_hp_loss":0.0,"gold_gain":175.0,"event_name":"Liars Game","player_choice":"AGREE","floor":4.0,"gold_loss":0.0,"damage_taken":0.0,"cards_obtained":["Doubt"]},{"damage_healed":0.0,"max_hp_gain":0.0,"max_hp_loss":0.0,"gold_gain":0.0,"event_name":"Golden Idol","player_choice":"Take Wound","floor":10.0,"gold_loss":0.0,"damage_taken":0.0,"relics_obtained":["Golden Idol"],"cards_obtained":["Injury"]},{"cards_removed":["Defend_R"],"damage_healed":0.0,"max_hp_gain":0.0,"max_hp_loss":0.0,"gold_gain":0.0,"event_name":"Back to Basics","player_choice":"Elegance","floor":19.0,"gold_loss":0.0,"damage_taken":0.0},{"damage_healed":0.0,"max_hp_gain":0.0,"max_hp_loss":0.0,"gold_gain":0.0,"event_name":"Forgotten Altar","player_choice":"Smashed Altar","floor":20.0,"gold_loss":0.0,"damage_taken":0.0,"cards_obtained":["Decay"]},{"cards_removed":["Strike_R"],"damage_healed":0.0,"max_hp_gain":0.0,"max_hp_loss":0.0,"gold_gain":0.0,"event_name":"Designer","player_choice":"Upgrade and Remove","floor":21.0,"gold_loss":90.0,"damage_taken":0.0,"cards_upgraded":["Exhume"]},{"damage_healed":0.0,"max_hp_gain":0.0,"max_hp_loss":0.0,"gold_gain":0.0,"event_name":"Mysterious Sphere","player_choice":"Fight","floor":36.0,"gold_loss":0.0,"damage_taken":0.0},{"damage_healed":0.0,"max_hp_gain":0.0,"max_hp_loss":0.0,"gold_gain":0.0,"event_name":"Tomb of Lord Red Mask","player_choice":"Ignored","floor":37.0,"gold_loss":0.0,"damage_taken":0.0},{"cards_removed":["Strike_R"],"damage_healed":0.0,"max_hp_gain":0.0,"max_hp_loss":0.0,"gold_gain":0.0,"event_name":"Purifier","player_choice":"Purged","floor":39.0,"gold_loss":0.0,"damage_taken":0.0},{"damage_healed":0.0,"max_hp_gain":0.0,"max_hp_loss":0.0,"gold_gain":0.0,"event_name":"SensoryStone","player_choice":"Memory 1","floor":44.0,"gold_loss":0.0,"damage_taken":0.0},{"damage_healed":0.0,"max_hp_gain":0.0,"max_hp_loss":0.0,"gold_gain":333.0,"event_name":"The Moai Head","player_choice":"Gave Idol","floor":45.0,"relics_lost":["Golden Idol"],"gold_loss":0.0,"damage_taken":0.0}],"is_beta":false,"boss_relics":[{"not_picked":["Fusion Hammer","Snecko Eye"],"picked":"Busted Crown"},{"not_picked":["Runic Dome","Empty Cage"],"picked":"Velvet Choker"}],"items_purged_floors":[12,30],"is_endless":false,"potions_floor_spawned":[1,8,16,24,28,36,38],"ascension_level":2}}