{"host":"w3q5ijqu8eoknil3","time":1611121776,"event":{"mods":["AchievementEnabler","BaseMod","Block Reminder","Colored Powertips","Curses Come First","Minty Spire (QoL Compilation)","Quick Restart","Relic Stats","StSLib","ojb\u0027s Better Paths Mod","ojb\u0027s Info Mod","slay the spire mod where everything is the same but ironclad has a cowboy hat"],"gold_per_floor":[112,112,112,112,112,112,145,145,171,212,31,49,73,91,91,182,182,195,195,195,216,45,45,89,107,133,133,174,174,174,8,8,8,8],"floor_reached":33,"language":"ENG","playtime":890,"items_purged":["Strike_G+1"],"score":644,"play_id":"17e001e2-bf47-40ba-b734-513e1e741a33","local_time":"20210120054936","is_ascension_mode":true,"campfire_choices":[{"data":"Masterful Stab","floor":6,"key":"SMITH"},{"data":"Deadly Poison","floor":8,"key":"SMITH"},{"data":"Discovery","floor":15,"key":"SMITH"},{"data":"Finisher","floor":23,"key":"SMITH"},{"data":"Tools of the Trade","floor":27,"key":"SMITH"},{"floor":29,"key":"REST"},{"data":"Catalyst","floor":32,"key":"SMITH"}],"circlet_count":0,"master_deck":["AscendersBane","Strike_G+1","Strike_G+1","Strike_G+1","Strike_G+1","Defend_G+1","Defend_G+1","Defend_G+1","Defend_G+1","Defend_G+1","Survivor","Neutralize","Masterful Stab+1","Deadly Poison+1","Blade Dance","Discovery+1","Dash","Backstab","Predator","Finisher+1","Corpse Explosion","Outmaneuver+1","Tools of the Trade+1","Setup+1","Choke","Backflip","Tactician","Catalyst+1","Dagger Spray"],"relics":["Ring of the Snake","NeowsBlessing","Bloody Idol","Akabeko","PreservedInsect","Toy Ornithopter","Bag of Marbles","Lantern","Philosopher\u0027s Stone","Art of War","TungstenRod","Orichalcum","Kunai"],"acts_visited":["Exordium","TheCity"],"potions_floor_usage":[16,16,33,33],"damage_taken":[{"damage":0,"enemies":"Jaw Worm","floor":1,"turns":1},{"damage":0,"enemies":"Lagavulin","floor":7,"turns":1},{"damage":0,"enemies":"3 Sentries","floor":10,"turns":1},{"damage":0,"enemies":"2 Louse","floor":12,"turns":2},{"damage":0,"enemies":"Small Slimes","floor":13,"turns":2},{"damage":0,"enemies":"Looter","floor":14,"turns":1},{"damage":11,"enemies":"The Guardian","floor":16,"turns":10},{"damage":0,"enemies":"2 Thieves","floor":18,"turns":1},{"damage":0,"enemies":"Chosen","floor":21,"turns":2},{"damage":9,"enemies":"Slavers","floor":24,"turns":5},{"damage":2,"enemies":"Snecko","floor":25,"turns":3},{"damage":41,"enemies":"Book of Stabbing","floor":28,"turns":5},{"damage":47,"enemies":"Collector","floor":33,"turns":8}],"seed_played":"-1195531435897597119","potions_obtained":[{"floor":1,"key":"Weak Potion"},{"floor":10,"key":"ColorlessPotion"},{"floor":21,"key":"FearPotion"},{"floor":28,"key":"Explosive Potion"}],"is_trial":false,"path_per_floor":["M","?","?","?","T","R","E","R","T","E","$","M","M","M","R","B",null,"M","?","?","M","$","R","E","M","T","R","E","R","?","$","R","B"],"character_chosen":"THE_SILENT","items_purchased":["Discovery","Dash","Art of War","Catalyst","Dagger Spray"],"campfire_rested":1,"item_purchase_floors":[11,11,22,31,31],"current_hp_per_floor":[59,64,64,53,53,53,53,53,53,53,53,53,53,53,53,52,61,61,61,61,61,61,61,52,50,50,50,9,28,28,28,28,0,0],"gold":8,"neow_bonus":"THREE_ENEMY_KILL","is_daily":false,"chose_seed":false,"campfire_upgraded":6,"win_rate":0.0,"timestamp":1611121776,"path_taken":["M","?","?","?","?","R","E","R","T","E","$","?","M","M","R","BOSS","M","?","?","M","$","R","E","?","T","R","E","R","?","$","R","BOSS"],"items_purchased_type":["Card","Card","Relic","Card","Card"],"build_version":"2020-12-22","purchased_purges":1,"victory":false,"max_hp_per_floor":[66,71,64,64,64,64,64,64,64,64,64,64,64,64,64,64,64,64,64,64,64,64,64,64,64,64,64,64,64,64,64,64,64,64],"relic_stats":{"counters":[13,42],"Bloody Idol":0,"PreservedInsect":84,"Art of War":[3],"Kunai":[3],"Orichalcum":[6],"obtain_stats":[{"Lantern":10,"NeowsBlessing":0,"Golden Idol":3,"PreservedInsect":5,"Orichalcum":26,"Akabeko":4,"Bloody Idol":30,"Philosopher\u0027s Stone":17,"Bag of Marbles":9,"Art of War":22,"Kunai":28,"Toy Ornithopter":7,"TungstenRod":24,"Ring of the Snake":0},{"Lantern":3,"NeowsBlessing":0,"Golden Idol":1,"PreservedInsect":1,"Orichalcum":11,"Akabeko":1,"Bloody Idol":12,"Philosopher\u0027s Stone":7,"Bag of Marbles":2,"Art of War":9,"Kunai":12,"Toy Ornithopter":2,"TungstenRod":10,"Ring of the Snake":0},{"Lantern":3,"NeowsBlessing":0,"Golden Idol":1,"PreservedInsect":1,"Orichalcum":29,"Akabeko":1,"Bloody Idol":34,"Philosopher\u0027s Stone":18,"Bag of Marbles":2,"Art of War":21,"Kunai":34,"Toy Ornithopter":2,"TungstenRod":26,"Ring of the Snake":0}],"Toy Ornithopter":20,"TungstenRod":11,"Ring of the Snake":[26]},"card_choices":[{"not_picked":["Endless Agony","Deadly Poison"],"picked":"Masterful Stab","floor":1},{"not_picked":["Prepared","PiercingWail"],"picked":"Deadly Poison","floor":7},{"not_picked":["Blur","Riddle With Holes"],"picked":"Blade Dance","floor":10},{"not_picked":["Dagger Throw","Deadly Poison"],"picked":"Backstab","floor":12},{"not_picked":["Deflect","Dodge and Roll"],"picked":"Predator","floor":13},{"not_picked":["Slice","Dodge and Roll"],"picked":"Finisher","floor":14},{"not_picked":["Envenom","Grand Finale"],"picked":"Corpse Explosion","floor":16},{"not_picked":["Expertise","Concentrate"],"picked":"Outmaneuver+1","floor":18},{"not_picked":["Backflip","Cloak And Dagger+1"],"picked":"Setup+1","floor":21},{"not_picked":["Flying Knee+1","Poisoned Stab"],"picked":"Choke","floor":24},{"not_picked":["Dagger Throw","Slice"],"picked":"Backflip","floor":25},{"not_picked":["PiercingWail","Poisoned Stab"],"picked":"Tactician","floor":28}],"player_experience":996972,"relics_obtained":[{"floor":5,"key":"PreservedInsect"},{"floor":7,"key":"Toy Ornithopter"},{"floor":9,"key":"Bag of Marbles"},{"floor":10,"key":"Lantern"},{"floor":24,"key":"TungstenRod"},{"floor":26,"key":"Orichalcum"},{"floor":28,"key":"Kunai"}],"event_choices":[{"damage_healed":0,"gold_gain":0,"player_choice":"Donut","damage_taken":0,"max_hp_gain":5,"max_hp_loss":0,"event_name":"Big Fish","floor":2,"gold_loss":0},{"damage_healed":0,"gold_gain":0,"player_choice":"Lose Max HP","damage_taken":0,"relics_obtained":["Golden Idol"],"max_hp_gain":0,"max_hp_loss":7,"event_name":"Golden Idol","floor":3,"gold_loss":0},{"damage_healed":0,"gold_gain":0,"player_choice":"Success","damage_taken":11,"relics_obtained":["Akabeko"],"max_hp_gain":0,"max_hp_loss":0,"event_name":"Scrap Ooze","floor":4,"gold_loss":0},{"damage_healed":0,"gold_gain":0,"player_choice":"Simplicity","damage_taken":0,"max_hp_gain":0,"max_hp_loss":0,"event_name":"Back to Basics","floor":19,"gold_loss":0,"cards_upgraded":["Strike_G","Strike_G","Strike_G","Strike_G","Strike_G","Defend_G","Defend_G","Defend_G","Defend_G","Defend_G"]},{"damage_healed":0,"gold_gain":0,"player_choice":"1 cards matched","damage_taken":0,"max_hp_gain":0,"max_hp_loss":0,"event_name":"Match and Keep!","floor":20,"gold_loss":0,"cards_obtained":["Tools of the Trade"]},{"damage_healed":0,"gold_gain":0,"player_choice":"Gave Idol","damage_taken":0,"relics_obtained":["Bloody Idol"],"max_hp_gain":0,"max_hp_loss":0,"event_name":"Forgotten Altar","floor":30,"relics_lost":["Golden Idol"],"gold_loss":0}],"is_beta":false,"boss_relics":[{"not_picked":["SacredBark","Ectoplasm"],"picked":"Philosopher\u0027s Stone"}],"items_purged_floors":[31],"is_endless":false,"potions_floor_spawned":[1,10,12,21,28],"killed_by":"Collector","ascension_level":18}}