{"host":"c52z9ixzgdjttcmx","time":1611114228,"event":{"mods":["BaseMod","Colored Powertips","Minty Spire (QoL Compilation)","Rare Cards Sparkle","Relic Stats"],"gold_per_floor":[109,109,120,120,70,105,105,134,186,201,220,239,239,283,283,378,378,399,399,423,91,106,106,140,140,164,178,178,190,200,30,30,104,154,165,165,21,35,84,112,131,131,131,143,168,168,184,199,199,199,199],"floor_reached":50,"language":"ENG","playtime":3273,"items_purged":["Strike_G"],"score":992,"play_id":"28a7fb8d-6574-4268-ac6d-75fd8435ccff","local_time":"20210119214348","is_ascension_mode":true,"campfire_choices":[{"data":"Adrenaline","floor":7,"key":"SMITH"},{"floor":15,"key":"REST"},{"floor":23,"key":"REST"},{"floor":25,"key":"REST"},{"floor":32,"key":"REST"},{"floor":42,"key":"REST"},{"floor":49,"key":"REST"}],"circlet_count":0,"master_deck":["AscendersBane","Strike_G","Strike_G","Strike_G","Defend_G","Defend_G+1","Defend_G","Defend_G","Defend_G","Survivor","Neutralize","Sucker Punch","Sucker Punch","PiercingWail","Adrenaline+1","Heel Hook","Slice","Deadly Poison+1","Dash","Caltrops","Corpse Explosion","Acrobatics","Tools of the Trade","Backflip","Backflip","Catalyst+1","Terror","Dash","Apotheosis","Unload","Prepared","Acrobatics+1","Well Laid Plans+1","Caltrops","Phantasmal Killer","Poisoned Stab+1","Deflect+1","Panache","HandOfGreed","Prepared","Escape Plan"],"relics":["Ring of the Snake","NeowsBlessing","Lantern","Boot","Pear","Orichalcum","Bloody Idol","War Paint","Fusion Hammer","Spirit Poop","Omamori","PreservedInsect","Tiny House","Toolbox","Ice Cream","Akabeko","Strawberry","Incense Burner"],"acts_visited":["Exordium","TheCity","TheBeyond"],"potions_floor_usage":[16,16,24,39],"damage_taken":[{"damage":0,"enemies":"Small Slimes","floor":1,"turns":1},{"damage":0,"enemies":"Jaw Worm","floor":3,"turns":1},{"damage":0,"enemies":"3 Sentries","floor":6,"turns":1},{"damage":31,"enemies":"Lagavulin","floor":8,"turns":8},{"damage":0,"enemies":"2 Louse","floor":10,"turns":2},{"damage":2,"enemies":"Exordium Thugs","floor":11,"turns":5},{"damage":0,"enemies":"Gremlin Gang","floor":12,"turns":5},{"damage":8,"enemies":"3 Sentries","floor":14,"turns":8},{"damage":28,"enemies":"Hexaghost","floor":16,"turns":9},{"damage":6,"enemies":"Chosen","floor":18,"turns":5},{"damage":1,"enemies":"2 Thieves","floor":20,"turns":2},{"damage":20,"enemies":"Shelled Parasite and Fungi","floor":22,"turns":6},{"damage":17,"enemies":"Book of Stabbing","floor":24,"turns":7},{"damage":0,"enemies":"3 Cultists","floor":27,"turns":3},{"damage":12,"enemies":"Chosen and Byrds","floor":29,"turns":6},{"damage":15,"enemies":"Snake Plant","floor":30,"turns":5},{"damage":47,"enemies":"Collector","floor":33,"turns":11},{"damage":12,"enemies":"3 Shapes","floor":35,"turns":5},{"damage":0,"enemies":"Orb Walker","floor":38,"turns":3},{"damage":25,"enemies":"2 Orb Walkers","floor":39,"turns":4},{"damage":37,"enemies":"Reptomancer","floor":40,"turns":4},{"damage":16,"enemies":"Sphere and 2 Shapes","floor":41,"turns":4},{"damage":6,"enemies":"4 Shapes","floor":44,"turns":2},{"damage":15,"enemies":"Mind Bloom Boss Battle","floor":45,"turns":7},{"damage":22,"enemies":"3 Darklings","floor":47,"turns":5},{"damage":18,"enemies":"Transient","floor":48,"turns":5},{"damage":42,"enemies":"Time Eater","floor":50,"turns":5}],"seed_played":"7926335929776687044","potions_obtained":[{"floor":3,"key":"SkillPotion"},{"floor":8,"key":"FearPotion"},{"floor":16,"key":"DistilledChaos"},{"floor":20,"key":"LiquidMemories"},{"floor":29,"key":"EssenceOfSteel"},{"floor":30,"key":"BlessingOfTheForge"},{"floor":33,"key":"Block Potion"},{"floor":34,"key":"LiquidMemories"},{"floor":40,"key":"FearPotion"}],"is_trial":false,"path_per_floor":["M","?","M","T","$","E","R","E","T","M","M","M","?","E","R","B",null,"M","?","M","$","M","R","E","R","T","M","?","M","M","$","R","B",null,"M","?","$","M","?","E","M","R","T","M","?","?","M","M","R","B"],"character_chosen":"THE_SILENT","items_purchased":["PiercingWail","Tools of the Trade","FairyPotion","Apotheosis","Toolbox"],"campfire_rested":6,"item_purchase_floors":[5,21,21,31,37],"current_hp_per_floor":[59,52,52,52,52,52,52,31,31,31,29,29,29,21,43,15,61,55,55,54,54,34,56,39,61,61,61,61,54,44,44,66,24,69,62,62,62,67,47,15,29,53,60,59,49,39,22,9,35,0,0],"gold":199,"neow_bonus":"THREE_ENEMY_KILL","is_daily":false,"chose_seed":false,"campfire_upgraded":1,"win_rate":0.0,"timestamp":1611114228,"path_taken":["M","?","M","?","$","E","R","E","T","M","M","M","?","E","R","BOSS","M","?","M","$","?","R","E","R","T","M","?","M","M","$","R","BOSS","M","?","$","M","?","E","M","R","T","M","?","?","?","M","R","BOSS"],"items_purchased_type":["Card","Card","Potion","Card","Relic"],"build_version":"2020-12-22","purchased_purges":1,"victory":false,"max_hp_per_floor":[66,66,66,66,66,66,66,76,76,76,76,76,76,76,76,76,76,76,76,76,76,76,76,76,76,76,76,76,76,76,76,76,76,81,81,81,81,81,81,81,81,81,88,88,88,88,88,88,88,88,88],"relic_stats":{"counters":[27,129],"Bloody Idol":65,"PreservedInsect":60,"Orichalcum":[168],"War Paint":["Deadly Poison","Defend_G"],"Boot":[93],"obtain_stats":[{"Ice Cream":39,"Lantern":4,"Pear":8,"Tiny House":34,"NeowsBlessing":0,"Golden Idol":13,"Spirit Poop":19,"PreservedInsect":26,"Omamori":24,"Incense Burner":45,"Orichalcum":9,"War Paint":14,"Boot":6,"Akabeko":40,"Bloody Idol":28,"Strawberry":43,"Toolbox":37,"Fusion Hammer":17,"Ring of the Snake":0},{"Ice Cream":20,"Lantern":2,"Pear":4,"Tiny House":17,"NeowsBlessing":0,"Golden Idol":7,"Spirit Poop":10,"PreservedInsect":13,"Omamori":13,"Incense Burner":24,"Orichalcum":4,"War Paint":8,"Boot":3,"Akabeko":21,"Bloody Idol":14,"Strawberry":22,"Toolbox":18,"Fusion Hammer":9,"Ring of the Snake":0},{"Ice Cream":97,"Lantern":2,"Pear":11,"Tiny House":85,"NeowsBlessing":0,"Golden Idol":23,"Spirit Poop":45,"PreservedInsect":60,"Omamori":60,"Incense Burner":114,"Orichalcum":11,"War Paint":31,"Boot":3,"Akabeko":101,"Bloody Idol":63,"Strawberry":105,"Toolbox":90,"Fusion Hammer":40,"Ring of the Snake":0}],"Ring of the Snake":[54]},"card_choices":[{"not_picked":["Escape Plan","Deadly Poison"],"picked":"Sucker Punch","floor":1},{"not_picked":["Quick Slash","Cloak And Dagger"],"picked":"Sucker Punch","floor":3},{"not_picked":["Flying Knee","Deflect"],"picked":"Adrenaline","floor":6},{"not_picked":["Sucker Punch","Tactician"],"picked":"Heel Hook","floor":8},{"not_picked":["Deflect","Outmaneuver"],"picked":"Slice","floor":10},{"not_picked":["Underhanded Strike","Bane"],"picked":"Deadly Poison","floor":11},{"not_picked":["All Out Attack","Accuracy"],"picked":"Dash","floor":12},{"not_picked":["Expertise","Finisher"],"picked":"Caltrops","floor":14},{"not_picked":["Malaise","Venomology"],"picked":"Corpse Explosion","floor":16},{"not_picked":["Underhanded Strike","Flying Knee","Cloak And Dagger"],"picked":"SKIP","floor":18},{"not_picked":["Reflex","Tactician"],"picked":"Acrobatics","floor":20},{"not_picked":["Quick Slash","Blade Dance"],"picked":"Backflip","floor":22},{"not_picked":["Poisoned Stab","Flechettes"],"picked":"Backflip","floor":24},{"not_picked":["Leg Sweep","Dodge and Roll"],"picked":"Catalyst","floor":27},{"not_picked":["After Image","Underhanded Strike"],"picked":"Terror","floor":29},{"not_picked":["Outmaneuver+1","Flechettes+1"],"picked":"Dash","floor":30},{"not_picked":["Grand Finale","Bullet Time"],"picked":"Unload","floor":33},{"not_picked":["Outmaneuver+1","Expertise"],"picked":"Prepared","floor":35},{"not_picked":["Sucker Punch","Storm of Steel"],"picked":"Acrobatics+1","floor":38},{"not_picked":["Concentrate","Backflip"],"picked":"Well Laid Plans+1","floor":39},{"not_picked":["Acrobatics","Outmaneuver"],"picked":"Caltrops","floor":40},{"not_picked":["Reflex+1","Well Laid Plans"],"picked":"Phantasmal Killer","floor":41},{"not_picked":["Dagger Spray","Tactician+1"],"picked":"Poisoned Stab+1","floor":44},{"not_picked":["Tactician","Reflex"],"picked":"Deflect+1","floor":45},{"not_picked":["Blind","Mind Blast"],"picked":"Panache","floor":46},{"not_picked":["Jack Of All Trades","Dark Shackles"],"picked":"HandOfGreed","floor":46},{"not_picked":["Deadly Poison","Bane"],"picked":"Prepared","floor":47},{"not_picked":["Setup","PiercingWail"],"picked":"Escape Plan","floor":48}],"player_experience":3288910,"relics_obtained":[{"floor":4,"key":"Lantern"},{"floor":6,"key":"Boot"},{"floor":8,"key":"Pear"},{"floor":9,"key":"Orichalcum"},{"floor":14,"key":"War Paint"},{"floor":24,"key":"Omamori"},{"floor":26,"key":"PreservedInsect"},{"floor":39,"key":"Ice Cream"},{"floor":40,"key":"Akabeko"},{"floor":43,"key":"Strawberry"},{"floor":45,"key":"Incense Burner"}],"event_choices":[{"cards_removed":["Strike_G"],"damage_healed":0,"gold_gain":0,"player_choice":"Card Removal","damage_taken":7,"max_hp_gain":0,"max_hp_loss":0,"event_name":"Golden Wing","floor":2,"gold_loss":0},{"damage_healed":0,"gold_gain":0,"player_choice":"Take Wound","damage_taken":0,"relics_obtained":["Golden Idol"],"max_hp_gain":0,"max_hp_loss":0,"event_name":"Golden Idol","floor":13,"gold_loss":0,"cards_obtained":["Injury"]},{"cards_removed":["Injury"],"damage_healed":0,"gold_gain":0,"player_choice":"Offered Curse","damage_taken":0,"relics_obtained":["Spirit Poop"],"max_hp_gain":0,"max_hp_loss":0,"event_name":"Bonfire Elementals","floor":19,"gold_loss":0},{"damage_healed":0,"gold_gain":0,"player_choice":"Gave Idol","damage_taken":0,"relics_obtained":["Bloody Idol"],"max_hp_gain":0,"max_hp_loss":0,"event_name":"Forgotten Altar","floor":28,"relics_lost":["Golden Idol"],"gold_loss":0},{"damage_healed":0,"gold_gain":0,"player_choice":"Ignored","damage_taken":0,"max_hp_gain":0,"max_hp_loss":0,"event_name":"Tomb of Lord Red Mask","floor":36,"gold_loss":0},{"damage_healed":0,"gold_gain":0,"player_choice":"Fight","damage_taken":0,"max_hp_gain":0,"max_hp_loss":0,"event_name":"Mysterious Sphere","floor":39,"gold_loss":0},{"damage_healed":0,"gold_gain":0,"player_choice":"Fight","damage_taken":0,"max_hp_gain":0,"max_hp_loss":0,"event_name":"MindBloom","floor":45,"gold_loss":0},{"damage_healed":0,"gold_gain":0,"player_choice":"Memory 3","damage_taken":10,"max_hp_gain":0,"max_hp_loss":0,"event_name":"SensoryStone","floor":46,"gold_loss":0}],"is_beta":false,"boss_relics":[{"not_picked":["Empty Cage","Snecko Eye"],"picked":"Fusion Hammer"},{"not_picked":["Sozu","Busted Crown"],"picked":"Tiny House"}],"items_purged_floors":[21],"is_endless":false,"potions_floor_spawned":[3,8,10,16,20,29,30,33,35,38,40],"killed_by":"Time Eater","ascension_level":15}}