{"host":"18wi9kpcl4eah7pe","time":1611149228,"event":{"mods":["BaseMod","Colored Powertips","Downfall","Minty Spire (QoL Compilation)","StSLib"],"gold_per_floor":[99,99,99,99,99,99,123,149,163,183,202,233,33,133,148,249,249,249,259,273,102,113,113,113,13,44,44,62,162,162,262,276,276,276,276],"floor_reached":33,"language":"ENG","playtime":1644,"items_purged":[],"score":325,"play_id":"3928d5c1-1691-45ae-b1ed-1d8f335845a6","local_time":"20210120072708","is_ascension_mode":true,"campfire_choices":[{"floor":1,"key":"RECALL"},{"floor":13,"key":"REST"},{"data":"bronze:Shell","floor":18,"key":"SMITH"},{"data":"bronze:ForceShield","floor":23,"key":"SMITH"},{"data":"bronze:BuggyMess","floor":25,"key":"SMITH"},{"data":"bronze:Boost","floor":27,"key":"SMITH"}],"circlet_count":0,"master_deck":["bronze:Strike","bronze:Strike","bronze:Strike","bronze:Strike","bronze:Defend","bronze:Defend","bronze:Defend","bronze:Defend","bronze:Replicate","bronze:Goto","bronze:OilSpill","bronze:Repulsor","bronze:Replicate","bronze:Boost+1","bronze:OilSpill","bronze:Shell+1","bronze:BuggyMess+1","bronze:Allocate","bronze:ForceShield+1","bronze:Repair","bronze:ClassDefault","bronze:Assembly","bronze:FollowUp","bronze:BronzeOrb","bronze:Branch","bronze:BugBarrage","bronze:BurnOut","bronze:MaxOutput","RitualDagger","bronze:DigitalCarnage"],"relics":["bronze:BronzeCore","downfall:HeartsMalice","bronze:SilverBullet","Centennial Puzzle","Mercury Hourglass","downfall:HeartBlessingRed","downfall:HeartBlessingGreen","Potion Belt","bronze:MakeshiftBattery","Sling","downfall:HeartBlessingBlue","Smiling Mask"],"acts_visited":["Exordium","TheCity"],"potions_floor_usage":[12,12,12,16,16,26,33,33,33,33],"damage_taken":[{"damage":0,"enemies":"Small Slimes","floor":2,"turns":1},{"damage":0,"enemies":"Cultist","floor":4,"turns":1},{"damage":0,"enemies":"Jaw Worm","floor":6,"turns":1},{"damage":20,"enemies":"Gremlin Nob","floor":8,"turns":4},{"damage":1,"enemies":"Gremlin Gang","floor":9,"turns":3},{"damage":1,"enemies":"Exordium Thugs","floor":10,"turns":3},{"damage":0,"enemies":"2 Fungi Beasts","floor":11,"turns":2},{"damage":10,"enemies":"3 Sentries","floor":12,"turns":3},{"damage":13,"enemies":"downfall:LadyInBlue","floor":14,"turns":9},{"damage":0,"enemies":"3 Louse","floor":15,"turns":2},{"damage":48,"enemies":"SI_SHIV_ARCHETYPE","floor":16,"turns":8},{"damage":12,"enemies":"Spheric Guardian","floor":19,"turns":4},{"damage":2,"enemies":"Shell Parasite","floor":20,"turns":3},{"damage":1,"enemies":"downfall:FleeingMerchant","floor":21,"turns":4},{"damage":4,"enemies":"Snake Plant","floor":22,"turns":3},{"damage":18,"enemies":"Slavers","floor":26,"turns":4},{"damage":35,"enemies":"Shelled Parasite and Fungi","floor":28,"turns":5},{"damage":0,"enemies":"Chosen and Byrds","floor":32,"turns":4},{"damage":51,"enemies":"DF_ARCHETYPE_CLAW","floor":33,"turns":7}],"seed_played":"8776341526453249019","potions_obtained":[{"floor":8,"key":"PowerPotion"},{"floor":9,"key":"PowerPotion"},{"floor":10,"key":"Slimebound:ThreeZeroPotion"},{"floor":12,"key":"Energy Potion"},{"floor":14,"key":"bronze:FreeFunctionsPotion"},{"floor":14,"key":"LiquidBronze"},{"floor":14,"key":"bronze:BurnAndBuffPotion"},{"floor":19,"key":"Energy Potion"},{"floor":20,"key":"Strength Potion"},{"floor":32,"key":"bronze:CleanCodePotion"}],"is_trial":false,"path_per_floor":["R","M","?","M","?","M","T","E","M","M","M","E","R","?","M","B",null,"R","M","M","$","M","R","T","R","E","R","M","?","?","?","M","B"],"character_chosen":"THE_AUTOMATON","items_purchased":["Sling"],"campfire_rested":1,"item_purchase_floors":[21],"current_hp_per_floor":[70,70,75,75,75,75,75,55,54,53,53,43,65,52,52,11,75,75,63,68,74,71,71,71,81,70,70,42,42,36,36,43,0,0,0],"gold":276,"neow_bonus":"THREE_ENEMY_KILL","is_daily":false,"chose_seed":false,"campfire_upgraded":4,"win_rate":0.0,"timestamp":1611149228,"path_taken":["R","M","?","M","?","M","T","E","?","M","M","E","R","?","M","BOSS","R","M","M","$","?","R","T","R","E","R","M","?","?","?","M","BOSS"],"items_purchased_type":["Relic"],"build_version":"2020-12-22","purchased_purges":0,"victory":false,"max_hp_per_floor":[70,70,75,75,75,75,75,75,75,75,75,75,75,75,75,75,75,75,75,75,75,75,75,75,85,85,85,85,85,85,85,85,85,85,85],"card_choices":[{"not_picked":["bronze:Return","bronze:WildBeam"],"picked":"bronze:OilSpill","floor":2},{"not_picked":["bronze:BitShift","bronze:FineTuning"],"picked":"bronze:Repulsor","floor":4},{"not_picked":["bronze:InfiniteBeams","bronze:BuggyMess"],"picked":"bronze:Boost","floor":6},{"not_picked":["bronze:Overheat","bronze:BronzeArmor"],"picked":"bronze:OilSpill","floor":8},{"not_picked":["bronze:HyperBeam","bronze:Frontload"],"picked":"bronze:Shell","floor":9},{"not_picked":["bronze:Constructor","bronze:Turbo"],"picked":"bronze:BuggyMess","floor":10},{"not_picked":["bronze:Deprecate","bronze:Shield"],"picked":"bronze:Allocate","floor":11},{"not_picked":["bronze:Safeguard","bronze:Allocate"],"picked":"bronze:ForceShield","floor":12},{"not_picked":["bronze:ForLoop","bronze:BitShift"],"picked":"bronze:Repair","floor":14},{"not_picked":["bronze:Backtrace","bronze:Frontload"],"picked":"bronze:ClassDefault","floor":15},{"not_picked":["bronze:AlphaBuild","bronze:HyperBeam"],"picked":"bronze:Assembly","floor":16},{"not_picked":["bronze:WhirlingStrike+1","bronze:Turbo+1"],"picked":"bronze:FollowUp","floor":19},{"not_picked":["bronze:Backtrace","bronze:Repair"],"picked":"bronze:BronzeOrb","floor":20},{"not_picked":["bronze:BuggyMess+1","bronze:Virus"],"picked":"bronze:Branch","floor":21},{"not_picked":["bronze:CutThrough+1","bronze:BuggyMess"],"picked":"bronze:BugBarrage","floor":22},{"not_picked":["bronze:Turbo","bronze:Assembly"],"picked":"bronze:BurnOut","floor":26},{"not_picked":["bronze:BitShift","bronze:Deprecate"],"picked":"bronze:MaxOutput","floor":28},{"not_picked":["bronze:BuggyMess","bronze:Overheat"],"picked":"bronze:DigitalCarnage","floor":32}],"player_experience":930244,"relics_obtained":[{"floor":7,"key":"bronze:SilverBullet"},{"floor":8,"key":"Centennial Puzzle"},{"floor":12,"key":"Mercury Hourglass"},{"floor":14,"key":"Potion Belt"},{"floor":26,"key":"Smiling Mask"}],"event_choices":[{"damage_healed":0,"gold_gain":0,"player_choice":"Donut","damage_taken":0,"max_hp_gain":5,"max_hp_loss":0,"event_name":"Big Fish","floor":3,"gold_loss":0}],"is_beta":false,"boss_relics":[{"not_picked":["Fusion Hammer","Astrolabe"],"picked":"bronze:MakeshiftBattery"}],"items_purged_floors":[],"is_endless":false,"potions_floor_spawned":[8,9,10,11,12,19,20,32],"killed_by":"DF_ARCHETYPE_CLAW","ascension_level":2}}