{"host":"fmb9x04chdot191d","time":1611135553,"event":{"mods":["2.2 Compatiblity","AchievementEnabler","BaseMod","Downfall","Marisa（霧雨　魔理沙）","Minty Spire (QoL Compilation)","Quick Restart","Rare Cards Sparkle","StSLib","[IsaacMod]以撒尖塔"],"gold_per_floor":[99,118,174,190,206,281,327,337,337,356,376,393,133,162,179,279,279,79,99,99,99,99],"floor_reached":20,"language":"ENG","playtime":1842,"items_purged":["Slimebound:Defend_Slimebound"],"score":303,"play_id":"c87dea2b-6653-4885-8312-21fde41b7546","local_time":"20210120223913","is_ascension_mode":false,"campfire_choices":[{"floor":1,"key":"RECALL"},{"data":"expansioncontent:QuickStudy","floor":18,"key":"SMITH"}],"circlet_count":0,"master_deck":["Slimebound:Strike_Slimebound","Slimebound:Strike_Slimebound","Slimebound:Strike_Slimebound","Slimebound:Tackle","Slimebound:Defend_Slimebound","Slimebound:Defend_Slimebound","Slimebound:Defend_Slimebound","Slimebound:Split","Slimebound:CorrosiveSpit","Slimebound:SplitBruiser","Slimebound:SlimeBrawl","Slimebound:LeechLife","Slimebound:RainOfGoop","Slimebound:RainOfGoop","Slimebound:Schlurp","Slimebound:SlimeTap","Slimebound:LeadByExample","expansioncontent:QuickStudy+1","Slimebound:SplitLeeching","Slimebound:SplitBruiser","Slimebound:Teamwork","Slimebound:RejuvenatingLick","downfall:Malfunctioning","downfall:Malfunctioning","downfall:Aged","Shame","downfall:Icky","Slimebound:DuplicatedForm"],"relics":["Slimebound:AbsorbEndCombat","HushsDoor","Chaos","RottenBaby","GuppysTail","Sling","downfall:HeartBlessingRed","downfall:HeartBlessingBlue","Cursed Key"],"acts_visited":["Exordium","TheCity"],"potions_floor_usage":[12],"damage_taken":[{"damage":9,"enemies":"Cultist","floor":2,"turns":5},{"damage":8,"enemies":"Gremlin Nob","floor":3,"turns":3},{"damage":0,"enemies":"Small Slimes","floor":4,"turns":3},{"damage":0,"enemies":"Jaw Worm","floor":5,"turns":1},{"damage":13,"enemies":"3 Louse","floor":8,"turns":2},{"damage":16,"enemies":"Lots of Slimes","floor":10,"turns":3},{"damage":6,"enemies":"Exordium Wildlife","floor":11,"turns":3},{"damage":0,"enemies":"Large Slime","floor":12,"turns":3},{"damage":7,"enemies":"downfall:FleeingMerchant","floor":13,"turns":4},{"damage":24,"enemies":"3 Sentries","floor":14,"turns":4},{"damage":16,"enemies":"3 Louse","floor":15,"turns":2},{"damage":13,"enemies":"DF_ARCHETYPE_STREAMLINE","floor":16,"turns":5},{"damage":13,"enemies":"Shell Parasite","floor":19,"turns":3}],"seed_played":"436978893161988937","potions_obtained":[{"floor":3,"key":"SpeedPotion"},{"floor":4,"key":"PowerPotion"},{"floor":10,"key":"Slimebound:SlimedPotion"},{"floor":11,"key":"PowerPotion"},{"floor":12,"key":"EssenceOfSteel"}],"is_trial":false,"path_per_floor":["R","M","?","M","M","?","T","M","?","M","M","M","$","E","M","B",null,"R","M","?"],"character_chosen":"SLIMEBOUND","items_purchased":["expansioncontent:QuickStudy"],"campfire_rested":0,"item_purchase_floors":[13],"current_hp_per_floor":[71,64,58,60,60,60,60,47,47,39,39,58,71,52,40,35,71,81,72,72,72,72],"gold":99,"neow_bonus":"TEN_PERCENT_HP_BONUS","is_daily":false,"chose_seed":false,"campfire_upgraded":1,"win_rate":0.0,"timestamp":1611135553,"path_taken":["R","M","?","M","?","?","T","?","?","M","M","M","?","E","M","BOSS","R","M","?"],"items_purchased_type":["Card"],"build_version":"2020-12-22","purchased_purges":1,"victory":false,"max_hp_per_floor":[71,71,71,71,71,71,71,71,71,71,71,71,71,71,71,71,71,81,81,81,81,81],"card_choices":[{"not_picked":[],"picked":"ChaosCard","floor":0},{"not_picked":["Slimebound:FlameTackle","Slimebound:GoopTackle"],"picked":"Slimebound:SplitBruiser","floor":2},{"not_picked":["Slimebound:LeechingTouch","Slimebound:SplitAcid"],"picked":"Slimebound:SlimeBrawl","floor":3},{"not_picked":["Slimebound:LeechEnergy","Slimebound:ItLooksTasty"],"picked":"Bomb","floor":4},{"not_picked":["Slimebound:GrowthPunch","Slimebound:Prepare"],"picked":"Slimebound:LeechLife","floor":5},{"not_picked":["Slimebound:Nibble","Slimebound:ItLooksTasty"],"picked":"Slimebound:RainOfGoop","floor":8},{"not_picked":["Slimebound:Gluttony","Slimebound:DisruptingSlam"],"picked":"Slimebound:RainOfGoop","floor":10},{"not_picked":["Slimebound:Chomp","Slimebound:Prepare"],"picked":"Slimebound:Schlurp","floor":11},{"not_picked":["Slimebound:SplitLeeching","Slimebound:SamplingLick"],"picked":"Slimebound:SlimeTap","floor":12},{"not_picked":["Slimebound:ItLooksTasty","Slimebound:GoopSpray"],"picked":"Slimebound:LeadByExample","floor":13},{"not_picked":["Slimebound:Chomp","Slimebound:LeadByExample"],"picked":"Slimebound:SplitLeeching","floor":14},{"not_picked":["Slimebound:SplitLeeching","Slimebound:LevelUp"],"picked":"Slimebound:SplitBruiser","floor":15},{"not_picked":["Slimebound:DuplicatedForm","Slimebound:LeechLife"],"picked":"Slimebound:Teamwork","floor":16},{"not_picked":["Slimebound:ForwardTackle","Slimebound:Equalize"],"picked":"Slimebound:RejuvenatingLick","floor":19}],"player_experience":7416,"relics_obtained":[{"floor":14,"key":"GuppysTail"}],"event_choices":[],"is_beta":false,"boss_relics":[{"not_picked":["StoneCalendar","SacredBark"],"picked":"Sling"},{"not_picked":[]}],"items_purged_floors":[13],"is_endless":false,"potions_floor_spawned":[3,4,10,11,12,14,16],"ascension_level":0}}