{"host":"ml80p9p157c7xd90","time":1611134879,"event":{"mods":["Ascension Unlocker","Aspiration","BaseMod","Bestiary","Better Altar","Better Match","Better Note","Better Sensory Stone","Better Skull","Better Third Choice","Colored Map","Conspire","Dark Map","Downfall","Friendly Minions","Halation","Hubris","Minty Spire (QoL Compilation)","Relic Stats","StSLib","Wandering Minibosses"],"gold_per_floor":[99,99,125,125,125,145,172,183,183,183,183],"floor_reached":9,"language":"ENG","playtime":326,"items_purged":[],"score":98,"play_id":"c10784f8-871a-4a53-9d13-96014b5ff300","local_time":"20210120022759","is_ascension_mode":true,"campfire_choices":[{"data":"bronze:Replicate","floor":1,"key":"SMITH"}],"circlet_count":0,"master_deck":["AscendersBane","bronze:Strike","bronze:Strike","bronze:Strike","bronze:Strike","bronze:Defend","bronze:Defend","bronze:Defend","bronze:Defend","bronze:Replicate+1","bronze:Goto","bronze:WhirlingStrike","bronze:ChosenStrike","bronze:ClassDefault","bronze:BronzeOrb"],"relics":["bronze:BronzeCore","downfall:HeartsMalice","Oddly Smooth Stone"],"acts_visited":["Exordium"],"potions_floor_usage":[9],"damage_taken":[{"damage":0,"enemies":"Cultist","floor":2,"turns":1},{"damage":0,"enemies":"Small Slimes","floor":4,"turns":1},{"damage":0,"enemies":"2 Louse","floor":5,"turns":1},{"damage":9,"enemies":"Red Slaver","floor":6,"turns":3},{"damage":14,"enemies":"Lots of Slimes","floor":8,"turns":5},{"damage":30,"enemies":"Lagavulin","floor":9,"turns":9}],"seed_played":"4638941660190402039","potions_obtained":[{"floor":6,"key":"Weak Potion"},{"floor":8,"key":"Swift Potion"}],"is_trial":false,"path_per_floor":["R","M","T","M","M","M","T","M","E"],"character_chosen":"THE_AUTOMATON","items_purchased":[],"campfire_rested":0,"item_purchase_floors":[],"current_hp_per_floor":[57,57,57,57,57,48,48,34,4,4,4],"gold":183,"neow_bonus":"THREE_ENEMY_KILL","is_daily":false,"chose_seed":false,"campfire_upgraded":1,"win_rate":0.0,"timestamp":1611134879,"path_taken":["R","M","?","M","M","M","T","M","E"],"items_purchased_type":[],"build_version":"2020-12-22","purchased_purges":0,"victory":false,"max_hp_per_floor":[63,63,63,63,63,63,63,63,63,63,63],"relic_stats":{"counters":[6,17],"obtain_stats":[{"bronze:BronzeCore":0,"Oddly Smooth Stone":7,"downfall:HeartsMalice":0},{"bronze:BronzeCore":0,"Oddly Smooth Stone":4,"downfall:HeartsMalice":0},{"bronze:BronzeCore":0,"Oddly Smooth Stone":3,"downfall:HeartsMalice":0}]},"card_choices":[{"not_picked":["bronze:Shield","bronze:DarkDash"],"picked":"bronze:WhirlingStrike","floor":2},{"not_picked":["bronze:Shield","bronze:ChildClass"],"picked":"bronze:ChosenStrike","floor":4},{"not_picked":["bronze:BuggyMess","bronze:DigitalCarnage","bronze:BitShift"],"picked":"SKIP","floor":5},{"not_picked":["bronze:Iterate","bronze:CutThrough"],"picked":"bronze:ClassDefault","floor":6},{"not_picked":["bronze:FindAndReplace","bronze:WhirlingStrike"],"picked":"bronze:BronzeOrb","floor":8}],"player_experience":442455,"relics_obtained":[{"floor":7,"key":"Oddly Smooth Stone"}],"event_choices":[],"is_beta":false,"boss_relics":[],"items_purged_floors":[],"is_endless":false,"potions_floor_spawned":[6,8],"killed_by":"Lagavulin","ascension_level":20}}