{"host":"df48i9djcn92c5sx","time":1611149805,"event":{"mods":["BaseMod","Downfall","Marisa£®ÏF”Í°°ƒß¿Ì…≥£©","Minty Spire (QoL Compilation)","READ ME - Guardian Mod","READ ME - Snecko Mod","Reimu£®≤©¿ˆ¡È√Œ£©","Remilia£®¿Ÿ√◊¿Ú—«£©","Shop Mod","StSLib","The Jungle","The Servant 0.9.4"],"gold_per_floor":[99,117,217,232,332,332,410,430,457,477,489,73,73,83,101,101,101,101],"floor_reached":16,"language":"ZHS","playtime":710,"items_purged":[],"score":109,"play_id":"a5eede17-8d7c-46bf-802e-b484b9111896","local_time":"20210120213645","is_ascension_mode":true,"campfire_choices":[{"data":"bronze:Virus","floor":1.0,"key":"SMITH"},{"data":"bronze:BronzeOrb","floor":6.0,"key":"SMITH"},{"data":"bronze:DigitalCarnage","floor":13.0,"key":"SMITH"}],"circlet_count":0,"master_deck":["bronze:Strike","bronze:Strike","bronze:Defend","bronze:Defend","bronze:Defend","bronze:Defend","bronze:Replicate","bronze:Goto","bronze:Virus+1","bronze:BronzeOrb+1","bronze:Constructor+1","bronze:Shell","bronze:Backtrace","bronze:DigitalCarnage+1","bronze:HyperBeam","bronze:Separator","bronze:WhirlingStrike","bronze:AlphaBuild+1","bronze:InfiniteLoop+1","bronze:Overload"],"relics":["bronze:BronzeCore","Eternal Feather","Pear","Molten Egg 2"],"acts_visited":["Exordium"],"potions_floor_usage":[16],"damage_taken":[{"damage":0.0,"enemies":"Small Slimes","floor":2.0,"turns":2.0},{"damage":0.0,"enemies":"Jaw Worm","floor":4.0,"turns":2.0},{"damage":8.0,"enemies":"downfall:Heads","floor":5.0,"turns":5.0},{"damage":0.0,"enemies":"2 Louse","floor":8.0,"turns":1.0},{"damage":11.0,"enemies":"Lagavulin","floor":9.0,"turns":3.0},{"damage":1.0,"enemies":"Exordium Thugs","floor":10.0,"turns":3.0},{"damage":0.0,"enemies":"Large Slime","floor":11.0,"turns":4.0},{"damage":0.0,"enemies":"downfall:FleeingMerchant","floor":12.0,"turns":4.0},{"damage":0.0,"enemies":"Exordium Wildlife","floor":14.0,"turns":2.0},{"damage":1.0,"enemies":"Exordium Thugs","floor":15.0,"turns":2.0},{"damage":71,"enemies":"SI_SHIV_ARCHETYPE","floor":16,"turns":11}],"seed_played":"3154383144560584453","potions_obtained":[{"floor":4.0,"key":"CultistPotion"},{"floor":8.0,"key":"champ:CounterPotion"},{"floor":10.0,"key":"Fire Potion"},{"floor":15.0,"key":"Weak Potion"}],"is_trial":false,"path_per_floor":["R","M","?","M","?","R","T","M","E","M","M","$","R","M","M","B"],"character_chosen":"THE_AUTOMATON","items_purchased":["Molten Egg 2","bronze:AlphaBuild+1"],"campfire_rested":0,"item_purchase_floors":[12,12],"current_hp_per_floor":[70,70,70,70,62,62,62,62,61,60,60,60,69,69,68,0,0,0],"gold":101,"neow_bonus":"ONE_RANDOM_RARE_CARD","is_daily":false,"chose_seed":false,"campfire_upgraded":3,"win_rate":0.0,"timestamp":1611149805,"path_taken":["R","M","?","M","?","R","T","M","E","M","M","$","R","M","M","BOSS"],"items_purchased_type":["Relic","Card"],"build_version":"2020-12-22","purchased_purges":0,"victory":false,"max_hp_per_floor":[70,70,70,70,70,70,70,70,80,80,80,80,80,80,80,80,80,80],"card_choices":[{"not_picked":["bronze:BugBarrage","bronze:Constructor"],"picked":"bronze:BronzeOrb","floor":2.0},{"not_picked":["bronze:Allocate","bronze:BronzeArmor"],"picked":"bronze:Constructor","floor":4.0},{"not_picked":["bronze:BugBarrage","bronze:ClassDefault"],"picked":"bronze:Shell","floor":5.0},{"not_picked":["bronze:MaxOutput","bronze:BugBarrage"],"picked":"bronze:DigitalCarnage","floor":8.0},{"not_picked":["bronze:Backtrace","bronze:Return"],"picked":"bronze:HyperBeam","floor":9.0},{"not_picked":["bronze:Frontload","bronze:DigitalCarnage"],"picked":"bronze:Separator","floor":10.0},{"not_picked":["bronze:Overheat","bronze:Deprecate"],"picked":"bronze:WhirlingStrike","floor":11.0},{"not_picked":["bronze:Repulsor","bronze:Deprecate","bronze:NullPointer"],"picked":"SKIP","floor":12.0},{"not_picked":["bronze:Iterate+1","bronze:BuggyMess"],"picked":"bronze:InfiniteLoop+1","floor":14.0},{"not_picked":["bronze:Constructor","bronze:FineTuning"],"picked":"bronze:Overload","floor":15.0}],"player_experience":1444335,"relics_obtained":[{"floor":7.0,"key":"Eternal Feather"},{"floor":9.0,"key":"Pear"}],"event_choices":[],"is_beta":false,"boss_relics":[],"items_purged_floors":[],"is_endless":false,"potions_floor_spawned":[4,8,10,15],"killed_by":"SI_SHIV_ARCHETYPE","ascension_level":1}}