{"host":"0fm1w3v00gid44jl","time":1611173735,"event":{"mods":["AchievementEnabler","BaseMod","Colored Map","Colored Powertips","Displayed Cursed Tome","Downfall","Googly Eyes","Highlight Path","Minty Spire (QoL Compilation)","Permanent Neow","Relic Stats","StSLib","SuperFastMode","slay the spire mod where everything is the same but ironclad has a cowboy hat"],"gold_per_floor":[99,99,99,32,207,207,207,207,221,239,239,239,239],"floor_reached":11,"language":"ENG","playtime":402,"items_purged":[],"score":59,"play_id":"ed4f98c2-2832-4d92-94fa-0c52c535845c","local_time":"20210120141535","is_ascension_mode":false,"campfire_choices":[{"data":"bronze:Replicate","floor":1,"key":"SMITH"},{"data":"bronze:Optimize","floor":8,"key":"SMITH"}],"circlet_count":0,"master_deck":["bronze:Strike","bronze:Strike","bronze:Strike","bronze:Strike","bronze:Defend","bronze:Defend","bronze:Defend","bronze:Defend","bronze:Replicate+1","bronze:Goto","bronze:Iterate","bronze:Fortify","bronze:WhirlingStrike","bronze:Optimize+1","Doubt","bronze:Boost","bronze:Repair"],"relics":["bronze:BronzeCore","downfall:HeartsMalice","Matryoshka"],"acts_visited":["Exordium"],"potions_floor_usage":[],"damage_taken":[{"damage":0,"enemies":"2 Louse","floor":2,"turns":1},{"damage":0,"enemies":"Small Slimes","floor":3,"turns":1},{"damage":0,"enemies":"downfall:FleeingMerchant","floor":4,"turns":1},{"damage":11,"enemies":"Jaw Worm","floor":9,"turns":3},{"damage":17,"enemies":"Exordium Wildlife","floor":10,"turns":4},{"damage":60,"enemies":"Gremlin Nob","floor":11,"turns":6}],"seed_played":"-6501767990126372377","potions_obtained":[{"floor":9,"key":"hexamod:SoulburnPotion"}],"is_trial":false,"path_per_floor":["R","M","M","$","?","?","T","R","M","M","E"],"character_chosen":"THE_AUTOMATON","items_purchased":["bronze:Optimize"],"campfire_rested":0,"item_purchase_floors":[4],"current_hp_per_floor":[70,70,70,70,70,70,70,70,59,42,0,0,0],"gold":239,"neow_bonus":"THREE_ENEMY_KILL","is_daily":false,"chose_seed":false,"campfire_upgraded":2,"win_rate":0.0,"timestamp":1611173735,"path_taken":["R","M","M","$","?","?","T","R","M","M","E"],"items_purchased_type":["Card"],"build_version":"2020-12-22","purchased_purges":0,"victory":false,"max_hp_per_floor":[70,70,70,70,70,70,70,70,70,70,70,70,70],"relic_stats":{"counters":[6,13],"obtain_stats":[{"bronze:BronzeCore":0,"Matryoshka":7,"downfall:HeartsMalice":0},{"bronze:BronzeCore":0,"Matryoshka":3,"downfall:HeartsMalice":0},{"bronze:BronzeCore":0,"Matryoshka":0,"downfall:HeartsMalice":0}]},"card_choices":[{"not_picked":["bronze:BuggyMess","bronze:Repair"],"picked":"bronze:Iterate","floor":2},{"not_picked":["bronze:Overheat","bronze:Backtrace"],"picked":"bronze:Fortify","floor":3},{"not_picked":["bronze:Iterate","bronze:BitShift"],"picked":"bronze:WhirlingStrike","floor":4},{"not_picked":["bronze:GetLatest","bronze:CutThrough"],"picked":"bronze:Boost","floor":9},{"not_picked":["bronze:Shield","bronze:FindAndReplace"],"picked":"bronze:Repair","floor":10}],"player_experience":1468690,"relics_obtained":[{"floor":7,"key":"Matryoshka"}],"event_choices":[],"is_beta":false,"boss_relics":[],"items_purged_floors":[],"is_endless":false,"potions_floor_spawned":[9],"killed_by":"Gremlin Nob","ascension_level":0}}