{"host":"nxma0dbhh74lxenq","time":1611157911,"event":{"mods":["Astrologer","BaseMod","Beaked The Cultist","CapriCore","Colored Map","DeckTracker","Gremlin Mod","HololiveMod","KinomotoSakuraMod(ñÿîVñ{?)","Koishi","Mad Scientist","Minty Spire (QoL Compilation)","Prisma Mod","StSLib","SuperFastMode","The Bladedancer","The Cursed","The Immortal","The Mystic","YoumuÅiç∞ÈÆódöÎÅj"],"gold_per_floor":[111,111,122,122,137,137,170,170,170,187,214,237,271,283,283,381,381,397,411,44,58,58,87,87,114,114,129,143,143,158,158,158,259,259,275,325,20,20,32,32,64,64,64,64,81,81,81,95,95,95],"floor_reached":51,"language":"JPN","playtime":2301,"items_purged":[],"score":1145,"play_id":"e698b34e-d37c-467e-8429-bbe5aa41269d","local_time":"20210121005151","is_ascension_mode":true,"campfire_choices":[{"data":"Koishi:Provoke","floor":6,"key":"SMITH"},{"floor":8,"key":"REST"},{"floor":15,"key":"REST"},{"data":"Koishi:HeartStoppingHorror","floor":24,"key":"SMITH"},{"data":"Koishi:ImGoingToCallYouNow","floor":29,"key":"SMITH"},{"data":"Koishi:RoseHell","floor":32,"key":"SMITH"},{"data":"Koishi:JumpScare","floor":40,"key":"SMITH"},{"data":"Mayhem","floor":44,"key":"SMITH"},{"data":"Koishi:TraumaticStroke","floor":47,"key":"SMITH"},{"data":"Koishi:StrangeCloudFist","floor":49,"key":"SMITH"}],"circlet_count":0,"master_deck":["AscendersBane","Koishi:BasicDefend","Koishi:BasicDefend","Koishi:BasicDefend","Koishi:BasicDefend","Koishi:Provoke+1","Koishi:HauntingSlash","Koishi:SubconsciousSweep","Koishi:StingingMind","Koishi:HeartfeltFancy","Koishi:ParalyzingFear","Koishi:StrangeCloudFist+1","Koishi:ImGoingToCallYouNow+1","Koishi:RoseHell+1","Koishi:GeneticsOfTheUnconscious","Koishi:HeartStoppingHorror+1","Koishi:DNAsFlaw+1","Koishi:LastRemote+1","Koishi:Ego+1","Koishi:TraumaticStroke+1","Koishi:JumpScare+1","Koishi:DanmakuParanoia","Koishi:SpiritedAway+1","RitualDagger","Koishi:RuptureMind","Koishi:GeneticsOfTheUnconscious+1","Koishi:RoseHell+1","Koishi:RorschachInDanmaku+1","Koishi:PhantomBarrier","Koishi:Catatonia+1","Koishi:TremblingHands","Mayhem+1","Swift Strike","Enlightenment","Koishi:BramblyRoseGarden+1"],"relics":["Koishi:ImaginaryFriend","NeowsBlessing","Blue Candle","Pear","Thread and Needle","Odd Mushroom","Torii","Astrolabe","Calipers","Smiling Mask","Centennial Puzzle","Pocketwatch","SacredBark","Ice Cream","Koishi:EchoesOfADeadGirl","Koishi:LettersToReimu","HornCleat","Ornamental Fan"],"acts_visited":["Exordium","TheCity","TheBeyond"],"potions_floor_usage":[12,13,16,23,33,50],"damage_taken":[{"damage":0,"enemies":"Jaw Worm","floor":1,"turns":2},{"damage":0,"enemies":"2 Louse","floor":3,"turns":1},{"damage":0,"enemies":"Cultist","floor":5,"turns":1},{"damage":32,"enemies":"3 Sentries","floor":7,"turns":9},{"damage":11,"enemies":"Blue Slaver","floor":10,"turns":3},{"damage":36,"enemies":"Lagavulin","floor":11,"turns":10},{"damage":22,"enemies":"The Mushroom Lair","floor":12,"turns":4},{"damage":8,"enemies":"Gremlin Nob","floor":13,"turns":4},{"damage":0,"enemies":"3 Louse","floor":14,"turns":4},{"damage":25,"enemies":"Hexaghost","floor":16,"turns":10},{"damage":32,"enemies":"3 Byrds","floor":18,"turns":5},{"damage":4,"enemies":"Shell Parasite","floor":19,"turns":7},{"damage":28,"enemies":"Centurion and Healer","floor":21,"turns":9},{"damage":18,"enemies":"Book of Stabbing","floor":23,"turns":6},{"damage":6,"enemies":"Snecko","floor":27,"turns":4},{"damage":13,"enemies":"Snake Plant","floor":28,"turns":6},{"damage":8,"enemies":"Shelled Parasite and Fungi","floor":30,"turns":5},{"damage":54,"enemies":"Automaton","floor":33,"turns":8},{"damage":39,"enemies":"3 Darklings","floor":35,"turns":5},{"damage":20,"enemies":"Mind Bloom Boss Battle","floor":36,"turns":7},{"damage":1,"enemies":"3 Shapes","floor":39,"turns":4},{"damage":8,"enemies":"beaked:SuperParasite","floor":41,"turns":7},{"damage":23,"enemies":"Transient","floor":45,"turns":5},{"damage":0,"enemies":"4 Shapes","floor":48,"turns":3},{"damage":57,"enemies":"Time Eater","floor":50,"turns":10}],"seed_played":"208675522612271285","potions_obtained":[{"floor":3,"key":"DistilledChaos"},{"floor":7,"key":"DistilledChaos"},{"floor":10,"key":"Block Potion"},{"floor":13,"key":"Explosive Potion"},{"floor":16,"key":"SteroidPotion"},{"floor":18,"key":"SkillPotion"},{"floor":27,"key":"Regen Potion"},{"floor":35,"key":"SteroidPotion"}],"is_trial":false,"path_per_floor":["M","?","M","?","M","R","E","R","T","M","E","?","E","M","R","B",null,"M","M","$","M","?","E","R","T","T","M","M","R","M","?","R","B",null,"M","?","$","?","M","R","E","?","T","R","M","T","R","M","R","B",null],"character_chosen":"KOISHI","items_purchased":["Calipers","Koishi:DanmakuParanoia","Koishi:EchoesOfADeadGirl"],"campfire_rested":2,"item_purchase_floors":[20,20,37],"current_hp_per_floor":[54,54,54,54,54,54,26,44,54,48,33,18,14,21,42,37,62,40,54,54,47,41,33,33,33,33,49,52,52,69,69,69,41,63,43,47,47,47,49,49,70,60,60,60,70,70,70,70,70,64],"gold":95,"neow_bonus":"THREE_ENEMY_KILL","is_daily":false,"chose_seed":false,"campfire_upgraded":8,"win_rate":0.0,"timestamp":1611157911,"path_taken":["M","?","M","?","?","R","E","R","T","M","E","?","E","M","R","BOSS","M","M","$","M","?","E","R","?","T","M","M","R","?","?","R","BOSS","M","?","$","?","?","R","E","?","T","R","M","?","R","M","R","BOSS"],"items_purchased_type":["Relic","Card","Relic"],"build_version":"2020-12-22","purchased_purges":0,"victory":true,"max_hp_per_floor":[60,60,60,60,60,60,60,60,70,70,70,70,70,70,70,70,70,70,70,70,70,70,70,70,70,70,70,70,70,70,70,70,70,70,70,70,70,70,70,70,70,70,70,70,70,70,70,70,70,70],"card_choices":[{"not_picked":["Koishi:ReflexRadar","Koishi:FleetingPhantom"],"picked":"Koishi:SubconsciousSweep","floor":1},{"not_picked":["Koishi:FleetingPhantom","Koishi:DanmakuParanoia"],"picked":"Koishi:StingingMind","floor":3},{"not_picked":["Koishi:ReflexRadar","Koishi:StingingMind"],"picked":"Koishi:ParalyzingFear","floor":5},{"not_picked":["Koishi:FourthEye","Koishi:SubterraneanRose"],"picked":"Koishi:StrangeCloudFist","floor":7},{"not_picked":["Koishi:YoukaiPolygraph","Koishi:SprinkleStarAndHeart"],"picked":"Koishi:ImGoingToCallYouNow","floor":10},{"not_picked":["Koishi:DreadfulBlow","Koishi:DNAsFlaw","Koishi:FleetingPhantom"],"picked":"SKIP","floor":11},{"not_picked":["Koishi:FreudianInstinct","Koishi:HeartAttack"],"picked":"Koishi:RoseHell","floor":13},{"not_picked":["Koishi:SpiritedAway","Koishi:HeartfeltFancy"],"picked":"Koishi:GeneticsOfTheUnconscious","floor":14},{"not_picked":["Koishi:Ego","Koishi:ConditionedTeleport"],"picked":"Koishi:HeartStoppingHorror","floor":16},{"not_picked":["Koishi:SubterraneanRose","Koishi:StingingMind"],"picked":"Koishi:TraumaticStroke","floor":18},{"not_picked":["Koishi:StingingMind+1","Koishi:SubconsciousSweep"],"picked":"Koishi:JumpScare","floor":19},{"not_picked":["Koishi:UnseenTerror","Koishi:HeartfeltFancy"],"picked":"Koishi:SpiritedAway+1","floor":21},{"not_picked":["Koishi:VengefulSpirit+1","Koishi:MindNumbingTerror"],"picked":"Koishi:RuptureMind","floor":23},{"not_picked":["Koishi:UnconsciousUprising","Koishi:HeartAttack+1"],"picked":"Koishi:GeneticsOfTheUnconscious+1","floor":27},{"not_picked":["Koishi:UnansweredLove","Koishi:JumpScare","Koishi:StingingMind"],"picked":"SKIP","floor":28},{"not_picked":["Koishi:BloodcurdlingScream+1","Koishi:UnansweredLove","Koishi:SubterraneanRose"],"picked":"SKIP","floor":30},{"not_picked":["Koishi:RuptureMind","Koishi:MentalBreakdown"],"picked":"Koishi:RoseHell","floor":33},{"not_picked":["Koishi:ParalyzingFear","Koishi:JumpScare"],"picked":"Koishi:RorschachInDanmaku+1","floor":35},{"not_picked":["Koishi:BloodcurdlingScream+1","Koishi:FleetingPhantom"],"picked":"Koishi:PhantomBarrier","floor":36},{"not_picked":["Koishi:Bloodlust+1","Koishi:SubterraneanRose+1"],"picked":"Koishi:Catatonia+1","floor":39},{"not_picked":["Koishi:RorschachInDanmaku","Koishi:PhilosophyOfTheDespised+1"],"picked":"Koishi:TremblingHands","floor":41},{"not_picked":["Impatience","Good Instincts"],"picked":"Mayhem","floor":42},{"not_picked":["PanicButton","Purity"],"picked":"Swift Strike","floor":42},{"not_picked":["Deep Breath","Chrysalis"],"picked":"Enlightenment","floor":42},{"not_picked":["Koishi:HeartAttack+1","Koishi:Bloodlust+1","Koishi:DNAsFlaw"],"picked":"SKIP","floor":45},{"not_picked":["Koishi:BloodcurdlingScream+1","Koishi:SubterraneanRose"],"picked":"Koishi:BramblyRoseGarden+1","floor":48}],"player_experience":533845,"relics_obtained":[{"floor":7,"key":"Blue Candle"},{"floor":9,"key":"Pear"},{"floor":11,"key":"Thread and Needle"},{"floor":12,"key":"Odd Mushroom"},{"floor":13,"key":"Torii"},{"floor":23,"key":"Smiling Mask"},{"floor":25,"key":"Centennial Puzzle"},{"floor":26,"key":"Pocketwatch"},{"floor":36,"key":"Ice Cream"},{"floor":41,"key":"Koishi:LettersToReimu"},{"floor":43,"key":"HornCleat"},{"floor":46,"key":"Ornamental Fan"}],"event_choices":[{"damage_healed":0,"gold_gain":0,"player_choice":"Ignored","damage_taken":0,"max_hp_gain":0,"max_hp_loss":0,"event_name":"Liars Game","floor":2,"gold_loss":0},{"damage_healed":0,"gold_gain":0,"cards_transformed":["Koishi:BasicStrike"],"player_choice":"Transformed","damage_taken":0,"max_hp_gain":0,"max_hp_loss":0,"event_name":"Transmorgrifier","floor":4,"gold_loss":0,"cards_obtained":["Koishi:HeartfeltFancy"]},{"damage_healed":0,"gold_gain":0,"player_choice":"Fought Mushrooms","damage_taken":0,"max_hp_gain":0,"max_hp_loss":0,"event_name":"Mushrooms","floor":12,"gold_loss":0},{"damage_healed":0,"gold_gain":0,"player_choice":"Joined the Cult","damage_taken":6,"max_hp_gain":0,"max_hp_loss":0,"event_name":"Nest","floor":22,"gold_loss":0,"cards_obtained":["RitualDagger"]},{"damage_healed":0,"gold_gain":0,"player_choice":"Ignored","damage_taken":0,"max_hp_gain":0,"max_hp_loss":0,"event_name":"Vampires","floor":31,"gold_loss":0},{"damage_healed":0,"gold_gain":0,"player_choice":"Fight","damage_taken":0,"max_hp_gain":0,"max_hp_loss":0,"event_name":"MindBloom","floor":36,"gold_loss":0},{"damage_healed":0,"gold_gain":0,"player_choice":"Upgraded","damage_taken":0,"max_hp_gain":0,"max_hp_loss":0,"event_name":"Upgrade Shrine","floor":38,"gold_loss":0,"cards_upgraded":["Koishi:RoseHell"]},{"damage_healed":0,"gold_gain":0,"player_choice":"Memory 3","damage_taken":10,"max_hp_gain":0,"max_hp_loss":0,"event_name":"SensoryStone","floor":42,"gold_loss":0}],"is_beta":false,"boss_relics":[{"not_picked":["SlaversCollar","Hololive_Finger"],"picked":"Astrolabe"},{"not_picked":["Hololive_TopUpMoneyS","Coffee Dripper"],"picked":"SacredBark"}],"items_purged_floors":[],"is_endless":false,"potions_floor_spawned":[3,7,10,13,16,18,19,21,27,35,48],"ascension_level":11}}