{"host":"ndpbn7fqb3wjbd7p","time":1611116120,"event":{"mods":["AchievementEnabler","Act Like it!","AlwaysNeverKeys","BaseMod","Better Vampires","Block Reminder","Colored Powertips","DeckTracker","Defuse TimeMaze Blight","Friendly Minions","Hallownest","Hermit","Highlight Path","MarisaÅiñ∂âJÅ@ñÇóùçπÅj","Minty Spire (QoL Compilation)","Permanent Neow","Shade Mod","StSLib","SuperFastMode","Synergy Search","The Mystic","Unceasing Turn Reminder","Wandering Minibosses","egg"],"gold_per_floor":[112,127,52,52,52,52,67,67,93,108,8,8,8,36,36,36,36],"floor_reached":16,"language":"ENG","playtime":619,"items_purged":["Strike_G","Strike_G"],"score":191,"play_id":"9271de54-a7cd-4659-8562-46b46b0a0236","local_time":"20210120051520","is_ascension_mode":true,"campfire_choices":[{"data":"Skewer","floor":6,"key":"SMITH"},{"data":"Neutralize","floor":8,"key":"SMITH"},{"data":"Outmaneuver","floor":13,"key":"SMITH"},{"data":"Expertise","floor":15,"key":"SMITH"}],"circlet_count":0,"master_deck":["AscendersBane","Strike_G","Strike_G","Strike_G","Defend_G","Defend_G+1","Defend_G","Defend_G","Defend_G","Survivor","Neutralize+1","Finesse+1","Skewer+1","Expertise+1","Heel Hook","Outmaneuver+1","Deflect"],"relics":["Ring of the Snake","Question Card","Anchor","Blood Vial","War Paint"],"acts_visited":["Exordium"],"potions_floor_usage":[14,16],"damage_taken":[{"damage":3,"enemies":"Jaw Worm","floor":1,"turns":4},{"damage":1,"enemies":"Cultist","floor":2,"turns":4},{"damage":0,"enemies":"Small Slimes","floor":7,"turns":5},{"damage":0,"enemies":"Blue Slaver","floor":10,"turns":3},{"damage":18,"enemies":"3 Sentries","floor":14,"turns":12},{"damage":40,"enemies":"Hexaghost","floor":16,"turns":10}],"seed_played":"7317096499163964174","potions_obtained":[{"floor":10,"key":"CunningPotion"},{"floor":14,"key":"Energy Potion"}],"is_trial":false,"path_per_floor":["M","M","$","?","T","R","M","R","T","M","$","?","R","E","R","B"],"character_chosen":"THE_SILENT","items_purchased":[],"campfire_rested":0,"item_purchase_floors":[],"current_hp_per_floor":[56,55,55,55,55,55,55,55,55,55,55,50,50,34,34,0,0],"gold":36,"neow_bonus":"RANDOM_COLORLESS","is_daily":false,"chose_seed":false,"campfire_upgraded":4,"win_rate":0.0,"timestamp":1611116120,"path_taken":["M","M","$","?","?","R","?","R","T","?","$","?","R","E","R","BOSS"],"items_purchased_type":[],"build_version":"2020-12-22","purchased_purges":2,"victory":false,"max_hp_per_floor":[66,66,66,66,66,66,66,66,66,66,66,66,66,66,66,66,66],"card_choices":[{"not_picked":["Bandage Up","Good Instincts"],"picked":"Finesse","floor":0},{"not_picked":["Dagger Throw","Leg Sweep"],"picked":"Skewer","floor":1},{"not_picked":["Dagger Spray","Acrobatics"],"picked":"Expertise","floor":2},{"not_picked":["Distraction","Poisoned Stab","Deadly Poison"],"picked":"Heel Hook","floor":7},{"not_picked":["Flying Knee","Flechettes","Sucker Punch"],"picked":"Outmaneuver","floor":10},{"not_picked":["Blade Dance","Underhanded Strike","Slice"],"picked":"Deflect","floor":14}],"player_experience":1157997,"relics_obtained":[{"floor":5,"key":"Question Card"},{"floor":9,"key":"Anchor"},{"floor":14,"key":"War Paint"}],"event_choices":[{"damage_healed":0,"gold_gain":0,"player_choice":"Ignored","damage_taken":0,"max_hp_gain":0,"max_hp_loss":0,"event_name":"Liars Game","floor":4,"gold_loss":0},{"damage_healed":0,"gold_gain":0,"player_choice":"Success","damage_taken":5,"relics_obtained":["Blood Vial"],"max_hp_gain":0,"max_hp_loss":0,"event_name":"Scrap Ooze","floor":12,"gold_loss":0}],"is_beta":false,"boss_relics":[],"items_purged_floors":[3,11],"is_endless":false,"potions_floor_spawned":[10,14],"killed_by":"Hexaghost","ascension_level":19}}