{"host":"l60rmjjsfi0fipmi","time":1611185232,"event":{"mods":["BaseMod","Colored Map","DeckTracker","Highlight Path","Minty Spire (QoL Compilation)","StSLib","The Cursed","The Servant 0.9.4"],"gold_per_floor":[112,62,76,39,51,71,97,97,97,97,97,111,137,152,152,247,247,264,60,60,76,175,175,14,14,14,14,14,14],"floor_reached":28,"language":"ENG","playtime":1461,"items_purged":["Defend_P"],"score":260,"play_id":"862a496e-1460-409d-bb25-204f99fae1ee","local_time":"20210120182712","is_ascension_mode":true,"campfire_choices":[{"data":"Vigilance","floor":11,"key":"SMITH"},{"floor":15,"key":"REST"},{"floor":23,"key":"REST"},{"floor":25,"key":"REST"},{"data":"Adaptation","floor":27,"key":"SMITH"}],"circlet_count":0,"master_deck":["Strike_P","Strike_P","Defend_P","Defend_P","Eruption+1","Vigilance+1","SashWhip","CrushJoints","LikeWater","Conclude","InnerPeace","Tantrum","EmptyBody","ReachHeaven","Crescendo","MasterReality","FlyingSleeves+1","Halt","Adaptation+1","DevaForm","Halt","MentalFortress+1","WheelKick"],"relics":["PureWater","Letter Opener","Ginger","Torii","VioletLotus","Membership Card","Ornamental Fan"],"acts_visited":["Exordium","TheCity"],"potions_floor_usage":[14,16,18,28],"damage_taken":[{"damage":1,"enemies":"2 Louse","floor":1,"turns":2},{"damage":0,"enemies":"Small Slimes","floor":3,"turns":3},{"damage":2,"enemies":"Jaw Worm","floor":5,"turns":4},{"damage":0,"enemies":"Large Slime","floor":6,"turns":5},{"damage":25,"enemies":"3 Sentries","floor":7,"turns":8},{"damage":6,"enemies":"Looter","floor":12,"turns":3},{"damage":21,"enemies":"Gremlin Nob","floor":13,"turns":5},{"damage":6,"enemies":"Lots of Slimes","floor":14,"turns":2},{"damage":5,"enemies":"Hexaghost","floor":16,"turns":9},{"damage":36,"enemies":"Chosen","floor":18,"turns":7},{"damage":17,"enemies":"Shell Parasite","floor":21,"turns":4},{"damage":72,"enemies":"Slavers","floor":28,"turns":3}],"seed_played":"8708085581375027301","potions_obtained":[{"floor":3,"key":"ColorlessPotion"},{"floor":6,"key":"SteroidPotion"},{"floor":16,"key":"PowerPotion"},{"floor":18,"key":"BlessingOfTheForge"}],"is_trial":false,"path_per_floor":["M","?","M","$","M","M","E","?","T","?","R","M","E","M","R","B",null,"M","$","?","M","?","R","$","R","T","R","E"],"character_chosen":"WATCHER","items_purchased":["LikeWater","Halt","Adaptation","Membership Card","WheelKick"],"campfire_rested":3,"item_purchase_floors":[4,19,19,24,24],"current_hp_per_floor":[78,78,78,78,76,76,51,51,51,51,51,45,24,18,41,36,79,43,43,43,26,26,49,49,72,72,72,0,0],"gold":14,"neow_bonus":"TEN_PERCENT_HP_BONUS","is_daily":false,"chose_seed":false,"campfire_upgraded":2,"win_rate":0.0,"timestamp":1611185232,"path_taken":["M","?","M","$","M","M","E","?","T","?","R","M","E","M","R","BOSS","M","$","?","M","?","R","$","R","T","R","E"],"items_purchased_type":["Card","Card","Card","Relic","Card"],"build_version":"2020-12-22","purchased_purges":1,"victory":false,"max_hp_per_floor":[79,79,79,79,79,79,79,79,79,79,79,79,79,79,79,79,79,79,79,79,79,79,79,79,79,79,79,79,79],"card_choices":[{"not_picked":["ClearTheMind","WheelKick"],"picked":"SashWhip","floor":1},{"not_picked":["Study","ThirdEye"],"picked":"CrushJoints","floor":3},{"not_picked":["PathToVictory","Pray"],"picked":"Conclude","floor":5},{"not_picked":["JustLucky","Fasting2"],"picked":"InnerPeace","floor":6},{"not_picked":["EmptyFist","TalkToTheHand"],"picked":"Tantrum","floor":7},{"not_picked":["Evaluate","InnerPeace"],"picked":"EmptyBody","floor":12},{"not_picked":["SignatureMove","SashWhip"],"picked":"ReachHeaven","floor":13},{"not_picked":["Indignation","Alpha"],"picked":"Crescendo","floor":14},{"not_picked":["ConjureBlade","Brilliance"],"picked":"MasterReality","floor":16},{"not_picked":["WindmillStrike","BowlingBash"],"picked":"FlyingSleeves+1","floor":18},{"not_picked":["PathToVictory","Consecrate"],"picked":"MentalFortress+1","floor":21}],"player_experience":522857,"relics_obtained":[{"floor":7,"key":"Letter Opener"},{"floor":9,"key":"Ginger"},{"floor":13,"key":"Torii"},{"floor":26,"key":"Ornamental Fan"}],"event_choices":[{"cards_removed":["Strike_P"],"damage_healed":0,"gold_gain":0,"player_choice":"Card Removal","damage_taken":0,"max_hp_gain":0,"max_hp_loss":0,"event_name":"The Cleric","floor":2,"gold_loss":50},{"damage_healed":0,"gold_gain":0,"player_choice":"Grow","damage_taken":0,"max_hp_gain":0,"max_hp_loss":0,"event_name":"Living Wall","floor":8,"gold_loss":0,"cards_upgraded":["Eruption"]},{"damage_healed":0,"gold_gain":0,"player_choice":"Ignored","damage_taken":0,"max_hp_gain":0,"max_hp_loss":0,"event_name":"Liars Game","floor":10,"gold_loss":0},{"damage_healed":0,"gold_gain":0,"cards_transformed":["Strike_P","Defend_P"],"player_choice":"Became Test Subject","damage_taken":0,"max_hp_gain":0,"max_hp_loss":0,"event_name":"Drug Dealer","floor":20,"gold_loss":0,"cards_obtained":["DevaForm","Halt"]},{"damage_healed":0,"gold_gain":99,"player_choice":"Stole From Cult","damage_taken":0,"max_hp_gain":0,"max_hp_loss":0,"event_name":"Nest","floor":22,"gold_loss":0}],"is_beta":false,"boss_relics":[{"not_picked":["Velvet Choker","Black Star"],"picked":"VioletLotus"}],"items_purged_floors":[19],"is_endless":false,"potions_floor_spawned":[3,6,16,18],"killed_by":"Slavers","ascension_level":3}}