{"host":"3y2rtlgteqp2nuo3","time":1611133939,"event":{"mods":["2.2 Compatiblity","AchievementEnabler","BaseMod","Colored Map","DeckTracker","Highlight Path","Keyboard Shortcuts","Minty Spire (QoL Compilation)","Permanent Neow","Quick Restart","StSLib","SuperFastMode","everything is the same but u backflip on backflip"],"gold_per_floor":[20,35,35,50,70,70,81,156,208,221,233,233,246,266,266,266,266],"floor_reached":16,"language":"KOR","playtime":412,"items_purged":[],"score":162,"play_id":"f5da11a9-ac26-4f6f-89fb-2670661c3a7e","local_time":"20210120181219","is_ascension_mode":true,"campfire_choices":[{"data":"Blade Dance","floor":6.0,"key":"SMITH"},{"data":"Finisher","floor":15.0,"key":"SMITH"}],"circlet_count":0,"master_deck":["AscendersBane","Strike_G","Strike_G","Strike_G","Strike_G","Strike_G","Defend_G","Defend_G","Defend_G","Defend_G","Defend_G","Survivor","Neutralize","All Out Attack","Blade Dance+1","Finisher+1","Blade Dance","Heel Hook","Backflip","Acrobatics"],"relics":["Ring of the Snake","Ice Cream","Nunchaku","Eternal Feather"],"acts_visited":["Exordium"],"potions_floor_usage":[16],"damage_taken":[{"damage":0.0,"enemies":"Cultist","floor":1.0,"turns":4.0},{"damage":0.0,"enemies":"Jaw Worm","floor":2.0,"turns":4.0},{"damage":0.0,"enemies":"Small Slimes","floor":4.0,"turns":2.0},{"damage":3.0,"enemies":"2 Fungi Beasts","floor":5.0,"turns":4.0},{"damage":0.0,"enemies":"Blue Slaver","floor":7.0,"turns":1.0},{"damage":5.0,"enemies":"3 Louse","floor":10.0,"turns":3.0},{"damage":0.0,"enemies":"Large Slime","floor":11.0,"turns":6.0},{"damage":0.0,"enemies":"Exordium Thugs","floor":13.0,"turns":2.0},{"damage":1.0,"enemies":"Looter","floor":14.0,"turns":4.0},{"damage":56,"enemies":"The Guardian","floor":16,"turns":10}],"seed_played":"6065325916939405512","potions_obtained":[{"floor":2.0,"key":"SkillPotion"},{"floor":5.0,"key":"Block Potion"},{"floor":13.0,"key":"LiquidMemories"}],"is_trial":false,"path_per_floor":["M","M","$","M","M","R","M","?","T","M","M","?","M","M","R","B"],"character_chosen":"THE_SILENT","items_purchased":[],"campfire_rested":0,"item_purchase_floors":[],"current_hp_per_floor":[63,63,63,63,60,60,60,53,53,48,48,45,45,44,56,0,0],"gold":266,"neow_bonus":"ONE_RARE_RELIC","is_daily":false,"chose_seed":false,"campfire_upgraded":2,"win_rate":0.0,"timestamp":1611133939,"path_taken":["M","M","?","M","M","R","M","?","T","?","M","?","M","M","R","BOSS"],"items_purchased_type":[],"build_version":"2020-12-22","purchased_purges":0,"victory":false,"max_hp_per_floor":[70,70,70,70,70,70,70,70,70,70,70,70,70,70,70,70,70],"card_choices":[{"not_picked":["Prepared","Bane"],"picked":"All Out Attack","floor":1.0},{"not_picked":["Acrobatics","Backflip"],"picked":"Blade Dance","floor":2.0},{"not_picked":["Outmaneuver","Deflect"],"picked":"Finisher","floor":4.0},{"not_picked":["Slice","Escape Plan"],"picked":"Blade Dance","floor":5.0},{"not_picked":["All Out Attack","Night Terror"],"picked":"Heel Hook","floor":7.0},{"not_picked":["Backflip","Blade Dance","Slice"],"picked":"SKIP","floor":10.0},{"not_picked":["Blade Dance","Slice"],"picked":"Backflip","floor":10.0},{"not_picked":["Slice","Noxious Fumes","Reflex"],"picked":"SKIP","floor":11.0},{"not_picked":["Tactician","Footwork"],"picked":"Acrobatics","floor":13.0},{"not_picked":["Acrobatics","Dagger Spray","Flying Knee"],"picked":"SKIP","floor":14.0}],"player_experience":698584,"relics_obtained":[{"floor":9.0,"key":"Nunchaku"}],"event_choices":[{"damage_healed":0.0,"max_hp_gain":0.0,"max_hp_loss":0.0,"gold_gain":75.0,"event_name":"FaceTrader","player_choice":"Touch","floor":8.0,"gold_loss":0.0,"damage_taken":7.0},{"damage_healed":0.0,"max_hp_gain":0.0,"max_hp_loss":0.0,"gold_gain":0.0,"event_name":"Scrap Ooze","player_choice":"Success","floor":12.0,"gold_loss":0.0,"damage_taken":3.0,"relics_obtained":["Eternal Feather"]}],"is_beta":false,"boss_relics":[],"items_purged_floors":[],"is_endless":false,"potions_floor_spawned":[2,5,13],"killed_by":"The Guardian","ascension_level":13}}