{"host":"ibckqdmmf9y74ymf","time":1611173069,"event":{"mods":["2.2 Compatiblity","Ascension Unlocker","BaseMod","Colored Map","Curses Come First","Highlight Path","Minty Spire (QoL Compilation)","Quick Restart","Rare Cards Sparkle","Relic Stats","StSLib"],"gold_per_floor":[117,117,130,148,164,164,197,221,221,221,186,186,236,267,267,345,345,361,361,19,45,45,45,45,45],"floor_reached":24,"language":"ENG","playtime":844,"items_purged":["Strike_B"],"score":404,"play_id":"6ddf9581-13ac-4694-bf1e-afd408989a95","local_time":"20210120210429","is_ascension_mode":true,"campfire_choices":[{"data":"Darkness","floor":6.0,"key":"SMITH"},{"data":"Streamline","floor":12,"key":"SMITH"},{"data":"Capacitor","floor":15,"key":"SMITH"},{"floor":23,"key":"REST"}],"circlet_count":0,"master_deck":["AscendersBane","Strike_B+1","Strike_B","Strike_B+1","Defend_B","Defend_B","Defend_B","Zap","Dualcast","Capacitor+1","Darkness+1","Chill","Skim","Streamline+1","Genetic Algorithm","Electrodynamics","Darkness","Force Field"],"relics":["Cracked Core","Akabeko","Toy Ornithopter","Odd Mushroom","PreservedInsect","Letter Opener","Cursed Key","Mummified Hand","Red Mask"],"acts_visited":["TheCity"],"potions_floor_usage":[8,16,19],"damage_taken":[{"damage":2.0,"enemies":"Jaw Worm","floor":1.0,"turns":3.0},{"damage":1.0,"enemies":"Cultist","floor":3.0,"turns":3.0},{"damage":3.0,"enemies":"2 Louse","floor":4.0,"turns":2.0},{"damage":7.0,"enemies":"Looter","floor":5.0,"turns":3.0},{"damage":12.0,"enemies":"Lagavulin","floor":7.0,"turns":7.0},{"damage":2,"enemies":"The Mushroom Lair","floor":8,"turns":3},{"damage":15,"enemies":"3 Sentries","floor":14,"turns":5},{"damage":23,"enemies":"Hexaghost","floor":16,"turns":8},{"damage":24,"enemies":"Chosen","floor":18,"turns":5},{"damage":0,"enemies":"3 Byrds","floor":19,"turns":1},{"damage":21,"enemies":"Masked Bandits","floor":21,"turns":4},{"damage":25,"enemies":"Gremlin Leader","floor":24,"turns":6}],"seed_played":"5241059999076784181","potions_obtained":[{"floor":1.0,"key":"Explosive Potion"},{"floor":4.0,"key":"SpeedPotion"},{"floor":5.0,"key":"FocusPotion"},{"floor":8,"key":"DistilledChaos"},{"floor":18,"key":"SmokeBomb"},{"floor":21,"key":"Strength Potion"}],"is_trial":false,"path_per_floor":["M","?","M","M","M","R","E","?","T","?","?","R","?","E","R","B",null,"M","M","$","?","?","R","E"],"character_chosen":"DEFECT","items_purchased":["Mummified Hand"],"campfire_rested":1,"item_purchase_floors":[20],"current_hp_per_floor":[62,62,61,58,51,51,39,42,42,21,38,38,38,23,23,5,55,31,36,36,15,15,36,11,11],"gold":45,"neow_bonus":"RANDOM_COMMON_RELIC","is_daily":false,"chose_seed":false,"campfire_upgraded":3,"win_rate":0.0,"timestamp":1611173069,"path_taken":["M","?","?","M","M","R","E","?","T","?","?","R","?","E","R","BOSS","M","M","$","?","?","R","E"],"items_purchased_type":["Relic"],"build_version":"2020-12-22","purchased_purges":1,"victory":false,"max_hp_per_floor":[71,71,71,71,71,71,71,71,71,71,71,71,71,71,71,71,71,71,71,71,71,71,71,71,71],"relic_stats":{"counters":[7,32],"Mummified Hand":[3],"PreservedInsect":78,"Letter Opener":[45],"Cursed Key":0,"obtain_stats":[{"Mummified Hand":20,"PreservedInsect":9,"Red Mask":21,"Letter Opener":14,"Odd Mushroom":8,"Cracked Core":0,"Cursed Key":17,"Akabeko":0,"Toy Ornithopter":0},{"Mummified Hand":5,"PreservedInsect":1,"Red Mask":6,"Letter Opener":2,"Odd Mushroom":1,"Cracked Core":0,"Cursed Key":3,"Akabeko":0,"Toy Ornithopter":0},{"Mummified Hand":22,"PreservedInsect":3,"Red Mask":26,"Letter Opener":8,"Odd Mushroom":3,"Cracked Core":0,"Cursed Key":16,"Akabeko":0,"Toy Ornithopter":0}],"Toy Ornithopter":15},"card_choices":[{"not_picked":["Aggregate","Redo","Hologram"],"picked":"SKIP","floor":1.0},{"not_picked":["Consume","Force Field"],"picked":"Capacitor","floor":3.0},{"not_picked":["Gash","Rebound"],"picked":"Darkness","floor":4.0},{"not_picked":["Coolheaded","BootSequence"],"picked":"Chill","floor":5.0},{"not_picked":["Thunder Strike","Rebound"],"picked":"Skim","floor":7.0},{"not_picked":["Double Energy","Tempest"],"picked":"Streamline","floor":8},{"not_picked":["Beam Cell","Rebound"],"picked":"Genetic Algorithm","floor":14},{"not_picked":["Seek","Amplify"],"picked":"Electrodynamics","floor":16},{"not_picked":["Aggregate","Sweeping Beam"],"picked":"Darkness","floor":18},{"not_picked":["Rebound","Turbo"],"picked":"Force Field","floor":21}],"player_experience":642828,"relics_obtained":[{"floor":7.0,"key":"Toy Ornithopter"},{"floor":8,"key":"Odd Mushroom"},{"floor":9,"key":"PreservedInsect"},{"floor":14,"key":"Letter Opener"},{"floor":21,"key":"Red Mask"}],"event_choices":[{"cards_removed":["Defend_B"],"damage_healed":0.0,"max_hp_gain":0.0,"max_hp_loss":0.0,"gold_gain":0.0,"event_name":"Purifier","player_choice":"Purged","floor":2.0,"gold_loss":0.0,"damage_taken":0.0},{"damage_healed":0,"gold_gain":0,"player_choice":"Fought Mushrooms","damage_taken":0,"max_hp_gain":0,"max_hp_loss":0,"event_name":"Mushrooms","floor":8,"gold_loss":0},{"damage_healed":0,"gold_gain":0,"player_choice":"Entered Light","damage_taken":21,"max_hp_gain":0,"max_hp_loss":0,"event_name":"Shining Light","floor":10,"gold_loss":0,"cards_upgraded":["Strike_B","Strike_B"]},{"damage_healed":17,"gold_gain":0,"player_choice":"Healed","damage_taken":0,"max_hp_gain":0,"max_hp_loss":0,"event_name":"The Cleric","floor":11,"gold_loss":35},{"damage_healed":0,"gold_gain":50,"player_choice":"Pray","damage_taken":0,"max_hp_gain":0,"max_hp_loss":0,"event_name":"Golden Shrine","floor":13,"gold_loss":0},{"damage_healed":0,"gold_gain":0,"player_choice":"Fought Bandits","damage_taken":0,"max_hp_gain":0,"max_hp_loss":0,"event_name":"Masked Bandits","floor":21,"gold_loss":0}],"is_beta":false,"boss_relics":[{"not_picked":["Inserter","SacredBark"],"picked":"Cursed Key"}],"items_purged_floors":[20],"is_endless":false,"potions_floor_spawned":[1,4,5,8,18,21],"killed_by":"Gremlin Leader","ascension_level":20}}