{"host":"bc298c4gavna5tx2","time":1611152052,"event":{"mods":["ATMod(°¢èªMod)","Act Like it!","BaseMod","Challenge The Spire","Minty Spire (QoL Compilation)","MostiFishMod","Quarter Circle Forward PUNCH!","Quick Restart","Replay The Spire","Spicy Shops","StSLib","¡¾¹¦ÄÜMod¡¿»ìãçÖ®»·ÐÞ¸´²¹¶¡"],"gold_per_floor":[115,125,125,139,164,164,191,191,215,234,252,266,266,266,266,368,368,383,30,80,94,175,209,228,228,228,228,294,392,392,437,437,543,543,566,576,576],"floor_reached":36,"language":"ZHS","playtime":960,"items_purged":[],"score":534,"play_id":"544b0e8b-29b1-4d32-ab3e-ba67529bc34e","local_time":"20210120221412","is_ascension_mode":true,"campfire_choices":[{"data":"Eruption","floor":6.0,"key":"SMITH"},{"data":"AT_DivineConfetti","floor":8.0,"key":"SMITH"},{"data":"MostiFishMod:Minus","floor":15.0,"key":"SMITH"},{"data":"MostiFishMod:KamiSmash","floor":25.0,"key":"SMITH"},{"data":"AT_MachinaRedman","floor":27.0,"key":"SMITH"},{"data":"MostiFishMod:Dust","floor":30.0,"key":"SMITH"},{"floor":32.0,"key":"RECALL"}],"circlet_count":0,"master_deck":["Strike_P","Strike_P","Strike_P","Strike_P","Defend_P+1","Defend_P+1","Defend_P+1","Defend_P+1","Eruption+1","Vigilance","AT_EmpoweredMortalDraw+1","MostiFishMod:Minus+1","AT_DivineConfetti+1","AT_IrregularMenstruation","AT_MachinaRedman+1","MostiFishMod:KamiSmash+1","MostiFishMod:Dust+1","Ragnarok"],"relics":["PureWater","AT_ATBox","DaveBox","ChiXiaoBlade","NeowsBlessing","SynthV:TestCard","Oddly Smooth Stone","ReplayFunnel","Replay:Bottled Steam","SsserpentHead","GuanYuAspect","StrikeDummy","Ancient Tea Set","Meat on the Bone","Red Mask","Replay:Accelerometer","Replay:Bottled Eggs","Replay:Bandana","Replay:Rubber Ducky","xbg"],"acts_visited":["Exordium","TheCity","TheBeyond"],"potions_floor_usage":[33],"damage_taken":[{"damage":0.0,"enemies":"Small Slimes","floor":1.0,"turns":1.0},{"damage":0.0,"enemies":"Cultist","floor":2.0,"turns":1.0},{"damage":0.0,"enemies":"Jaw Worm","floor":4.0,"turns":1.0},{"damage":0.0,"enemies":"3 Sentries","floor":7.0,"turns":1.0},{"damage":0.0,"enemies":"Blue Slaver","floor":10.0,"turns":1.0},{"damage":0.0,"enemies":"Lots of Slimes","floor":11.0,"turns":2.0},{"damage":5.0,"enemies":"Exordium Thugs","floor":12.0,"turns":3.0},{"damage":22.0,"enemies":"The Guardian","floor":16.0,"turns":12.0},{"damage":0.0,"enemies":"3 Byrds","floor":18.0,"turns":3.0},{"damage":12.0,"enemies":"Chosen","floor":21.0,"turns":2.0},{"damage":4.0,"enemies":"Masked Bandits","floor":22.0,"turns":3.0},{"damage":24.0,"enemies":"Slavers","floor":23.0,"turns":3.0},{"damage":4.0,"enemies":"Snake Plant","floor":24.0,"turns":2.0},{"damage":0.0,"enemies":"Sentry and Sphere","floor":28.0,"turns":1.0},{"damage":1.0,"enemies":"Replay:Snechameleon","floor":31.0,"turns":4.0},{"damage":21,"enemies":"Collector","floor":33,"turns":7},{"damage":12,"enemies":"Orb Walker","floor":35,"turns":2},{"damage":25,"enemies":"3 Shapes","floor":36,"turns":1}],"seed_played":"2219352213373879357","potions_obtained":[{"floor":1.0,"key":"Explosive Potion"},{"floor":2.0,"key":"Energy Potion"},{"floor":11.0,"key":"PowerPotion"},{"floor":12.0,"key":"Venom Potion"},{"floor":22.0,"key":"PowerPotion"},{"floor":23.0,"key":"Strength Potion"},{"floor":24.0,"key":"LiquidMemories"},{"floor":33,"key":"Weak Potion"},{"floor":35,"key":"Languid Potion"}],"is_trial":false,"path_per_floor":["M","M","?","M","T","R","E","R","T","M","M","M","T","?","R","B",null,"M","$","T","M","?","E","M","R","T","R","M","T","R","E","R","B",null,"M","M"],"character_chosen":"WATCHER","items_purchased":["StrikeDummy","Ancient Tea Set"],"campfire_rested":0,"item_purchase_floors":[19,19],"current_hp_per_floor":[72,72,72,72,72,72,72,72,72,72,72,67,67,67,67,45,36,36,36,36,28,31,23,24,24,24,24,24,24,24,33,33,36,36,25,0,0],"gold":576,"neow_bonus":"THREE_ENEMY_KILL","is_daily":false,"chose_seed":false,"campfire_upgraded":6,"win_rate":0.0,"timestamp":1611152052,"path_taken":["M","M","?","?","?","R","E","R","T","M","M","?","?","?","R","BOSS","M","?","?","M","?","E","M","R","T","R","?","?","R","E","R","BOSS","M","M"],"items_purchased_type":["Relic","Relic"],"build_version":"2020-12-22","purchased_purges":0,"victory":false,"max_hp_per_floor":[72,72,72,72,72,72,72,72,72,72,72,72,72,72,72,72,36,36,36,36,36,36,36,36,36,36,36,36,36,36,36,36,36,36,36,36,36],"card_choices":[{"not_picked":["MostiFishMod:Clarity","CutThroughFate","FlurryOfBlows"],"picked":"SKIP","floor":1.0},{"not_picked":["Sanctity","SignatureMove","Prostrate","ClearTheMind"],"picked":"MostiFishMod:Minus","floor":2.0},{"not_picked":["CutThroughFate","Replay:DivineShield","Evaluate","DeceiveReality","JustLucky"],"picked":"SKIP","floor":4.0},{"not_picked":["Pray","MostiFishMod:Speedup","Replay:Anticipation","Indignation"],"picked":"AT_DivineConfetti","floor":7.0},{"not_picked":["Replay:BluntJabs","ClearTheMind","Replay:DivineShield","MostiFishMod:LegendTransform"],"picked":"AT_IrregularMenstruation","floor":10.0},{"not_picked":["PathToVictory","EmptyBody","Vengeance","CrushJoints","Prostrate"],"picked":"SKIP","floor":11.0},{"not_picked":["EmptyFist","ClearTheMind","Protect","ThirdEye","CutThroughFate"],"picked":"SKIP","floor":12.0},{"not_picked":["Blasphemy","MostiFishMod:Dust","Establishment","MostiFishMod:Disappear"],"picked":"AT_MachinaRedman","floor":16.0},{"not_picked":["Replay:AtTheReady","Replay:Battleflow","FollowUp","Sanctity","Evaluate"],"picked":"SKIP","floor":18.0},{"not_picked":["SashWhip","BowlingBash","CrushJoints","PathToVictory"],"picked":"MostiFishMod:KamiSmash","floor":21.0},{"not_picked":["Evaluate","ThirdEye","Prostrate","EmptyBody"],"picked":"MostiFishMod:Dust","floor":23.0},{"not_picked":["Swivel","Replay:Battleflow","Protect","FollowUp","ClearTheMind"],"picked":"SKIP","floor":24.0},{"not_picked":["EmptyBody","Protect","BattleHymn+1","Replay:AtTheReady+1","CutThroughFate"],"picked":"SKIP","floor":28.0},{"not_picked":["CutThroughFate","Judgement","Indignation","Protect","InnerPeace"],"picked":"SKIP","floor":31.0},{"not_picked":["MostiFishMod:StarLaLaLa","MostiFishMod:DisColor","AT_ChampionKick","SpiritShield"],"picked":"Ragnarok","floor":33},{"not_picked":["DeceiveReality","FlyingSleeves","Nirvana","AT_SoftenMuscles","LikeWater"],"picked":"SKIP","floor":35}],"player_experience":98396,"relics_obtained":[{"floor":1.0,"key":"SynthV:TestCard"},{"floor":7.0,"key":"Oddly Smooth Stone"},{"floor":9.0,"key":"ReplayFunnel"},{"floor":13.0,"key":"Replay:Bottled Steam"},{"floor":20.0,"key":"Meat on the Bone"},{"floor":22.0,"key":"Red Mask"},{"floor":23.0,"key":"Replay:Accelerometer"},{"floor":26.0,"key":"Replay:Bottled Eggs"},{"floor":29.0,"key":"Replay:Bandana"},{"floor":31.0,"key":"Replay:Rubber Ducky"}],"event_choices":[{"damage_healed":0.0,"max_hp_gain":0.0,"max_hp_loss":0.0,"gold_gain":0.0,"event_name":"Accursed Blacksmith","player_choice":"Forge","floor":3.0,"gold_loss":0.0,"damage_taken":0.0,"cards_upgraded":["AT_EmpoweredMortalDraw"]},{"damage_healed":0.0,"max_hp_gain":0.0,"max_hp_loss":0.0,"gold_gain":0.0,"event_name":"FaceTrader","player_choice":"Trade","floor":14.0,"gold_loss":0.0,"damage_taken":0.0,"relics_obtained":["SsserpentHead"]},{"damage_healed":0.0,"max_hp_gain":0.0,"max_hp_loss":0.0,"gold_gain":0.0,"event_name":"Masked Bandits","player_choice":"Fought Bandits","floor":22.0,"gold_loss":0.0,"damage_taken":0.0}],"is_beta":false,"boss_relics":[{"not_picked":["FixedStarFall","RhineSuit"],"picked":"GuanYuAspect"},{"not_picked":["Velvet Choker","qcfpunch:Dark_Gi"],"picked":"xbg"}],"items_purged_floors":[],"is_endless":false,"potions_floor_spawned":[1,2,11,12,22,23,24,33,35],"killed_by":"3 Shapes","ascension_level":5}}