{"host":"p9jk0mlyvhgdzcz4","time":1611105687,"event":{"mods":["BaseMod","Colored Map","Minty Spire (QoL Compilation)","Quick Restart","Slay the Streamer","SuperFastMode"],"gold_per_floor":[112,130,205,138,138,164,164,184,229,229,242,242,208,208,220,220,315,315,328,310,310,320,320,320,320],"floor_reached":24,"language":"ENG","playtime":996,"items_purged":[],"score":296,"play_id":"4e77140a-e52c-4dc2-962b-663304abebf5","local_time":"20210119192127","is_ascension_mode":false,"campfire_choices":[{"data":"Rainbow","floor":7,"key":"SMITH"},{"data":"Echo Form","floor":14,"key":"SMITH"},{"floor":16,"key":"REST"}],"circlet_count":0,"master_deck":["Loop","Buffer+1","Echo Form+1","Static Discharge","Conserve Battery","Conserve Battery","Cold Snap","Cold Snap","Barrage","Auto Shields","Ball Lightning","Melter","Defragment","Rainbow+1","Static Discharge","Creative AI","Redo+1","Darkness","Bite","Bite","Bite","Bite","Bite"],"relics":["Cracked Core","Ancient Tea Set","Black Star"],"acts_visited":["Exordium","TheCity"],"potions_floor_usage":[24],"damage_taken":[{"damage":4,"enemies":"Small Slimes","floor":1,"turns":4},{"damage":7,"enemies":"2 Louse","floor":2,"turns":2},{"damage":0,"enemies":"Gremlin Nob","floor":6,"turns":5},{"damage":0,"enemies":"Cultist","floor":8,"turns":3},{"damage":7,"enemies":"Blue Slaver","floor":11,"turns":3},{"damage":14,"enemies":"Gremlin Gang","floor":15,"turns":4},{"damage":0,"enemies":"Slime Boss","floor":17,"turns":6},{"damage":3,"enemies":"Chosen","floor":19,"turns":6},{"damage":26,"enemies":"2 Thieves","floor":20,"turns":4},{"damage":7,"enemies":"Snake Plant","floor":22,"turns":4},{"damage":49,"enemies":"Book of Stabbing","floor":24,"turns":5}],"seed_played":"8137969547112415725","potions_obtained":[{"floor":8,"key":"EssenceOfDarkness"},{"floor":15,"key":"PowerPotion"},{"floor":19,"key":"SneckoOil"},{"floor":21,"key":"Regen Potion"}],"is_trial":false,"path_per_floor":["M","M","?","$","?","E","R","M","T","T","M","?","$","R","M","R","B",null,"M","M","?","M","?","E"],"character_chosen":"DEFECT","items_purchased":["Defragment","Static Discharge"],"campfire_rested":1,"item_purchase_floors":[4,13],"current_hp_per_floor":[71,64,53,53,53,53,53,55,55,55,50,50,50,50,38,60,62,75,72,48,48,43,43,0,0],"gold":320,"neow_bonus":"THREE_CARDS","is_daily":false,"chose_seed":false,"campfire_upgraded":2,"win_rate":0.0,"timestamp":1611105687,"path_taken":["M","M","?","$","?","E","R","M","T","M","?","?","R","?","R","BOSS","M","M","?","?","?","E"],"items_purchased_type":["Card","Card"],"build_version":"2020-12-22","purchased_purges":0,"victory":false,"max_hp_per_floor":[75,75,75,75,75,75,75,75,75,75,75,75,75,75,75,75,75,75,75,75,75,75,75,75,75],"card_choices":[{"not_picked":["Gash","Redo"],"picked":"Self Repair","floor":0},{"not_picked":["Recycle","Steam"],"picked":"Ball Lightning","floor":1},{"not_picked":["Streamline","Compile Driver"],"picked":"Melter","floor":2},{"not_picked":["Rebound","Cold Snap"],"picked":"Rainbow","floor":6},{"not_picked":["Rebound","Steam Power","Conserve Battery"],"picked":"SKIP","floor":8},{"not_picked":["Ball Lightning","Cold Snap","Sweeping Beam"],"picked":"SKIP","floor":11},{"not_picked":["Stack","Leap","Cold Snap"],"picked":"SKIP","floor":15},{"not_picked":["Biased Cognition","Echo Form"],"picked":"Creative AI","floor":17},{"not_picked":["Hologram+1","Hello World"],"picked":"Redo+1","floor":19},{"not_picked":["Stack+1","Undo","Gash+1"],"picked":"SKIP","floor":20},{"not_picked":["Hologram","Stack"],"picked":"Darkness","floor":22}],"player_experience":14221,"relics_obtained":[{"floor":6,"key":"Blood Vial"},{"floor":9,"key":"Ancient Tea Set"}],"event_choices":[{"damage_healed":0,"gold_gain":75,"player_choice":"Gather Gold","damage_taken":11,"max_hp_gain":0,"max_hp_loss":0,"event_name":"World of Goop","floor":3,"gold_loss":0},{"damage_healed":0,"gold_gain":0,"player_choice":"Grow","damage_taken":0,"max_hp_gain":0,"max_hp_loss":0,"event_name":"Living Wall","floor":5,"gold_loss":0,"cards_upgraded":["Buffer"]},{"damage_healed":0,"gold_gain":0,"player_choice":"Ignored","damage_taken":0,"max_hp_gain":0,"max_hp_loss":0,"event_name":"Liars Game","floor":12,"gold_loss":0},{"damage_healed":0,"gold_gain":0,"player_choice":"Got Potions","damage_taken":0,"max_hp_gain":0,"max_hp_loss":0,"event_name":"Lab","floor":21,"gold_loss":0},{"damage_healed":0,"gold_gain":0,"player_choice":"Became a vampire (Vial)","damage_taken":0,"max_hp_gain":0,"max_hp_loss":0,"event_name":"Vampires","floor":23,"relics_lost":["Blood Vial"],"gold_loss":0,"cards_obtained":["Bite","Bite","Bite","Bite","Bite"]}],"is_beta":false,"boss_relics":[{"not_picked":["SacredBark","Empty Cage"],"picked":"Black Star"}],"items_purged_floors":[],"is_endless":false,"potions_floor_spawned":[8,15,19,22],"killed_by":"Book of Stabbing","ascension_level":0}}