{"host":"uiaocagxbjlinul0","time":1611115672,"event":{"mods":["100% Spire Juice","Act Like it!","Arknights The Spire","BaseMod","Better Match","Block Reminder","CapriCore","ChefMod","Downfall","GifTheSpireLib","Hallownest","Hermit","Minty Spire (QoL Compilation)","Quick Restart","StSLib","Stuff the Spire","The Animator","The Bug Knight","The Marked","The Runesmith","The Spell Scribe","TheSwordswoman","Wandering Minibosses"],"gold_per_floor":[109,34,34,34,53,53,72,87,113,133,133,133,161,172,172,274,274,284,284,105,30,48,48,83,83,133,133,91,49,49,60,60,157,157,171,0,0,20,20,51,51,51,51],"floor_reached":42,"language":"ENG","playtime":2437,"items_purged":["ats:Strike S","ats:Strike G"],"score":496,"play_id":"48895610-e973-4540-8382-385d5b9d917b","local_time":"20210119200752","is_ascension_mode":false,"campfire_choices":[{"data":"StuffTheSpire:Innocence","floor":6.0,"key":"SMITH"},{"data":"ats:Hammer On","floor":11.0,"key":"SMITH"},{"data":"ats:Shell Defense","floor":15.0,"key":"SMITH"},{"data":"ats:Part Time Job","floor":23.0,"key":"SMITH"},{"data":"ats:Roar Of Ursus","floor":27.0,"key":"SMITH"},{"data":"ats:Mental Burst","floor":32.0,"key":"SMITH"},{"data":"ats:Dogmatic Field","floor":41,"key":"SMITH"}],"circlet_count":0,"master_deck":["ats:Strike C","ats:Armor Crushing Shot","ats:Defend","ats:Defend","ats:Defend","ats:Defend","ats:Emotion Absorption","ats:Mental Burst+1","StuffTheSpire:Innocence+1","ats:Flame Of Heaven","ats:Burning Ground+1","ats:Hammer On+1","ats:Ignite","ats:Mental Burst","ats:Shell Defense+1","ats:Nebulous Foxfire","ats:Leaping Hammer+1","ats:Part Time Job+1","StuffTheSpire:Harmony","ats:Roar Of Ursus+1","ats:Charging Defense","ats:Shell Defense+1","ats:Disruption Kick","ats:Healing Strengthening+1","ats:Very Hot Blade","Panacea","ats:Dogmatic Field+1"],"relics":["ats:Sanity","Bronze Scales","ats:Originium","ats:Ability Aura","Sozu","MealTicket","ats:Berate","bronze:MakeshiftBattery","Red Mask","ats:Rhine Circuitry"],"acts_visited":["Exordium","TheCity","TheBeyond"],"potions_floor_usage":[],"damage_taken":[{"damage":9.0,"enemies":"Jaw Worm","floor":1.0,"turns":5.0},{"damage":0.0,"enemies":"Small Slimes","floor":5.0,"turns":4.0},{"damage":0.0,"enemies":"2 Louse","floor":7.0,"turns":2.0},{"damage":0.0,"enemies":"Blue Slaver","floor":8.0,"turns":3.0},{"damage":13.0,"enemies":"3 Louse","floor":10.0,"turns":2.0},{"damage":14.0,"enemies":"Gremlin Nob","floor":13.0,"turns":2.0},{"damage":0.0,"enemies":"Exordium Wildlife","floor":14.0,"turns":2.0},{"damage":0.0,"enemies":"Slime Boss","floor":16.0,"turns":5.0},{"damage":4.0,"enemies":"2 Thieves","floor":18.0,"turns":3.0},{"damage":5.0,"enemies":"Chosen","floor":22.0,"turns":3.0},{"damage":29.0,"enemies":"Slavers","floor":24.0,"turns":4.0},{"damage":9.0,"enemies":"Shelled Parasite and Fungi","floor":28.0,"turns":6.0},{"damage":42.0,"enemies":"Chosen and Byrds","floor":29.0,"turns":7.0},{"damage":6.0,"enemies":"Snecko","floor":31.0,"turns":4.0},{"damage":80.0,"enemies":"Champ","floor":33.0,"turns":15.0},{"damage":28,"enemies":"3 Darklings","floor":35,"turns":6},{"damage":2,"enemies":"3 Darklings","floor":37,"turns":3},{"damage":21,"enemies":"Orb Walker","floor":38,"turns":3},{"damage":94,"enemies":"Nemesis","floor":40,"turns":8},{"damage":64,"enemies":"Reptomancer","floor":42,"turns":3}],"seed_played":"4217872604745484063","potions_obtained":[{"floor":5.0,"key":"Explosive Potion"},{"floor":7.0,"key":"Regen Potion"},{"floor":13.0,"key":"Energy Potion"}],"is_trial":false,"path_per_floor":["M","$","?","?","M","R","M","M","T","M","R","?","E","M","R","B",null,"M","?","$","?","M","R","E","?","T","R","M","M","?","M","R","B",null,"M","?","?","M","?","E","R","E"],"character_chosen":"DOCTOR_CLASS","items_purchased":["ats:Part Time Job"],"campfire_rested":0,"item_purchase_floors":[20],"current_hp_per_floor":[70,70,63,63,63,63,63,63,63,50,50,50,45,45,45,47,79,79,79,79,79,75,75,61,61,61,61,67,45,45,60,60,41,79,64,64,69,55,55,20,20,0,0],"gold":51,"neow_bonus":"TEN_PERCENT_HP_BONUS","is_daily":false,"chose_seed":false,"campfire_upgraded":7,"win_rate":0.0,"timestamp":1611115672,"path_taken":["M","$","?","?","M","R","M","M","T","M","R","?","E","M","R","BOSS","M","?","$","?","M","R","E","?","T","R","M","M","?","M","R","BOSS","M","?","?","M","?","E","R","E"],"items_purchased_type":["Card"],"build_version":"2020-12-22","purchased_purges":2,"victory":false,"max_hp_per_floor":[79,79,79,79,79,79,79,79,79,79,79,79,79,79,79,79,79,79,79,79,79,79,79,79,79,79,79,79,79,79,79,79,79,79,79,79,79,79,79,79,79,79,79],"card_choices":[{"not_picked":["ats:Leaping Hammer","ats:Beaten Up"],"picked":"ats:Mental Burst","floor":1.0},{"not_picked":["ats:Powerful Strike","ats:Thermite Blade"],"picked":"ats:Flame Of Heaven","floor":5.0},{"not_picked":["ats:Consecutive Shot Auto","ats:Demon Strength"],"picked":"ats:Burning Ground","floor":7.0},{"not_picked":["ats:Consecutive Shot Auto","ats:Song Of Battle"],"picked":"ats:Hammer On","floor":8.0},{"not_picked":["ats:Steam Pump","ats:Explosion Area Strengthen"],"picked":"ats:Ignite","floor":10.0},{"not_picked":["ats:Closed Bolt Burst Fire","ats:Very Hot Blade"],"picked":"ats:Mental Burst","floor":13.0},{"not_picked":["ats:Blood Oath","ats:Childhood Dance"],"picked":"ats:Shell Defense","floor":14.0},{"not_picked":["ats:Dogmatic Field","ats:Rat Pack"],"picked":"ats:Nebulous Foxfire","floor":16.0},{"not_picked":["ats:Hammer On+1","ats:Childhood Dance+1"],"picked":"ats:Leaping Hammer+1","floor":18.0},{"not_picked":["ats:Powerful Strike","ats:Childhood Dance","ats:Spore Proliferation"],"picked":"SKIP","floor":22.0},{"not_picked":["ats:Powerful Strike","ats:Childhood Dance","ats:Spore Proliferation"],"picked":"SKIP","floor":22.0},{"not_picked":["ats:Ignite","ats:Automatic Cover"],"picked":"ats:Roar Of Ursus","floor":24.0},{"not_picked":["ats:Directed Diagnosis+1","ats:Explosion Area Strengthen"],"picked":"ats:Charging Defense","floor":28.0},{"not_picked":["ats:Leaping Hammer+1","ats:Collapsing Strike"],"picked":"ats:Shell Defense+1","floor":29.0},{"not_picked":["ats:Closed Bolt Burst Fire+1","ats:Childhood Dance+1","ats:Flexible Camouflage"],"picked":"SKIP","floor":31.0},{"not_picked":["ats:True Silver Slash","ats:Fractured Body"],"picked":"ats:Disruption Kick","floor":33.0},{"not_picked":["ats:Shell Defense","ats:Consecutive Shot Auto"],"picked":"ats:Healing Strengthening+1","floor":35},{"not_picked":["ats:Rapid Magazine","ats:Shell Defense+1"],"picked":"ats:Very Hot Blade","floor":38},{"not_picked":["Swift Strike","Purity"],"picked":"Panacea","floor":39},{"not_picked":["ats:Poison Spread","ats:Spore Proliferation"],"picked":"ats:Dogmatic Field","floor":40}],"player_experience":168356,"relics_obtained":[{"floor":9.0,"key":"Bronze Scales"},{"floor":13.0,"key":"ats:Originium"},{"floor":13.0,"key":"ats:Ability Aura"},{"floor":24.0,"key":"ats:Originium"},{"floor":24.0,"key":"MealTicket"},{"floor":26.0,"key":"ats:Berate"},{"floor":40,"key":"ats:Originium"},{"floor":40,"key":"ats:Rhine Circuitry"}],"event_choices":[{"damage_healed":0.0,"max_hp_gain":0.0,"max_hp_loss":0.0,"gold_gain":0.0,"event_name":"Liars Game","player_choice":"Ignored","floor":4.0,"gold_loss":0.0,"damage_taken":0.0},{"damage_healed":0.0,"max_hp_gain":0.0,"max_hp_loss":0.0,"gold_gain":0.0,"event_name":"Living Wall","player_choice":"Grow","floor":12.0,"gold_loss":0.0,"damage_taken":0.0,"cards_upgraded":["ats:Burning Ground"]},{"damage_healed":0.0,"max_hp_gain":0.0,"max_hp_loss":0.0,"gold_gain":0.0,"event_name":"Ghosts","player_choice":"Ignored","floor":30.0,"gold_loss":0.0,"damage_taken":0.0},{"damage_healed":0,"gold_gain":0,"player_choice":"Paid","damage_taken":0,"relics_obtained":["Red Mask"],"max_hp_gain":0,"max_hp_loss":0,"event_name":"Tomb of Lord Red Mask","floor":36,"gold_loss":171},{"damage_healed":0,"gold_gain":0,"player_choice":"Memory 1","damage_taken":0,"max_hp_gain":0,"max_hp_loss":0,"event_name":"SensoryStone","floor":39,"gold_loss":0}],"is_beta":false,"boss_relics":[{"not_picked":["Philosopher\u0027s Stone","StuffTheSpire:RunicConfusion"],"picked":"Sozu"},{"not_picked":["Cursed Key","Velvet Choker"],"picked":"bronze:MakeshiftBattery"}],"items_purged_floors":[2,20],"is_endless":false,"potions_floor_spawned":[5,7,13,22,31,33,37,38],"killed_by":"Reptomancer","ascension_level":0}}