{"host":"1ecbliur7lfoj0sl","time":1611136442,"event":{"mods":["BaseMod","Downfall","Minty Spire (QoL Compilation)","StSLib","The Senshi","Waifu the Spire"],"gold_per_floor":[99,113,113,128,138,48,48,48,48,77,77,88,106,91,110,110,110,110],"floor_reached":16,"language":"ZHS","playtime":579,"items_purged":["Guardian:Strike_Guardian"],"score":107,"play_id":"f9cc36da-7319-44f6-9d9f-11e8609e94d2","local_time":"20210120175402","is_ascension_mode":true,"campfire_choices":[{"data":"Guardian:HyperBeam_Guardian","floor":1,"key":"SMITH"},{"data":"Guardian:SentryBeam","floor":8,"key":"SMITH"},{"data":"Guardian:TemporalShield","floor":11,"key":"SMITH"}],"circlet_count":0,"master_deck":["Guardian:Strike_Guardian","Guardian:Strike_Guardian","Guardian:Defend_Guardian","Guardian:Defend_Guardian","Guardian:Defend_Guardian","Guardian:Defend_Guardian","Guardian:CurlUp","Guardian:TwinSlam","Guardian:HyperBeam_Guardian+1","Guardian:SentryBeam+1","Guardian:TimeBomb","Guardian:TemporalShield+1","Guardian:Planning","Guardian:Gem_Yellow"],"relics":["Guardian:ModeShifter","Lantern","Sundial"],"acts_visited":["Exordium"],"potions_floor_usage":[],"damage_taken":[{"damage":0,"enemies":"2 Louse","floor":2,"turns":1},{"damage":0,"enemies":"Cultist","floor":4,"turns":2},{"damage":0,"enemies":"Small Slimes","floor":5,"turns":1},{"damage":0,"enemies":"downfall:FleeingMerchant","floor":6,"turns":4},{"damage":18,"enemies":"Gremlin Nob","floor":10,"turns":4},{"damage":0,"enemies":"Red Slaver","floor":12,"turns":3},{"damage":0,"enemies":"Lots of Slimes","floor":13,"turns":5},{"damage":15,"enemies":"downfall:FleeingMerchant","floor":14,"turns":4},{"damage":6,"enemies":"Exordium Wildlife","floor":15,"turns":2},{"damage":43,"enemies":"SI_SHIV_ARCHETYPE","floor":16,"turns":7}],"seed_played":"5376537190018377206","potions_obtained":[{"floor":4,"key":"Fire Potion"},{"floor":15,"key":"Energy Potion"}],"is_trial":false,"path_per_floor":["R","M","?","M","M","$","T","R","?","E","R","M","M","$","M","B"],"character_chosen":"GUARDIAN","items_purchased":[],"campfire_rested":0,"item_purchase_floors":[],"current_hp_per_floor":[80,80,80,80,80,80,80,80,80,62,62,62,62,47,41,0,0,0],"gold":110,"neow_bonus":"ONE_RANDOM_RARE_CARD","is_daily":false,"chose_seed":false,"campfire_upgraded":3,"win_rate":0.0,"timestamp":1611136442,"path_taken":["R","M","?","M","M","?","T","R","?","E","R","?","M","?","M","BOSS"],"items_purchased_type":[],"build_version":"2020-12-22","purchased_purges":1,"victory":false,"max_hp_per_floor":[80,80,80,80,80,80,80,80,80,80,80,80,80,80,80,80,80,80],"card_choices":[{"not_picked":["Guardian:TemporalStrike","Guardian:CrystalBeam"],"picked":"Guardian:SentryBeam","floor":2},{"not_picked":["Guardian:Suspension","Guardian:SpikerProtocol"],"picked":"Guardian:TemporalShield","floor":4},{"not_picked":["Guardian:Reroute","Guardian:ShieldCharger"],"picked":"Guardian:Gem_Red","floor":5},{"not_picked":["Guardian:BodySlam","Guardian:Gem_Green","Guardian:Harden"],"picked":"SKIP","floor":6},{"not_picked":["Guardian:WalkerClaw","Guardian:CrystalBeam","Guardian:PiercingHide"],"picked":"SKIP","floor":10},{"not_picked":["Guardian:RefractedBeam","Guardian:Gem_Red"],"picked":"Guardian:Planning","floor":12},{"not_picked":["Guardian:TimeBomb","Guardian:Suspension","Guardian:CrystalBeam"],"picked":"SKIP","floor":13},{"not_picked":["Guardian:TemporalShield","Guardian:WalkerClaw","Guardian:CrystalBeam"],"picked":"SKIP","floor":14},{"not_picked":["Guardian:PrismaticBarrier","Guardian:WalkerClaw"],"picked":"Guardian:Gem_Yellow","floor":15}],"player_experience":74754,"relics_obtained":[{"floor":7,"key":"Lantern"},{"floor":10,"key":"Sundial"}],"event_choices":[],"is_beta":false,"boss_relics":[],"items_purged_floors":[6],"is_endless":false,"potions_floor_spawned":[4,15],"killed_by":"SI_SHIV_ARCHETYPE","ascension_level":1}}