{"host":"vc42n08di9czm3e7","time":1611114002,"event":{"mods":["AchievementEnabler","Act Like it!","BaseMod","Colored Powertips","Downfall","Friendly Minions","GifTheSpireLib","Minty Spire (QoL Compilation)","Quick Restart","Rare Cards Sparkle","StSLib"],"gold_per_floor":[118,136,152,170,190,190,215,215,239,252,272,307,322,25,25,127,127,147,43,58,74,94,94,108,108,156,170,170,185,201,201,201,297,297,307,139,154,154,167,167,198,198,249,249,268,282,282,35,35,35,35],"floor_reached":50,"language":"ENG","playtime":2234,"items_purged":["Strike_B","Defend_B","Defend_B"],"score":517,"play_id":"e9ba4b6f-3fc7-4162-ac85-5f6ea1872a21","local_time":"20210119224002","is_ascension_mode":false,"campfire_choices":[{"data":"Coolheaded","floor":6,"key":"SMITH"},{"data":"Electrodynamics","floor":8,"key":"SMITH"},{"data":"Storm","floor":15,"key":"SMITH"},{"data":"Loop","floor":23,"key":"SMITH"},{"data":"Buffer","floor":25,"key":"SMITH"},{"data":"Capacitor","floor":28,"key":"SMITH"},{"data":"Steam Power","floor":32,"key":"SMITH"},{"data":"Defragment","floor":40,"key":"SMITH"},{"data":"Rainbow","floor":44,"key":"SMITH"},{"data":"Auto Shields","floor":49,"key":"SMITH"}],"circlet_count":0,"master_deck":["Defend_B","Defend_B","Zap","Dualcast","Auto Shields+1","Cold Snap","Coolheaded+1","FTL","Steam Power+1","Electrodynamics+1","Storm+1","Go for the Eyes","Capacitor+1","FTL","Darkness","Buffer+1","Stack","Leap","Melter","Self Repair","Skim+1","Loop+1","Steam+1","Glacier+1","Core Surge","Slimebound:Tackle+1","Slimebound:Tackle+1","Rainbow+1","Blizzard+1","Defragment+1","Self Repair+1","Leap","Reinforced Body+1","Double Energy+1","Stack","Purity","Heatsinks"],"relics":["Cracked Core","NeowsBlessing","Juzu Bracelet","Blood Vial","PreservedInsect","ClockworkSouvenir","Coffee Dripper","Oddly Smooth Stone","Nuclear Battery","Anchor","Pen Nib"],"acts_visited":["Exordium","TheCity","TheBeyond"],"potions_floor_usage":[12,33,37,50],"damage_taken":[{"damage":0,"enemies":"Jaw Worm","floor":1,"turns":1},{"damage":0,"enemies":"Cultist","floor":2,"turns":1},{"damage":0,"enemies":"Small Slimes","floor":3,"turns":1},{"damage":0,"enemies":"Exordium Thugs","floor":4,"turns":4},{"damage":5,"enemies":"2 Fungi Beasts","floor":5,"turns":4},{"damage":15,"enemies":"Lagavulin","floor":7,"turns":8},{"damage":14,"enemies":"3 Louse","floor":10,"turns":3},{"damage":0,"enemies":"Looter","floor":11,"turns":3},{"damage":18,"enemies":"3 Sentries","floor":12,"turns":5},{"damage":0,"enemies":"Exordium Wildlife","floor":13,"turns":3},{"damage":12,"enemies":"Hexaghost","floor":16,"turns":12},{"damage":11,"enemies":"3 Byrds","floor":18,"turns":3},{"damage":0,"enemies":"Spheric Guardian","floor":20,"turns":3},{"damage":21,"enemies":"Shelled Parasite and Fungi","floor":21,"turns":6},{"damage":9,"enemies":"Centurion and Healer","floor":22,"turns":3},{"damage":27,"enemies":"Cultist and Chosen","floor":24,"turns":5},{"damage":0,"enemies":"3 Cultists","floor":27,"turns":2},{"damage":11,"enemies":"Centurion and Healer","floor":29,"turns":3},{"damage":2,"enemies":"Shelled Parasite and Fungi","floor":30,"turns":5},{"damage":14,"enemies":"Champ","floor":33,"turns":14},{"damage":0,"enemies":"Orb Walker","floor":35,"turns":4},{"damage":3,"enemies":"3 Shapes","floor":37,"turns":3},{"damage":0,"enemies":"Spire Growth","floor":39,"turns":5},{"damage":34,"enemies":"Nemesis","floor":41,"turns":5},{"damage":0,"enemies":"3 Darklings","floor":45,"turns":5},{"damage":0,"enemies":"Jaw Worm Horde","floor":46,"turns":2},{"damage":82,"enemies":"Awakened One","floor":50,"turns":6}],"seed_played":"-8042471047550252387","potions_obtained":[{"floor":3,"key":"Dexterity Potion"},{"floor":4,"key":"Swift Potion"},{"floor":5,"key":"Strength Potion"},{"floor":21,"key":"Explosive Potion"},{"floor":35,"key":"Dexterity Potion"},{"floor":39,"key":"EssenceOfSteel"}],"is_trial":false,"path_per_floor":["M","M","M","M","M","R","E","R","T","M","M","E","M","$","R","B",null,"M","$","M","M","M","R","M","R","T","M","R","M","M","?","R","B",null,"M","$","M","?","M","R","E","?","T","R","M","M","?","$","R","B"],"character_chosen":"DEFECT","items_purchased":["ClockworkSouvenir","Darkness","Leap","Melter","Defragment","Purity","Heatsinks"],"campfire_rested":0,"item_purchase_floors":[14,14,19,19,36,48,48],"current_hp_per_floor":[75,75,75,75,70,70,55,55,55,43,45,29,31,31,31,21,75,64,64,66,54,54,54,36,36,36,38,38,36,43,43,43,38,75,75,75,75,75,75,75,58,58,58,58,75,75,75,75,75,0,0],"gold":35,"neow_bonus":"THREE_ENEMY_KILL","is_daily":false,"chose_seed":false,"campfire_upgraded":10,"win_rate":0.0,"timestamp":1611114002,"path_taken":["M","M","M","M","M","R","E","R","T","M","M","E","M","$","R","BOSS","M","$","M","M","M","R","M","R","T","M","R","M","M","?","R","BOSS","M","$","M","?","M","R","E","?","T","R","M","M","?","?","R","BOSS"],"items_purchased_type":["Relic","Card","Card","Card","Card","Card","Card"],"build_version":"2020-12-22","purchased_purges":3,"victory":false,"max_hp_per_floor":[75,75,75,75,75,75,75,75,75,75,75,75,75,75,75,75,75,75,75,75,75,75,75,75,75,75,75,75,75,75,75,75,75,75,75,75,75,75,75,75,75,75,75,75,75,75,75,75,75,75,75],"card_choices":[{"not_picked":["Barrage","Consume"],"picked":"Auto Shields","floor":1},{"not_picked":["Rip and Tear","Ball Lightning"],"picked":"Cold Snap","floor":2},{"not_picked":["Beam Cell","Gash"],"picked":"Coolheaded","floor":3},{"not_picked":["Stack","Heatsinks"],"picked":"FTL","floor":4},{"not_picked":["Conserve Battery","Streamline"],"picked":"Steam Power","floor":5},{"not_picked":["Rebound","Doom and Gloom"],"picked":"Electrodynamics","floor":7},{"not_picked":["Leap","Hologram"],"picked":"Storm","floor":10},{"not_picked":["Sunder","Coolheaded"],"picked":"Go for the Eyes","floor":11},{"not_picked":["Loop","Hyperbeam"],"picked":"Capacitor","floor":12},{"not_picked":["Sunder","Compile Driver"],"picked":"FTL","floor":13},{"not_picked":["Amplify","Electrodynamics"],"picked":"Buffer","floor":16},{"not_picked":["Conserve Battery","Scrape+1"],"picked":"Stack","floor":18},{"not_picked":["Conserve Battery+1","Undo"],"picked":"Self Repair","floor":20},{"not_picked":["BootSequence","Capacitor+1"],"picked":"Skim+1","floor":21},{"not_picked":["Barrage","Streamline+1"],"picked":"Loop","floor":22},{"not_picked":["Compile Driver","Go for the Eyes+1"],"picked":"Steam+1","floor":24},{"not_picked":["White Noise","Conserve Battery"],"picked":"Glacier+1","floor":27},{"not_picked":["Glacier","Scrape","Leap+1"],"picked":"SKIP","floor":29},{"not_picked":["Steam","Tempest"],"picked":"Core Surge","floor":30},{"not_picked":["Electrodynamics","Hyperbeam"],"picked":"Rainbow","floor":33},{"not_picked":["Loop","Reprogram+1"],"picked":"Blizzard+1","floor":35},{"not_picked":["Ball Lightning","Sunder"],"picked":"Self Repair+1","floor":37},{"not_picked":["Darkness+1","Sweeping Beam+1"],"picked":"Leap","floor":39},{"not_picked":["Loop+1","Go for the Eyes+1"],"picked":"Reinforced Body+1","floor":41},{"not_picked":["Darkness","Reprogram+1"],"picked":"Double Energy+1","floor":45},{"not_picked":["Compile Driver","Ball Lightning"],"picked":"Stack","floor":46}],"player_experience":282772,"relics_obtained":[{"floor":7,"key":"Juzu Bracelet"},{"floor":9,"key":"Blood Vial"},{"floor":12,"key":"PreservedInsect"},{"floor":26,"key":"Oddly Smooth Stone"},{"floor":41,"key":"Anchor"},{"floor":43,"key":"Pen Nib"}],"event_choices":[{"damage_healed":0,"gold_gain":0,"player_choice":"Ignored","damage_taken":0,"max_hp_gain":0,"max_hp_loss":0,"event_name":"Tomb of Lord Red Mask","floor":38,"gold_loss":0},{"damage_healed":0,"gold_gain":0,"player_choice":"Got Potions","damage_taken":0,"max_hp_gain":0,"max_hp_loss":0,"event_name":"Lab","floor":42,"gold_loss":0},{"cards_removed":["Slimebound:Tackle"],"damage_healed":0,"gold_gain":0,"player_choice":"Offered Basic","damage_taken":0,"max_hp_gain":0,"max_hp_loss":0,"event_name":"Bonfire Elementals","floor":47,"gold_loss":0}],"is_beta":false,"boss_relics":[{"not_picked":["Calling Bell","SlaversCollar"],"picked":"Coffee Dripper"},{"not_picked":["Velvet Choker","Snecko Eye"],"picked":"Nuclear Battery"}],"items_purged_floors":[14,36,48],"is_endless":false,"potions_floor_spawned":[3,4,5,7,10,21,22,24,30,35,39,45],"killed_by":"Awakened One","ascension_level":0}}