{"host":"ndpbn7fqb3wjbd7p","time":1611115492,"event":{"mods":["AchievementEnabler","Act Like it!","AlwaysNeverKeys","BaseMod","Better Vampires","Block Reminder","Colored Powertips","DeckTracker","Defuse TimeMaze Blight","Friendly Minions","Hallownest","Hermit","Highlight Path","MarisaÅiñ∂âJÅ@ñÇóùçπÅj","Minty Spire (QoL Compilation)","Permanent Neow","Shade Mod","StSLib","SuperFastMode","Synergy Search","The Mystic","Unceasing Turn Reminder","Wandering Minibosses","egg"],"gold_per_floor":[367,379,394,159,176,176,176,176],"floor_reached":7,"language":"ENG","playtime":391,"items_purged":["Strike_G"],"score":84,"play_id":"e73d5fdd-4b5b-4cdd-8c29-d31fd613181a","local_time":"20210120050452","is_ascension_mode":true,"campfire_choices":[{"data":"Concentrate","floor":6,"key":"SMITH"}],"circlet_count":0,"master_deck":["AscendersBane","Strike_G","Strike_G","Strike_G","Strike_G","Defend_G","Defend_G","Defend_G","Defend_G","Defend_G","Survivor","Neutralize","Underhanded Strike","Heel Hook","Prepared","Concentrate+1","Expertise"],"relics":["Ring of the Snake"],"acts_visited":["Exordium"],"potions_floor_usage":[],"damage_taken":[{"damage":4,"enemies":"Jaw Worm","floor":1,"turns":5},{"damage":1,"enemies":"Cultist","floor":2,"turns":3},{"damage":1,"enemies":"2 Louse","floor":3,"turns":3},{"damage":30,"enemies":"Large Slime","floor":5,"turns":7},{"damage":36,"enemies":"Gremlin Nob","floor":7,"turns":3}],"seed_played":"-8257027875736462625","potions_obtained":[{"floor":1,"key":"SteroidPotion"}],"is_trial":false,"path_per_floor":["M","M","M","$","M","R","E"],"character_chosen":"THE_SILENT","items_purchased":["Concentrate","Expertise"],"campfire_rested":0,"item_purchase_floors":[4,4],"current_hp_per_floor":[55,54,53,53,23,23,0,0],"gold":176,"neow_bonus":"TWO_FIFTY_GOLD","is_daily":false,"chose_seed":false,"campfire_upgraded":1,"win_rate":0.0,"timestamp":1611115492,"path_taken":["M","M","M","$","M","R","E"],"items_purchased_type":["Card","Card"],"build_version":"2020-12-22","purchased_purges":1,"victory":false,"max_hp_per_floor":[60,60,60,60,60,60,60,60],"card_choices":[{"not_picked":["All Out Attack","PiercingWail"],"picked":"Underhanded Strike","floor":1},{"not_picked":["Sucker Punch","Dodge and Roll"],"picked":"Heel Hook","floor":2},{"not_picked":["Poisoned Stab","Backflip"],"picked":"Prepared","floor":3},{"not_picked":["Masterful Stab","Predator","Infinite Blades"],"picked":"SKIP","floor":5}],"player_experience":1157606,"relics_obtained":[],"event_choices":[],"is_beta":false,"boss_relics":[],"items_purged_floors":[4],"is_endless":false,"potions_floor_spawned":[1],"killed_by":"Gremlin Nob","ascension_level":19}}