{"host":"d7fiu2yjkssjxoz6","time":1611102322,"event":{"mods":["AchievementEnabler","BaseMod","Duelist Mod","GifTheSpireLib","Minty Spire (QoL Compilation)","StSLib"],"gold_per_floor":[140,158,168,168,17,46,62,89,116,151,151,165,199,199,199,303,303,320,419,20,40,57,57,83,83,83,111,111,125,141,141,141,141,141],"floor_reached":33,"language":"ENG","playtime":1568,"items_purged":[],"score":683,"play_id":"c075fc61-a6a4-4e2d-9509-d8abbd145726","local_time":"20210119162522","is_ascension_mode":true,"campfire_choices":[{"floor":15,"key":"REST"},{"data":"theDuelist:YellowBelliedOni","floor":23,"key":"SMITH"},{"floor":25,"key":"RECALL"},{"floor":32,"key":"REST"}],"circlet_count":0,"master_deck":["theDuelist:YellowBelliedOni+1","theDuelist:EarthquakeGiant","theDuelist:BlockMetronome","theDuelist:MillenniumGolem","theDuelist:UncommonAttackMetronome+1","theDuelist:AttackMetronome","theDuelist:Deskbot009+1","theDuelist:AttackMetronome","theDuelist:Nameless:War:MaskedDragon","theDuelist:DestroyerGolem","theDuelist:DestroyerGolem","theDuelist:TrapMetronome","theDuelist:MillenniumGolem","theDuelist:GraniteLoyalist","theDuelist:PsiCurse","theDuelist:SolemnStrike","theDuelist:AttackMetronome","theDuelist:AttackMetronome","CurseOfTheBell","theDuelist:GravityBlaster","theDuelist:MillenniumShield","theDuelist:BlockMetronome","theDuelist:EvilswarmHeliotrope","theDuelist:BigFire","theDuelist:SkillMetronome","theDuelist:SatelliteCannon+1","theDuelist:BlockMetronome","theDuelist:SummoningCurse","theDuelist:Metronome","theDuelist:WeepingIdol","theDuelist:PowerMetronome","theDuelist:EarthquakeGiant","theDuelist:Metronome","theDuelist:MillenniumGolem","theDuelist:BlockMetronome","theDuelist:MillenniumGolem","theDuelist:CurseArmaments","theDuelist:GraniteLoyalist","theDuelist:MagicalStone+1","theDuelist:DestructPotion+1"],"relics":["theDuelist:MillenniumPuzzle","theDuelist:CardPoolRelic","theDuelist:CardPoolBasicRelic","theDuelist:BoosterPackPoolRelic","theDuelist:CardPoolAddRelic","theDuelist:CardPoolMinusRelic","theDuelist:CardPoolSaveRelic","theDuelist:CardPoolOptionsRelic","theDuelist:NamelessPowerRelicB","Orichalcum","Regal Pillow","Boot","Whetstone","theDuelist:SummonAnchorRare","Juzu Bracelet","Calling Bell","Blood Vial","Mummified Hand","theDuelist:SpellMaxHPRelic","ClockworkSouvenir","theDuelist:BoosterPackSpellEgg","Bronze Scales"],"acts_visited":["Exordium","TheCity"],"potions_floor_usage":[13,29,31,31,33],"damage_taken":[{"damage":0,"enemies":"Cultist","floor":1,"turns":2},{"damage":0,"enemies":"2 Louse","floor":2,"turns":2},{"damage":0,"enemies":"Jaw Worm","floor":3,"turns":3},{"damage":10,"enemies":"Lagavulin","floor":6,"turns":6},{"damage":0,"enemies":"Looter","floor":7,"turns":1},{"damage":14,"enemies":"3 Sentries","floor":8,"turns":7},{"damage":0,"enemies":"Lagavulin","floor":10,"turns":5},{"damage":4,"enemies":"Red Slaver","floor":12,"turns":3},{"damage":0,"enemies":"Gremlin Nob","floor":13,"turns":4},{"damage":7,"enemies":"Slime Boss","floor":16,"turns":5},{"damage":0,"enemies":"Spheric Guardian","floor":18,"turns":3},{"damage":13,"enemies":"Shell Parasite","floor":21,"turns":5},{"damage":17,"enemies":"Snake Plant","floor":22,"turns":4},{"damage":10,"enemies":"theDuelist:KaibaA2","floor":24,"turns":8},{"damage":30,"enemies":"Gremlin Leader","floor":27,"turns":8},{"damage":0,"enemies":"Centurion and Healer","floor":29,"turns":6},{"damage":4,"enemies":"3 Cultists","floor":30,"turns":4},{"damage":22,"enemies":"Book of Stabbing","floor":31,"turns":3},{"damage":69,"enemies":"Automaton","floor":33,"turns":5}],"seed_played":"-4862676185310324355","potions_obtained":[{"floor":1,"key":"theDuelist:StunPotion"},{"floor":2,"key":"ColorlessPotion"},{"floor":10,"key":"Dexterity Potion"},{"floor":27,"key":"LiquidBronze"},{"floor":29,"key":"SmokeBomb"}],"is_trial":false,"path_per_floor":["M","M","M","?","$","E","M","E","T","E","?","M","E","?","R","B",null,"M","?","$","M","M","R","E","R","T","E","?","M","M","E","R","B"],"character_chosen":"THE_DUELIST","items_purchased":["theDuelist:SatelliteCannon","theDuelist:GravityBlaster","theDuelist:YellowBelliedOni","ClockworkSouvenir"],"campfire_rested":2,"item_purchase_floors":[5,20,20,20],"current_hp_per_floor":[80,80,80,80,80,70,70,56,56,56,53,49,49,49,84,77,82,84,84,85,72,62,62,54,54,54,26,38,41,39,19,63,0,0],"gold":141,"neow_bonus":"TEN_PERCENT_HP_BONUS","is_daily":false,"chose_seed":false,"campfire_upgraded":1,"win_rate":0.0,"timestamp":1611102322,"path_taken":["M","M","?","?","?","E","M","E","T","E","?","M","E","?","R","BOSS","M","?","$","M","M","R","E","R","T","E","?","M","M","E","R","BOSS"],"items_purchased_type":["Card","Card","Card","Relic"],"build_version":"2020-12-22","purchased_purges":0,"victory":false,"max_hp_per_floor":[88,88,88,84,84,84,84,84,84,84,84,84,84,84,84,84,84,84,84,85,85,85,85,85,85,85,85,97,98,98,98,98,98,98],"card_choices":[{"not_picked":["theDuelist:BattleOx","theDuelist:EvilswarmHeliotrope","theDuelist:GraniteLoyalist","theDuelist:GauntletWarrior"],"picked":"theDuelist:SolemnStrike","floor":1},{"not_picked":["theDuelist:GraniteLoyalist","theDuelist:HaneHane","theDuelist:MagicHoleGolem","theDuelist:RedHeadedOni"],"picked":"theDuelist:EarthquakeGiant","floor":2},{"not_picked":["theDuelist:ClearKuriboh","theDuelist:LabyrinthWall","theDuelist:MagicHoleGolem","theDuelist:DummyGolem"],"picked":"theDuelist:GraniteLoyalist","floor":3},{"not_picked":["theDuelist:FuryFire","theDuelist:MagicalStone","theDuelist:Wiseman","theDuelist:FeatherPho"],"picked":"theDuelist:WeepingIdol","floor":6},{"not_picked":["theDuelist:GauntletWarrior","theDuelist:BlackPendant","theDuelist:GemArmadillo","theDuelist:BattleguardKing"],"picked":"theDuelist:BigFire","floor":7},{"not_picked":["theDuelist:BattleguardKing","theDuelist:BattleOx","theDuelist:DestroyerGolem","theDuelist:Sangan"],"picked":"theDuelist:EvilswarmHeliotrope","floor":8},{"not_picked":["theDuelist:BattleguardKing","theDuelist:LabyrinthWall","theDuelist:TimeSeal","theDuelist:OneForOne"],"picked":"theDuelist:DestroyerGolem","floor":10},{"not_picked":["theDuelist:BattleOx","theDuelist:Wiretap","theDuelist:Wiseman","theDuelist:PurplePainOni"],"picked":"theDuelist:GraniteLoyalist","floor":12},{"not_picked":["theDuelist:WormApocalypse","theDuelist:MagicHoleGolem","theDuelist:RedMedicine","theDuelist:GemElephant"],"picked":"theDuelist:DestroyerGolem","floor":13},{"not_picked":["theDuelist:GaiaMidNightSun","theDuelist:RedHeadedOni","theDuelist:Raigeki","theDuelist:YellowBelliedOni"],"picked":"theDuelist:MillenniumShield","floor":16},{"not_picked":["theDuelist:BigFire+1","theDuelist:GauntletWarrior","theDuelist:BattleguardKing","theDuelist:GraniteLoyalist"],"picked":"theDuelist:MillenniumGolem","floor":18},{"not_picked":["theDuelist:BattleguardKing","theDuelist:BigFire","theDuelist:ClearKuriboh","theDuelist:DestroyerGolem+1"],"picked":"theDuelist:EarthquakeGiant","floor":21},{"not_picked":["theDuelist:BattleOx","theDuelist:EvilswarmHeliotrope","theDuelist:Sangan","theDuelist:ClearKuriboh"],"picked":"theDuelist:MillenniumGolem","floor":22},{"not_picked":["theDuelist:ClearKuriboh","theDuelist:FuryFire","theDuelist:ForbiddenLance","theDuelist:GraniteLoyalist"],"picked":"theDuelist:MillenniumGolem","floor":24},{"not_picked":["theDuelist:BattleOx","theDuelist:EvilswarmHeliotrope+1","theDuelist:Sangan","theDuelist:WormKing"],"picked":"theDuelist:MillenniumGolem","floor":27},{"not_picked":["theDuelist:GaiaMidNightSun","theDuelist:ScrapFactory+1","theDuelist:Sangan","theDuelist:HarpieFeather+1"],"picked":"theDuelist:MagicalStone+1","floor":29},{"not_picked":["theDuelist:EvilswarmHeliotrope","theDuelist:ClearKuriboh+1","theDuelist:DummyGolem","theDuelist:Wiseman+1"],"picked":"theDuelist:DestructPotion+1","floor":30}],"player_experience":239349,"relics_obtained":[{"floor":6,"key":"Orichalcum"},{"floor":8,"key":"Regal Pillow"},{"floor":9,"key":"Boot"},{"floor":10,"key":"Whetstone"},{"floor":13,"key":"Juzu Bracelet"},{"floor":17,"key":"Blood Vial"},{"floor":17,"key":"Mummified Hand"},{"floor":17,"key":"theDuelist:SpellMaxHPRelic"},{"floor":24,"key":"theDuelist:BoosterPackSpellEgg"},{"floor":27,"key":"Bronze Scales"}],"event_choices":[{"power_reward":3,"total_magic_score":48,"gold_gain":0,"duelist":true,"damage_taken":0,"relics_obtained":["theDuelist:NamelessPowerRelicB"],"points":7,"war_reward":4,"max_hp_gain":0,"max_hp_loss":4,"spent_points":{"magic":0,"greed":0,"war":4,"power":3,"hunger":0},"event_name":"Nameless Tomb","floor":4,"gold_loss":0,"cards_obtained":["theDuelist:Nameless:War:MaskedDragon"]},{"damage_healed":0,"gold_gain":0,"player_choice":"Success","damage_taken":3,"relics_obtained":["theDuelist:SummonAnchorRare"],"max_hp_gain":0,"max_hp_loss":0,"event_name":"Scrap Ooze","floor":11,"gold_loss":0},{"damage_healed":0,"gold_gain":0,"player_choice":"Leave","duelist":true,"damage_taken":0,"max_hp_gain":0,"max_hp_loss":0,"event_name":"Relic Duplicator","floor":14,"gold_loss":0},{"damage_healed":0,"gold_gain":99,"player_choice":"Stole From Cult","damage_taken":0,"max_hp_gain":0,"max_hp_loss":0,"event_name":"Nest","floor":19,"gold_loss":0},{"damage_healed":0,"gold_gain":0,"player_choice":"Break - +12 Max HP","duelist":true,"damage_taken":0,"max_hp_gain":0,"max_hp_loss":0,"event_name":"Tomb of the Nameless","floor":28,"gold_loss":0}],"is_beta":false,"boss_relics":[{"not_picked":["Astrolabe","Philosopher\u0027s Stone"],"picked":"Calling Bell"}],"items_purged_floors":[],"is_endless":false,"potions_floor_spawned":[1,2,10,12,27,29,31],"killed_by":"Automaton","ascension_level":9}}