{"host":"g2yp6paluzgljz05","time":1611113699,"event":{"mods":["BaseMod","Bestiary","Colored Powertips","DeckTracker","Highlight Path","Minty Spire (QoL Compilation)","Quick Restart"],"gold_per_floor":[112,62,72,72,72,105,105,133,179,196,262,312,323,353,353,456,456,471,76,93,143,193,193,212,262,262],"floor_reached":25,"language":"ENG","playtime":1372,"items_purged":["Strike_R"],"score":295,"play_id":"5d605fd1-9c3e-43cb-a8bb-05baef240610","local_time":"20210120143459","is_ascension_mode":true,"campfire_choices":[{"data":"Clothesline","floor":7,"key":"SMITH"},{"data":"Bash","floor":15,"key":"SMITH"},{"data":"Heavy Blade","floor":23,"key":"SMITH"}],"circlet_count":0,"master_deck":["Defend_R","Defend_R","Defend_R","Defend_R","Bash+1","Clothesline+1","Heavy Blade+1","Cleave","Cleave","Berserk","Warcry+1","Demon Form","Armaments+1"],"relics":["Burning Blood","NeowsBlessing","SsserpentHead","Orichalcum","PreservedInsect","Bag of Preparation","Toy Ornithopter","Empty Cage","Meat on the Bone"],"acts_visited":["Exordium","TheCity"],"potions_floor_usage":[16,24,25],"damage_taken":[{"damage":0,"enemies":"2 Louse","floor":1,"turns":1},{"damage":0,"enemies":"Small Slimes","floor":3,"turns":1},{"damage":0,"enemies":"Gremlin Nob","floor":6,"turns":1},{"damage":27,"enemies":"3 Sentries","floor":8,"turns":7},{"damage":0,"enemies":"Cultist","floor":10,"turns":3},{"damage":9,"enemies":"2 Fungi Beasts","floor":11,"turns":3},{"damage":6,"enemies":"3 Louse","floor":13,"turns":3},{"damage":18,"enemies":"Lagavulin","floor":14,"turns":4},{"damage":40,"enemies":"The Guardian","floor":16,"turns":10},{"damage":20,"enemies":"3 Byrds","floor":18,"turns":6},{"damage":17,"enemies":"Shell Parasite","floor":20,"turns":7},{"damage":23,"enemies":"Centurion and Healer","floor":24,"turns":6},{"damage":60,"enemies":"Cultist and Chosen","floor":25,"turns":8}],"seed_played":"5275967147252080641","potions_obtained":[{"floor":1,"key":"PowerPotion"},{"floor":8,"key":"ElixirPotion"},{"floor":11,"key":"FearPotion"},{"floor":16,"key":"AttackPotion"},{"floor":24,"key":"BlessingOfTheForge"}],"is_trial":false,"path_per_floor":["M","?","M","$","?","E","R","E","T","M","M","?","M","E","R","B",null,"M","$","M","?","?","R","M","M"],"character_chosen":"IRONCLAD","items_purchased":["Demon Form","Meat on the Bone"],"campfire_rested":0,"item_purchase_floors":[19,19],"current_hp_per_floor":[80,80,80,80,80,80,80,59,59,65,62,62,62,50,50,21,80,66,66,55,40,40,40,40,0,0],"gold":262,"neow_bonus":"THREE_ENEMY_KILL","is_daily":false,"chose_seed":false,"campfire_upgraded":3,"win_rate":0.0,"timestamp":1611113699,"path_taken":["M","?","M","$","?","E","R","E","T","M","?","?","M","E","R","BOSS","M","$","M","?","?","R","M","?"],"items_purchased_type":["Card","Relic"],"build_version":"2020-12-22","purchased_purges":1,"victory":false,"max_hp_per_floor":[80,80,80,80,80,80,80,80,80,80,80,80,80,80,80,80,80,80,80,80,85,85,85,85,85,85],"card_choices":[{"not_picked":["Second Wind","Clash"],"picked":"Clothesline","floor":1},{"not_picked":["Burning Pact","Twin Strike"],"picked":"Heavy Blade","floor":3},{"not_picked":["Evolve","Sword Boomerang"],"picked":"Cleave","floor":6},{"not_picked":["Thunderclap","Flame Barrier","Body Slam"],"picked":"SKIP","floor":8},{"not_picked":["Thunderclap","Armaments","Second Wind"],"picked":"SKIP","floor":10},{"not_picked":["Armaments","Sever Soul"],"picked":"Cleave","floor":11},{"not_picked":["Sword Boomerang","Bloodletting","Havoc"],"picked":"SKIP","floor":13},{"not_picked":["Sword Boomerang","Body Slam","Rampage"],"picked":"SKIP","floor":14},{"not_picked":["Fiend Fire","Limit Break"],"picked":"Berserk","floor":16},{"not_picked":["Sever Soul","Flex+1"],"picked":"Warcry+1","floor":18},{"not_picked":["Reckless Charge+1","Flex+1","Body Slam"],"picked":"SKIP","floor":20},{"not_picked":["Wild Strike","Hemokinesis"],"picked":"Armaments+1","floor":24}],"player_experience":229190,"relics_obtained":[{"floor":6,"key":"Orichalcum"},{"floor":8,"key":"PreservedInsect"},{"floor":9,"key":"Bag of Preparation"},{"floor":14,"key":"Toy Ornithopter"}],"event_choices":[{"cards_removed":["Strike_R"],"damage_healed":0,"gold_gain":0,"player_choice":"Card Removal","damage_taken":0,"max_hp_gain":0,"max_hp_loss":0,"event_name":"The Cleric","floor":2,"gold_loss":50},{"damage_healed":0,"gold_gain":0,"player_choice":"Trade","damage_taken":0,"relics_obtained":["SsserpentHead"],"max_hp_gain":0,"max_hp_loss":0,"event_name":"FaceTrader","floor":5,"gold_loss":0},{"damage_healed":0,"gold_gain":0,"player_choice":"Ignored","damage_taken":0,"max_hp_gain":0,"max_hp_loss":0,"event_name":"Golden Idol","floor":12,"gold_loss":0},{"damage_healed":0,"gold_gain":0,"player_choice":"Shed Blood","damage_taken":20,"max_hp_gain":5,"max_hp_loss":0,"event_name":"Forgotten Altar","floor":21,"gold_loss":0},{"cards_removed":["Strike_R"],"damage_healed":0,"gold_gain":0,"player_choice":"Purged","damage_taken":0,"max_hp_gain":0,"max_hp_loss":0,"event_name":"Purifier","floor":22,"gold_loss":0}],"is_beta":false,"boss_relics":[{"not_picked":["Black Star","SacredBark"],"picked":"Empty Cage"}],"items_purged_floors":[19],"is_endless":false,"potions_floor_spawned":[1,8,11,16,24],"killed_by":"Cultist and Chosen","ascension_level":4}}