{"host":"wogey4gsknv4ot2d","time":1611136116,"event":{"mods":["2.2 Compatiblity","AchievementEnabler","Act Like it!","Alarm Clock","BaseMod","Bestiary","Better Match","Better Third Choice","Colored Map","Colored Powertips","Googly Eyes","Key Reminder","Minty Spire (QoL Compilation)","Permanent Neow","Rare Cards Sparkle","Relic Stats","StSLib"],"gold_per_floor":[119,119,119,138,148,148,148,148],"floor_reached":7,"language":"ENG","playtime":148,"items_purged":[],"score":41,"play_id":"b1d18f5b-b033-4eba-8be8-49f6ccec3620","local_time":"20210120034836","is_ascension_mode":false,"campfire_choices":[{"floor":6,"key":"REST"}],"circlet_count":0,"master_deck":["Strike_P","Strike_P","Strike_P+1","Strike_P","Defend_P","Defend_P","Defend_P","Defend_P","Eruption","Vigilance","Swivel+1","White Noise+1","Reaper+1","EmptyFist","Protect"],"relics":["PureWater","NeowsBlessing","Centennial Puzzle","Happy Flower"],"acts_visited":["Exordium"],"potions_floor_usage":[7],"damage_taken":[{"damage":0,"enemies":"Jaw Worm","floor":1,"turns":1},{"damage":0,"enemies":"Small Slimes","floor":4,"turns":1},{"damage":0,"enemies":"2 Louse","floor":5,"turns":1},{"damage":41,"enemies":"Gremlin Nob","floor":7,"turns":3}],"seed_played":"2084815941778665638","potions_obtained":[{"floor":1,"key":"FearPotion"},{"floor":5,"key":"SteroidPotion"}],"is_trial":false,"path_per_floor":["M","?","?","M","M","R","E"],"character_chosen":"WATCHER","items_purchased":[],"campfire_rested":1,"item_purchase_floors":[],"current_hp_per_floor":[72,58,6,6,8,29,0,0],"gold":148,"neow_bonus":"THREE_ENEMY_KILL","is_daily":false,"chose_seed":false,"campfire_upgraded":0,"win_rate":0.0,"timestamp":1611136116,"path_taken":["M","?","?","M","M","R","E"],"items_purchased_type":[],"build_version":"2020-12-22","purchased_purges":0,"victory":false,"max_hp_per_floor":[72,72,72,72,72,72,72,72],"relic_stats":{"Centennial Puzzle":[3],"Happy Flower":[1],"counters":[4,6],"obtain_stats":[{"Centennial Puzzle":3,"NeowsBlessing":0,"Happy Flower":3,"PureWater":0},{"Centennial Puzzle":1,"NeowsBlessing":0,"Happy Flower":1,"PureWater":0},{"Centennial Puzzle":1,"NeowsBlessing":0,"Happy Flower":1,"PureWater":0}]},"card_choices":[{"not_picked":["SandsOfTime","LikeWater"],"picked":"Swivel","floor":1},{"not_picked":["Crescendo","Wallop"],"picked":"EmptyFist","floor":4},{"not_picked":["Study","Swivel"],"picked":"Protect","floor":5}],"player_experience":64568,"relics_obtained":[],"event_choices":[{"damage_healed":72,"gold_gain":0,"player_choice":"Upgrade","damage_taken":14,"max_hp_gain":0,"max_hp_loss":72,"event_name":"betterThird:BetterShining","floor":2,"gold_loss":0,"cards_upgraded":["Strike_P","Swivel"]}],"is_beta":false,"boss_relics":[],"items_purged_floors":[],"is_endless":false,"potions_floor_spawned":[1,5],"killed_by":"Gremlin Nob","ascension_level":0}}