{"host":"rjbqai8ni6dsiu37","time":1611152119,"event":{"mods":["100% Spire Juice","BaseMod","CapriCore","Lobotomy","Minty Spire (QoL Compilation)","StSLib","The Poker Player","WarShipGirlsR/??á´Ò³R mod"],"gold_per_floor":[119,19,19,34,46,46,74,74,101,12,12,12,41,53,65,173,65,92,29,0,31,53,99,111,134,225,237,249,281,323,335,347,456,228,259,271,283,295,353,400,412,434,493,505,44,54,68,86,86,86,86,86,0,33,33],"floor_reached":56,"language":"KOR","playtime":1790,"items_purged":["Moonworks:Strike+1"],"score":1615,"play_id":"590f8f2e-3c05-4671-bc2b-f4bf2f0cf88e","local_time":"20210120231519","is_ascension_mode":true,"campfire_choices":[{"data":"Moonworks:PlushieMaster","floor":6.0,"key":"SMITH"},{"data":"Moonworks:NicePresent","floor":8.0,"key":"SMITH"},{"data":"Moonworks:LongDistanceShot","floor":11.0,"key":"SMITH"},{"data":"Moonworks:EvilSpyWorkPreparation","floor":15.0,"key":"SMITH"},{"data":"Moonworks:Accelerator","floor":24.0,"key":"SMITH"},{"floor":28.0,"key":"RECALL"},{"data":"Moonworks:NicePresent","floor":32.0,"key":"SMITH"},{"data":"Moonworks:EvilSpyWorkPreparation","floor":41.0,"key":"SMITH"},{"data":"Moonworks:Dash","floor":44.0,"key":"SMITH"},{"data":"Moonworks:NicePresent","floor":49.0,"key":"SMITH"},{"data":"Moonworks:Dash","floor":52.0,"key":"SMITH"}],"circlet_count":0,"master_deck":["Moonworks:Strike+1","Moonworks:Strike+1","Moonworks:Defend","Moonworks:Defend","Moonworks:Defend","Moonworks:Defend+1","Moonworks:Ambush+1","Moonworks:LongDistanceShot+1","Moonworks:PlushieMaster+1","Moonworks:NicePresent+1","Moonworks:EvilSpyWorkPreparation+1","Moonworks:Accelerator+1","Moonworks:JonathanRush+1","Moonworks:Dash+1","Moonworks:NicePresent+1","Moonworks:Bloodlust","Moonworks:NicePresent+1","Moonworks:GoAway+1","Moonworks:NicePresent+1","Moonworks:JonathanRush+1","Moonworks:EvilSpyWorkPreparation+1","Moonworks:Dash+1","Moonworks:FullSpeedAlicianrone+1","Moonworks:JonathanRush+1","Moonworks:NicePresent+1","Moonworks:JonathanRush+1","Moonworks:NicePresent+1","Moonworks:RagingMadness","Moonworks:ScrambledEve+1"],"relics":["Moonworks:SBBomb","Moonworks:Homemark","Bronze Scales","Anchor","Whetstone","MawBank","Juzu Bracelet","Prayer Wheel","InkBottle","Potion Belt","Coffee Dripper","Omamori","Art of War","Nunchaku","HandDrill","Pantograph"],"acts_visited":["Exordium","TheCity","TheBeyond","TheEnding"],"potions_floor_usage":[55,55,55],"damage_taken":[{"damage":1.0,"enemies":"Cultist","floor":1.0,"turns":3.0},{"damage":2.0,"enemies":"Small Slimes","floor":2.0,"turns":3.0},{"damage":0.0,"enemies":"2 Louse","floor":4.0,"turns":3.0},{"damage":2.0,"enemies":"Blue Slaver","floor":5.0,"turns":3.0},{"damage":3.0,"enemies":"Lagavulin","floor":7.0,"turns":7.0},{"damage":16.0,"enemies":"Gremlin Nob","floor":10.0,"turns":3.0},{"damage":2.0,"enemies":"Lagavulin","floor":13.0,"turns":3.0},{"damage":0.0,"enemies":"Hexaghost","floor":16.0,"turns":8.0},{"damage":11.0,"enemies":"2 Thieves","floor":18.0,"turns":3.0},{"damage":2.0,"enemies":"Shell Parasite","floor":21.0,"turns":3.0},{"damage":4.0,"enemies":"Snake Plant","floor":22.0,"turns":2.0},{"damage":0.0,"enemies":"Gremlin Leader","floor":23.0,"turns":2.0},{"damage":0.0,"enemies":"Shelled Parasite and Fungi","floor":25.0,"turns":2.0},{"damage":9.0,"enemies":"Centurion and Healer","floor":29.0,"turns":3.0},{"damage":2.0,"enemies":"Slavers","floor":30.0,"turns":2.0},{"damage":6.0,"enemies":"Automaton","floor":33.0,"turns":4.0},{"damage":5.0,"enemies":"Orb Walker","floor":35.0,"turns":3.0},{"damage":5.0,"enemies":"Reptomancer","floor":40.0,"turns":3.0},{"damage":10.0,"enemies":"3 Shapes","floor":42.0,"turns":2.0},{"damage":4.0,"enemies":"3 Darklings","floor":46.0,"turns":2.0},{"damage":4.0,"enemies":"Jaw Worm Horde","floor":47.0,"turns":2.0},{"damage":0.0,"enemies":"Spire Growth","floor":48.0,"turns":2.0},{"damage":99.0,"enemies":"Time Eater","floor":50.0,"turns":8.0},{"damage":4.0,"enemies":"Shield and Spear","floor":54.0,"turns":2.0},{"damage":71,"enemies":"The Heart","floor":55,"turns":4}],"seed_played":"-609086595238720717","potions_obtained":[{"floor":1.0,"key":"DistilledChaos"},{"floor":2.0,"key":"SmokeBomb"},{"floor":5.0,"key":"Dexterity Potion"},{"floor":7.0,"key":"Strength Potion"},{"floor":22.0,"key":"AttackPotion"},{"floor":25.0,"key":"AttackPotion"},{"floor":29.0,"key":"Block Potion"},{"floor":30.0,"key":"GamblersBrew"},{"floor":40.0,"key":"Swift Potion"},{"floor":47.0,"key":"FairyPotion"},{"floor":48.0,"key":"Ancient Potion"},{"floor":54.0,"key":"Energy Potion"}],"is_trial":false,"path_per_floor":["M","M","?","M","M","R","E","R","T","E","R","?","E","?","R","B",null,"M","?","?","M","M","E","R","M","T","?","R","M","E","?","R","B",null,"M","?","?","?","T","E","R","M","T","R","$","M","M","M","R","B",null,"R","$","E","B",null],"character_chosen":"THE_STARBREAKER","items_purchased":["Nunchaku","HandDrill","EntropicBrew","Moonworks:RagingMadness","Energy Potion"],"campfire_rested":0,"item_purchase_floors":[45,45,45,53,53],"current_hp_per_floor":[59,57,57,57,55,55,52,52,52,36,36,24,22,15,15,15,60,49,49,49,47,43,43,43,43,43,43,43,34,44,34,34,42,65,65,65,65,62,62,62,62,54,54,54,54,62,62,62,62,2,62,62,62,62,5],"gold":33,"neow_bonus":"UPGRADE_CARD","is_daily":false,"chose_seed":false,"campfire_upgraded":10,"win_rate":0.0,"timestamp":1611152119,"path_taken":["M","?","?","M","?","R","E","R","T","E","R","?","E","?","R","BOSS","M","?","?","M","M","E","R","M","T","?","R","M","E","?","R","BOSS","M","?","?","?","?","E","R","M","T","R","$","M","M","M","R","BOSS","R","$","E","BOSS"],"items_purchased_type":["Relic","Relic","Potion","Card","Potion"],"build_version":"2020-12-22","purchased_purges":1,"victory":true,"max_hp_per_floor":[60,60,60,60,60,60,60,60,60,60,60,60,60,60,60,60,60,60,60,60,60,60,60,60,60,60,60,60,60,60,65,65,65,65,65,65,65,62,62,62,62,62,62,62,62,62,62,62,62,62,62,62,62,62,62],"card_choices":[{"not_picked":["Moonworks:IntelligenceOfficer","Moonworks:LulusLuckyEgg","Moonworks:IndiscriminateFireSupport"],"picked":"SKIP","floor":1.0},{"not_picked":["Moonworks:CloudOfSeagulls","Moonworks:ExtendedPhotonRifle"],"picked":"Moonworks:PlushieMaster","floor":2.0},{"not_picked":["Moonworks:LuckyCharm","Moonworks:SealedMemories","Moonworks:BigMagnum"],"picked":"SKIP","floor":4.0},{"not_picked":["Moonworks:Heat300Percent","Moonworks:BigMagnum"],"picked":"Moonworks:NicePresent","floor":5.0},{"not_picked":["Moonworks:SelfDestruct","Moonworks:TacticalRetreat","Moonworks:IndiscriminateFireSupport"],"picked":"SKIP","floor":7.0},{"not_picked":["Moonworks:BigMagnum","Moonworks:SakisCookie","Moonworks:TreasureThief"],"picked":"SKIP","floor":10.0},{"not_picked":["Moonworks:BigMagnum","Moonworks:SakisCookie","Moonworks:TreasureThief"],"picked":"SKIP","floor":10.0},{"not_picked":["Moonworks:BeyondHell","Moonworks:DevilHand"],"picked":"Moonworks:EvilSpyWorkPreparation","floor":13.0},{"not_picked":["Moonworks:Encore","Moonworks:ReflectiveShell"],"picked":"Moonworks:Accelerator","floor":16.0},{"not_picked":["Moonworks:LulusLuckyEgg","Moonworks:BigMagnum"],"picked":"Moonworks:JonathanRush+1","floor":18.0},{"not_picked":["Moonworks:ImOnFire","Moonworks:BindingChains","Moonworks:ExtendedPhotonRifle"],"picked":"SKIP","floor":21.0},{"not_picked":["Moonworks:SakisCookie","Moonworks:Poppoformation"],"picked":"Moonworks:Dash","floor":22.0},{"not_picked":["Moonworks:BindingChains+1","Moonworks:LulusLuckyEgg","Moonworks:UnpaidWork"],"picked":"SKIP","floor":23.0},{"not_picked":["Moonworks:IndiscriminateFireSupport","Moonworks:CompletionReward+1"],"picked":"Moonworks:NicePresent","floor":25.0},{"not_picked":["Moonworks:x16BigRocket","Moonworks:CloudOfSeagulls","Moonworks:SealedMemories"],"picked":"SKIP","floor":25.0},{"not_picked":["Moonworks:CastOff","Moonworks:LulusLuckyEgg"],"picked":"Moonworks:Bloodlust","floor":29.0},{"not_picked":["Moonworks:ImOnFire","Moonworks:TreasureThief"],"picked":"Moonworks:NicePresent+1","floor":29.0},{"not_picked":["Moonworks:SelfDestruct","Moonworks:Poppoformation","Moonworks:DeployBits"],"picked":"SKIP","floor":30.0},{"not_picked":["Moonworks:MetallicMonocoque","Moonworks:CrystalBarrier"],"picked":"Moonworks:GoAway","floor":33.0},{"not_picked":["Moonworks:ForcedRevival","Moonworks:SakisCookie+1"],"picked":"Moonworks:NicePresent+1","floor":35.0},{"not_picked":["Moonworks:UnpaidWork+1","Moonworks:BigBangBell"],"picked":"Moonworks:JonathanRush+1","floor":35.0},{"not_picked":["Moonworks:ForcedRevival","Moonworks:NicePresent"],"picked":"Moonworks:EvilSpyWorkPreparation","floor":40.0},{"not_picked":["Moonworks:NicePresent","Moonworks:CloudOfSeagulls+1"],"picked":"Moonworks:Dash","floor":42.0},{"not_picked":["Moonworks:Assault+1","Moonworks:ImOnFire+1","Moonworks:ForcedRevival+1"],"picked":"SKIP","floor":42.0},{"not_picked":["Moonworks:Assault+1","Moonworks:SakisCookie+1"],"picked":"Moonworks:FullSpeedAlicianrone+1","floor":46.0},{"not_picked":["Moonworks:MixPhenomenon","Moonworks:IntelligenceOfficer","Moonworks:ImOnFire+1"],"picked":"SKIP","floor":46.0},{"not_picked":["Moonworks:LulusLuckyEgg+1","Moonworks:Wanted"],"picked":"Moonworks:JonathanRush+1","floor":47.0},{"not_picked":["Moonworks:LulusLuckyEgg","Moonworks:EvilSpyWorkPreparation"],"picked":"Moonworks:NicePresent+1","floor":47.0},{"not_picked":["Moonworks:Assault+1","Moonworks:IndiscriminateFireSupport"],"picked":"Moonworks:JonathanRush+1","floor":48.0},{"not_picked":["Moonworks:IndiscriminateFireSupport","Moonworks:ScrambledEve+1"],"picked":"Moonworks:NicePresent","floor":48.0},{"not_picked":["Moonworks:ForcedRevival","Moonworks:LeapThroughSpace"],"picked":"Moonworks:ScrambledEve+1","floor":54.0}],"player_experience":187702,"relics_obtained":[{"floor":7.0,"key":"Bronze Scales"},{"floor":9.0,"key":"Anchor"},{"floor":10.0,"key":"Whetstone"},{"floor":13.0,"key":"MawBank"},{"floor":23.0,"key":"Prayer Wheel"},{"floor":26.0,"key":"InkBottle"},{"floor":30.0,"key":"Potion Belt"},{"floor":40.0,"key":"Omamori"},{"floor":43.0,"key":"Art of War"},{"floor":54.0,"key":"Pantograph"}],"event_choices":[{"damage_healed":0.0,"max_hp_gain":0.0,"max_hp_loss":0.0,"gold_gain":0.0,"event_name":"Transmorgrifier","player_choice":"Ignored","floor":3.0,"gold_loss":0.0,"damage_taken":0.0},{"damage_healed":0.0,"max_hp_gain":0.0,"max_hp_loss":0.0,"gold_gain":0.0,"event_name":"Shining Light","player_choice":"Entered Light","floor":12.0,"gold_loss":0.0,"damage_taken":12.0,"cards_upgraded":["Moonworks:Defend","Moonworks:Strike"]},{"damage_healed":0.0,"max_hp_gain":0.0,"max_hp_loss":0.0,"gold_gain":0.0,"event_name":"Scrap Ooze","player_choice":"Success","floor":14.0,"gold_loss":0.0,"damage_taken":7.0,"relics_obtained":["Juzu Bracelet"]},{"cards_removed":["Moonworks:Strike"],"damage_healed":0.0,"max_hp_gain":0.0,"max_hp_loss":0.0,"gold_gain":0.0,"event_name":"Beggar","player_choice":"Gave Gold","floor":19.0,"gold_loss":75.0,"damage_taken":0.0},{"damage_healed":0.0,"max_hp_gain":0.0,"max_hp_loss":0.0,"gold_gain":0.0,"event_name":"Masked Bandits","player_choice":"Paid Fearfully","floor":20.0,"gold_loss":41.0,"damage_taken":0.0},{"damage_healed":0.0,"max_hp_gain":0.0,"max_hp_loss":0.0,"gold_gain":0.0,"event_name":"Vampires","player_choice":"Ignored","floor":27.0,"gold_loss":0.0,"damage_taken":0.0},{"damage_healed":0.0,"max_hp_gain":5.0,"max_hp_loss":0.0,"gold_gain":0.0,"event_name":"Forgotten Altar","player_choice":"Shed Blood","floor":31.0,"gold_loss":0.0,"damage_taken":15.0},{"damage_healed":0.0,"max_hp_gain":0.0,"max_hp_loss":0.0,"gold_gain":0.0,"event_name":"Upgrade Shrine","player_choice":"Upgraded","floor":36.0,"gold_loss":0.0,"damage_taken":0.0,"cards_upgraded":["Moonworks:GoAway"]},{"damage_healed":0.0,"max_hp_gain":0.0,"max_hp_loss":0.0,"gold_gain":0.0,"event_name":"SensoryStone","player_choice":"Memory 1","floor":37.0,"gold_loss":0.0,"damage_taken":0.0},{"damage_healed":0.0,"max_hp_gain":0.0,"max_hp_loss":3.0,"gold_gain":0.0,"event_name":"Winding Halls","player_choice":"Max HP","floor":38.0,"gold_loss":0.0,"damage_taken":0.0}],"is_beta":false,"boss_relics":[{"not_picked":["Sozu","SacredBark"],"picked":"Moonworks:SBBomb"},{"not_picked":["Philosopher\u0027s Stone","Tiny House"],"picked":"Coffee Dripper"}],"items_purged_floors":[45],"is_endless":false,"potions_floor_spawned":[1,2,5,7,22,25,29,30,40,47,48,54],"ascension_level":4}}