{"host":"d61fcf2p3sjwe6yo","time":1611172226,"event":{"mods":["AchievementEnabler","BaseMod","Colored Map","Downfall","Minty Spire (QoL Compilation)","StSLib","SuperFastMode"],"gold_per_floor":[99,111,111,111,122,157,183,195,214,214,230,240,240,9,23,125,125,125,143,143,143,163,63,89,89,100,31,66,166,192,207,226,326,326,226,238,255,268,268,268,293,193,71,82,82,98,148,311,327,327,327,327,327,327],"floor_reached":52,"language":"ENG","playtime":3348,"items_purged":["downfall:Malfunctioning","Slimebound:Strike_Slimebound"],"score":1126,"play_id":"8b6b28f8-f9ea-4cb7-8ab8-a7eff3963afc","local_time":"20210120225026","is_ascension_mode":true,"campfire_choices":[{"data":"Slimebound:Split","floor":1,"key":"SMITH"},{"data":"Slimebound:LevelUp","floor":10,"key":"SMITH"},{"data":"Slimebound:Prepare","floor":13,"key":"SMITH"},{"floor":18,"key":"RECALL"},{"data":"Slimebound:SelfFormingGoo","floor":23,"key":"SMITH"},{"data":"Slimebound:CorrosiveSpit","floor":25,"key":"SMITH"},{"data":"Slimebound:LivingWall","floor":35,"key":"SMITH"},{"data":"Slimebound:FirmFortitude","floor":40,"key":"SMITH"},{"data":"Slimebound:GoopSpray","floor":42,"key":"SMITH"},{"data":"Slimebound:TongueLash","floor":45,"key":"SMITH"}],"circlet_count":0,"master_deck":["AscendersBane","Slimebound:Strike_Slimebound","Slimebound:Tackle+1","Slimebound:Defend_Slimebound","Slimebound:Defend_Slimebound+1","Slimebound:Defend_Slimebound","Slimebound:Defend_Slimebound","Slimebound:Split+1","Slimebound:CorrosiveSpit+1","Slimebound:ItLooksTasty+1","Slimebound:ItLooksTasty","Slimebound:FirmFortitude+1","Slimebound:LevelUp+1","Slimebound:GoopSpray+1","Slimebound:Prepare+1","Slimebound:SpikyOuterGoop","Slimebound:SplitAcid","Slimebound:SplitLeeching","Slimebound:SplitBruiser","Slimebound:SelfFormingGoo+1","Slimebound:SplitLeeching","Slimebound:LeechEnergy+1","Slimebound:SplitAcid","Slimebound:Prepare","Slimebound:SlimeSpikes+1","Slimebound:LivingWall+1","Slimebound:SplitSpecialist","Slimebound:LeechLife","Slimebound:Prepare","Slimebound:SplitLeeching+1","Slimebound:SplitSpecialist","Slimebound:TongueLash+1","Slimebound:SplitBruiser","Slimebound:SlimeBarrage","Slimebound:Repurpose+1","Slimebound:Prepare+1","expansioncontent:Chronoboost","Slimebound:SplitAcid"],"relics":["Slimebound:AbsorbEndCombat","Bag of Marbles","Blood Vial","Philosopher\u0027s Stone","Regal Pillow","downfall:HeartBlessingRed","Anchor","MealTicket","StoneCalendar","Ornamental Fan","Toy Ornithopter","Coffee Dripper","downfall:HeartBlessingGreen","downfall:HeartBlessingBlue","Gambling Chip"],"acts_visited":["Exordium","TheCity","TheBeyond","TheEnding"],"potions_floor_usage":[16,28,44],"damage_taken":[{"damage":4,"enemies":"2 Louse","floor":2,"turns":3},{"damage":0,"enemies":"Small Slimes","floor":5,"turns":3},{"damage":30,"enemies":"Lagavulin","floor":6,"turns":7},{"damage":7,"enemies":"Jaw Worm","floor":8,"turns":2},{"damage":36,"enemies":"Exordium Thugs","floor":9,"turns":4},{"damage":6,"enemies":"Large Slime","floor":11,"turns":5},{"damage":2,"enemies":"Red Slaver","floor":12,"turns":4},{"damage":0,"enemies":"downfall:FleeingMerchant","floor":14,"turns":4},{"damage":1,"enemies":"2 Fungi Beasts","floor":15,"turns":3},{"damage":39,"enemies":"IC_STATUS_ARCHETYPE","floor":16,"turns":9},{"damage":21,"enemies":"Spheric Guardian","floor":19,"turns":4},{"damage":10,"enemies":"Shell Parasite","floor":22,"turns":5},{"damage":7,"enemies":"Centurion and Healer","floor":26,"turns":5},{"damage":8,"enemies":"downfall:FleeingMerchant","floor":27,"turns":4},{"damage":17,"enemies":"Gremlin Leader","floor":28,"turns":6},{"damage":0,"enemies":"WA_ARCHETYPE_RETAIN","floor":29,"turns":6},{"damage":18,"enemies":"Book of Stabbing","floor":30,"turns":5},{"damage":6,"enemies":"Sentry and Sphere","floor":31,"turns":5},{"damage":0,"enemies":"3 Cultists","floor":32,"turns":5},{"damage":53,"enemies":"SI_MIRROR_ARCHETYPE","floor":33,"turns":12},{"damage":0,"enemies":"3 Shapes","floor":36,"turns":3},{"damage":38,"enemies":"3 Darklings","floor":37,"turns":5},{"damage":44,"enemies":"Sphere and 2 Shapes","floor":38,"turns":5},{"damage":0,"enemies":"downfall:FleeingMerchant","floor":43,"turns":4},{"damage":10,"enemies":"Transient","floor":44,"turns":5},{"damage":0,"enemies":"Spire Growth","floor":46,"turns":4},{"damage":0,"enemies":"Spire Growth","floor":47,"turns":4},{"damage":0,"enemies":"downfall:FleeingMerchant","floor":48,"turns":3},{"damage":9,"enemies":"Jaw Worm Horde","floor":49,"turns":5},{"damage":36,"enemies":"WA_ARCHETYPE_DIVINITY","floor":50,"turns":9},{"damage":109,"enemies":"downfall:CharBossMerchant","floor":52,"turns":5}],"seed_played":"2595727907062549192","potions_obtained":[{"floor":5,"key":"BlessingOfTheForge"},{"floor":6,"key":"FearPotion"},{"floor":19,"key":"Swift Potion"},{"floor":26,"key":"Explosive Potion"},{"floor":30,"key":"LiquidBronze"},{"floor":32,"key":"FairyPotion"},{"floor":36,"key":"AttackPotion"},{"floor":44,"key":"Slimebound:SlimedPotion"},{"floor":47,"key":"sneckomod:MuddlingPotion"}],"is_trial":false,"path_per_floor":["R","M","?","?","M","E","T","M","M","R","M","M","R","$","M","B",null,"R","M","?","T","M","R","T","R","M","$","E","?","E","M","M","B",null,"R","M","M","M","?","R","T","R","$","M","R","M","?","$","M","B",null,"E"],"character_chosen":"SLIMEBOUND","items_purchased":["Slimebound:SpikyOuterGoop","Slimebound:SplitAcid","Slimebound:SplitLeeching","Slimebound:Prepare","Slimebound:SplitSpecialist","Slimebound:TongueLash","expansioncontent:Chronoboost"],"campfire_rested":0,"item_purchase_floors":[14,14,14,27,43,43,48],"current_hp_per_floor":[65,65,70,70,76,48,48,47,21,21,25,29,29,39,46,17,61,61,42,42,42,40,40,40,40,43,43,36,46,36,36,44,13,60,60,70,42,24,86,86,86,96,96,94,94,96,96,96,87,95,96,0,0,0],"gold":327,"neow_bonus":"TEN_PERCENT_HP_BONUS","is_daily":false,"chose_seed":false,"campfire_upgraded":9,"win_rate":0.0,"timestamp":1611172226,"path_taken":["R","M","?","?","M","E","T","M","M","R","M","M","R","$","M","BOSS","R","M","?","?","M","R","T","R","M","$","E","?","E","M","M","BOSS","R","M","M","M","?","R","T","R","$","M","R","?","?","$","M","BOSS","E"],"items_purchased_type":["Card","Card","Card","Card","Card","Card","Card"],"build_version":"2020-12-22","purchased_purges":2,"victory":false,"max_hp_per_floor":[71,71,76,76,76,76,76,76,76,76,76,76,76,76,76,76,76,76,76,76,76,76,76,76,76,76,76,76,76,76,76,76,76,76,76,76,76,76,86,86,86,96,96,96,96,96,96,96,96,96,96,96,96,96],"card_choices":[{"not_picked":["Slimebound:RollThrough","Slimebound:DisruptingSlam"],"picked":"Slimebound:ItLooksTasty","floor":2},{"not_picked":["Slimebound:LeechingTouch","Slimebound:LeechEnergy"],"picked":"Slimebound:ItLooksTasty","floor":5},{"not_picked":["Slimebound:SplitMire","Slimebound:Schlurp"],"picked":"Slimebound:FirmFortitude","floor":6},{"not_picked":["Slimebound:SplitBruiser","Slimebound:SamplingLick"],"picked":"Slimebound:LevelUp","floor":8},{"not_picked":["Slimebound:FormOfPuddle","Slimebound:RainOfGoop","Slimebound:Grow"],"picked":"SKIP","floor":9},{"not_picked":["Slimebound:FormOfPuddle","Slimebound:SamplingLick"],"picked":"Slimebound:GoopSpray","floor":11},{"not_picked":["Slimebound:SlimeSpikes","Slimebound:Chomp"],"picked":"Slimebound:Prepare","floor":12},{"not_picked":["Slimebound:SlimeSpikes","Slimebound:Repurpose","Slimebound:SlimeSlap"],"picked":"SKIP","floor":14},{"not_picked":["Slimebound:GoopTackle","Slimebound:ItLooksTasty"],"picked":"Slimebound:SplitBruiser","floor":15},{"not_picked":["Slimebound:DuplicatedForm","Slimebound:MinionMaster"],"picked":"Slimebound:SelfFormingGoo","floor":16},{"not_picked":["Slimebound:RollThrough","Slimebound:FinishingTackle"],"picked":"Slimebound:SplitLeeching","floor":19},{"not_picked":["Slimebound:RejuvenatingLick","Slimebound:PressTheAttack+1","Slimebound:LeechingTouch"],"picked":"SKIP","floor":22},{"not_picked":["Slimebound:Grow+1","Slimebound:SlimeSpikes"],"picked":"Slimebound:LeechEnergy+1","floor":26},{"not_picked":["Slimebound:AcidTongue","Slimebound:PressTheAttack"],"picked":"Slimebound:SplitAcid","floor":27},{"not_picked":["Slimebound:ServeAndProtect","Slimebound:PressTheAttack"],"picked":"Slimebound:SlimeSpikes+1","floor":28},{"not_picked":["Slimebound:ItLooksTasty","Slimebound:PressTheAttack"],"picked":"Slimebound:LivingWall","floor":30},{"not_picked":["Slimebound:LivingWall+1","Slimebound:SplitMire"],"picked":"Slimebound:SplitSpecialist","floor":31},{"not_picked":["Slimebound:RejuvenatingLick","Slimebound:HungryTackle"],"picked":"Slimebound:LeechLife","floor":32},{"not_picked":["Slimebound:SlimeSlap","Slimebound:MassFeed"],"picked":"Slimebound:LeechLife","floor":33},{"not_picked":["Slimebound:RollThrough+1","Slimebound:LeechEnergy"],"picked":"Slimebound:Prepare","floor":36},{"not_picked":["Slimebound:GrowthPunch","Slimebound:ViciousTackle+1","Slimebound:FinishingTackle"],"picked":"SKIP","floor":37},{"not_picked":["Slimebound:FinishingTackle","Slimebound:GoopSpray+1"],"picked":"Slimebound:SplitLeeching+1","floor":38},{"not_picked":["Slimebound:SlimeSpikes","Slimebound:SamplingLick","Slimebound:Dissolve"],"picked":"SKIP","floor":43},{"not_picked":["Slimebound:Grow","Slimebound:AcidTongue+1"],"picked":"Slimebound:SplitBruiser","floor":44},{"not_picked":["Slimebound:DivideAndConquer+1","Slimebound:ComboTackle"],"picked":"Slimebound:SlimeBarrage","floor":46},{"not_picked":["Slimebound:GoopSpray+1","Slimebound:SlimeSpikes+1"],"picked":"Slimebound:Repurpose+1","floor":47},{"not_picked":["Slimebound:DivideAndConquer+1","Slimebound:DisruptingSlam+1"],"picked":"Slimebound:Prepare+1","floor":48},{"not_picked":["Slimebound:FinishingTackle","Slimebound:ProtectTheBoss+1"],"picked":"Slimebound:SplitAcid","floor":49}],"player_experience":629295,"relics_obtained":[{"floor":6,"key":"Bag of Marbles"},{"floor":7,"key":"Blood Vial"},{"floor":21,"key":"Regal Pillow"},{"floor":24,"key":"Anchor"},{"floor":28,"key":"MealTicket"},{"floor":29,"key":"StoneCalendar"},{"floor":29,"key":"Ornamental Fan"},{"floor":30,"key":"Toy Ornithopter"},{"floor":47,"key":"Gambling Chip"}],"event_choices":[{"damage_healed":0,"gold_gain":0,"player_choice":"Donut","damage_taken":0,"max_hp_gain":5,"max_hp_loss":0,"event_name":"Big Fish","floor":3,"gold_loss":0},{"cards_removed":["Slimebound:LeechLife"],"damage_healed":52,"gold_gain":0,"player_choice":"Offered Rare","damage_taken":0,"max_hp_gain":10,"max_hp_loss":0,"event_name":"Bonfire Elementals","floor":39,"gold_loss":0}],"is_beta":false,"boss_relics":[{"not_picked":["Pandora\u0027s Box","bronze:MakeshiftBattery"],"picked":"Philosopher\u0027s Stone"},{"not_picked":["expansioncontent:StudyCardRelic","Busted Crown"],"picked":"Coffee Dripper"}],"items_purged_floors":[14,48],"is_endless":false,"potions_floor_spawned":[5,6,8,11,19,26,30,32,33,36,44,47],"killed_by":"downfall:CharBossMerchant","ascension_level":11}}