{"host":"urvvf8749ekcxo1a","time":1611184693,"event":{"mods":["AchievementEnabler","BaseMod","Better Sensory Stone","BetterRewards","Colored Powertips","Evolution","Gold Saver","Marisa????????","Minty Spire (QoL Compilation)","Quick Restart","StSLib","SuperFastMode","The Cursed","The Hierophant","The Saiyan","The Servant 0.9.4","The Wild Card"],"gold_per_floor":[540,540,540,556,656,671,681,707,707,707,725,736,751,767,767,767,767],"floor_reached":16,"language":"ENG","playtime":833,"items_purged":[],"score":131,"play_id":"b07fdc7e-0d28-4d92-bff5-3f624af6b394","local_time":"20210120181813","is_ascension_mode":false,"campfire_choices":[{"floor":10.0,"key":"REST"},{"floor":15.0,"key":"REST"}],"circlet_count":0,"master_deck":["Saiyan:SAIYA_Strike","Saiyan:SAIYA_Strike","Saiyan:SAIYA_Strike","Saiyan:SAIYA_Strike","Saiyan:SAIYA_Defend","Saiyan:SAIYA_Defend","Saiyan:SAIYA_Defend","Saiyan:SAIYA_Defend","Saiyan:EnergyBlast","Saiyan:KaioKen","Saiyan:RuthlessBlow","Saiyan:PlotArmor","Saiyan:PlotArmor","Saiyan:KiExplosion","Saiyan:KiStrike","Saiyan:Makankosappo","Saiyan:TurtleShell+1","Saiyan:KiExplosion","Saiyan:KiExplosion"],"relics":["SaiyanSoul","SaiyanHeart","EVO:Axolotl","Lantern","Frozen Egg 2"],"acts_visited":["Exordium"],"potions_floor_usage":[],"damage_taken":[{"damage":22.0,"enemies":"Jaw Worm","floor":1.0,"turns":5.0},{"damage":3.0,"enemies":"2 Louse","floor":4.0,"turns":2.0},{"damage":2.0,"enemies":"Cultist","floor":6.0,"turns":3.0},{"damage":20.0,"enemies":"Gremlin Gang","floor":7.0,"turns":4.0},{"damage":7.0,"enemies":"Lagavulin","floor":8.0,"turns":5.0},{"damage":0.0,"enemies":"3 Louse","floor":11.0,"turns":3.0},{"damage":7.0,"enemies":"Large Slime","floor":12.0,"turns":7.0},{"damage":6.0,"enemies":"Looter","floor":13.0,"turns":2.0},{"damage":0.0,"enemies":"3 Louse","floor":14.0,"turns":4.0},{"damage":0,"enemies":"Slime Boss","floor":16,"turns":3}],"seed_played":"-1035438590347938214","potions_obtained":[{"floor":1.0,"key":"BlessingOfTheForge"},{"floor":8.0,"key":"ColorlessPotion"},{"floor":11.0,"key":"SteroidPotion"},{"floor":12.0,"key":"SkillPotion"},{"floor":14.0,"key":"CultistPotion"}],"is_trial":false,"path_per_floor":["M","?","$","M","?","M","M","E","T","R","M","M","M","M","R","B"],"character_chosen":"SAIYAJIN","items_purchased":[],"campfire_rested":2,"item_purchase_floors":[],"current_hp_per_floor":[45,45,45,43,43,41,23,17,17,38,39,33,27,29,51,51,51],"gold":767,"neow_bonus":"TEN_PERCENT_HP_BONUS","is_daily":false,"chose_seed":false,"campfire_upgraded":0,"win_rate":0.0,"timestamp":1611184693,"path_taken":["M","?","$","M","?","?","M","E","T","R","M","M","M","M","R","BOSS"],"items_purchased_type":[],"build_version":"2020-12-22","purchased_purges":0,"victory":false,"max_hp_per_floor":[67,67,67,68,68,68,70,71,71,71,72,73,73,75,75,75,75],"card_choices":[{"not_picked":["Saiyan:Expend","Saiyan:SoulSpice"],"picked":"Saiyan:PlotArmor","floor":1.0},{"not_picked":["Saiyan:KameHameHa","Saiyan:Flurry"],"picked":"Saiyan:PlotArmor","floor":4.0},{"not_picked":["Saiyan:Planning","Saiyan:Medicine"],"picked":"Saiyan:KiExplosion","floor":6.0},{"not_picked":["Saiyan:DragonFist","Saiyan:RemoveWeights"],"picked":"Saiyan:KiStrike","floor":7.0},{"not_picked":["Saiyan:KameHameHa","Saiyan:PowerUp"],"picked":"Saiyan:Makankosappo","floor":8.0},{"not_picked":["Saiyan:Overexert","Saiyan:FingerParry"],"picked":"Saiyan:TurtleShell+1","floor":11.0},{"not_picked":["Saiyan:Rekindle","Saiyan:DoubleMasenko"],"picked":"Saiyan:KiExplosion","floor":12.0},{"not_picked":["Saiyan:Fly","Saiyan:PressOn"],"picked":"Saiyan:KiExplosion","floor":13.0},{"not_picked":["Saiyan:Planning","Saiyan:RemoveWeights","Saiyan:BigBangAttack"],"picked":"SKIP","floor":14.0}],"player_experience":125088,"relics_obtained":[{"floor":8.0,"key":"Lantern"},{"floor":9.0,"key":"Frozen Egg 2"}],"event_choices":[{"damage_healed":0.0,"max_hp_gain":0.0,"max_hp_loss":0.0,"gold_gain":0.0,"event_name":"Liars Game","player_choice":"Ignored","floor":2.0,"gold_loss":0.0,"damage_taken":0.0},{"damage_healed":0.0,"max_hp_gain":0.0,"max_hp_loss":0.0,"gold_gain":100.0,"event_name":"Wheel of Change","player_choice":"Gold","floor":5.0,"gold_loss":0.0,"damage_taken":0.0}],"is_beta":false,"boss_relics":[],"items_purged_floors":[],"is_endless":false,"potions_floor_spawned":[1,8,11,12,14],"killed_by":"Slime Boss","ascension_level":0}}