{"host":"w3q5ijqu8eoknil3","time":1611127231,"event":{"mods":["AchievementEnabler","BaseMod","Block Reminder","Colored Map","Colored Powertips","Curses Come First","Dark Map","Minty Spire (QoL Compilation)","Quick Restart","Relic Stats","StSLib","ojb\u0027s Better Paths Mod","ojb\u0027s Info Mod","slay the spire mod where everything is the same but ironclad has a cowboy hat"],"gold_per_floor":[118,118,135,149,221,248,266,266,266,286,286,286,329,329,329,419,419,435,420,420,420,420],"floor_reached":21,"language":"ENG","playtime":778,"items_purged":[],"score":359,"play_id":"6609a926-5b57-430a-b793-83360497e07d","local_time":"20210120072031","is_ascension_mode":true,"campfire_choices":[{"floor":8,"key":"REST"},{"data":"Die Die Die","floor":12,"key":"SMITH"},{"floor":15,"key":"REST"}],"circlet_count":0,"master_deck":["AscendersBane","Strike_G","Strike_G","Defend_G","Defend_G","Defend_G","Defend_G","Survivor","Neutralize","Die Die Die+1","Sucker Punch","Flying Knee","Corpse Explosion","Footwork","Blur","Predator","Reflex","Night Terror","Wraith Form v2+1","Eviscerate+1","Predator+1","Skewer","Writhe"],"relics":["Ring of the Snake","Blood Vial","Paper Crane","Golden Idol","Frozen Egg 2","Astrolabe","PreservedInsect"],"acts_visited":["Exordium","TheCity"],"potions_floor_usage":[10,16,21],"damage_taken":[{"damage":1,"enemies":"Cultist","floor":1,"turns":4},{"damage":2,"enemies":"Small Slimes","floor":3,"turns":4},{"damage":0,"enemies":"2 Louse","floor":4,"turns":1},{"damage":43,"enemies":"Gremlin Nob","floor":6,"turns":5},{"damage":3,"enemies":"Large Slime","floor":7,"turns":5},{"damage":3,"enemies":"3 Louse","floor":10,"turns":2},{"damage":25,"enemies":"3 Sentries","floor":13,"turns":3},{"damage":27,"enemies":"The Guardian","floor":16,"turns":14},{"damage":26,"enemies":"Spheric Guardian","floor":18,"turns":9},{"damage":20,"enemies":"2 Thieves","floor":19,"turns":5},{"damage":9,"enemies":"Snake Plant","floor":21,"turns":5}],"seed_played":"-7857335044884128605","potions_obtained":[{"floor":4,"key":"FairyPotion"},{"floor":6,"key":"DistilledChaos"},{"floor":13,"key":"LiquidBronze"},{"floor":19,"key":"Dexterity Potion"}],"is_trial":false,"path_per_floor":["M","?","M","M","?","E","M","R","T","M","?","R","E","?","R","B",null,"M","M","?","M"],"character_chosen":"THE_SILENT","items_purchased":[],"campfire_rested":2,"item_purchase_floors":[],"current_hp_per_floor":[43,43,41,41,41,19,18,37,37,36,36,36,13,13,31,6,47,23,5,5,0,0],"gold":420,"neow_bonus":"THREE_RARE_CARDS","is_daily":false,"chose_seed":false,"campfire_upgraded":1,"win_rate":0.0,"timestamp":1611127231,"path_taken":["M","?","?","M","?","E","M","R","T","M","?","R","E","?","R","BOSS","M","M","?","M"],"items_purchased_type":[],"build_version":"2020-12-22","purchased_purges":0,"victory":false,"max_hp_per_floor":[66,66,66,66,66,66,66,66,66,66,60,60,60,60,60,60,60,60,60,60,60,60],"relic_stats":{"Blood Vial":14,"counters":[11,57],"Golden Idol":35,"Astrolabe":["Wraith Form v2","Eviscerate","Predator"],"PreservedInsect":0,"obtain_stats":[{"Blood Vial":6,"Golden Idol":11,"Astrolabe":17,"PreservedInsect":20,"Paper Crane":9,"Frozen Egg 2":13,"Ring of the Snake":0},{"Blood Vial":4,"Golden Idol":6,"Astrolabe":8,"PreservedInsect":10,"Paper Crane":5,"Frozen Egg 2":7,"Ring of the Snake":0},{"Blood Vial":14,"Golden Idol":21,"Astrolabe":38,"PreservedInsect":52,"Paper Crane":19,"Frozen Egg 2":24,"Ring of the Snake":0}],"Ring of the Snake":[22]},"card_choices":[{"not_picked":["Storm of Steel","A Thousand Cuts"],"picked":"Die Die Die","floor":0},{"not_picked":["Catalyst","Slice"],"picked":"Sucker Punch","floor":1},{"not_picked":["Prepared","PiercingWail"],"picked":"Flying Knee","floor":3},{"not_picked":["Blade Dance","Crippling Poison"],"picked":"Corpse Explosion","floor":4},{"not_picked":["Deflect","Underhanded Strike"],"picked":"Footwork","floor":6},{"not_picked":["Tactician","Quick Slash"],"picked":"Blur","floor":7},{"not_picked":["Bane","Sucker Punch"],"picked":"Predator","floor":10},{"not_picked":["Underhanded Strike","Cloak And Dagger"],"picked":"Reflex","floor":13},{"not_picked":["Storm of Steel","Venomology"],"picked":"Night Terror","floor":16},{"not_picked":["Setup","Backstab"],"picked":"Skewer","floor":18},{"not_picked":["Underhanded Strike","Dagger Throw","Eviscerate"],"picked":"SKIP","floor":19}],"player_experience":997862,"relics_obtained":[{"floor":6,"key":"Blood Vial"},{"floor":9,"key":"Paper Crane"},{"floor":13,"key":"Frozen Egg 2"}],"event_choices":[{"cards_removed":["Strike_G"],"damage_healed":0,"gold_gain":0,"player_choice":"Offered Basic","damage_taken":0,"max_hp_gain":0,"max_hp_loss":0,"event_name":"Bonfire Elementals","floor":2,"gold_loss":0},{"damage_healed":0,"gold_gain":72,"player_choice":"Gained Gold","damage_taken":0,"max_hp_gain":0,"max_hp_loss":0,"event_name":"Golden Wing","floor":5,"gold_loss":0},{"damage_healed":0,"gold_gain":0,"player_choice":"Lose Max HP","damage_taken":0,"relics_obtained":["Golden Idol"],"max_hp_gain":0,"max_hp_loss":6,"event_name":"Golden Idol","floor":11,"gold_loss":0},{"damage_healed":0,"gold_gain":0,"player_choice":"Ignored","damage_taken":0,"max_hp_gain":0,"max_hp_loss":0,"event_name":"Liars Game","floor":14,"gold_loss":0},{"damage_healed":0,"gold_gain":0,"player_choice":"Opened","damage_taken":0,"relics_obtained":["PreservedInsect"],"max_hp_gain":0,"max_hp_loss":0,"event_name":"The Mausoleum","floor":20,"gold_loss":0,"cards_obtained":["Writhe"]}],"is_beta":false,"boss_relics":[{"not_picked":["Busted Crown","Ectoplasm"],"picked":"Astrolabe"}],"items_purged_floors":[],"is_endless":false,"potions_floor_spawned":[4,6,13,19],"killed_by":"Snake Plant","ascension_level":18}}