{"host":"ewfe3cr33ktd9xzj","time":1611115325,"event":{"mods":["AchievementEnabler","Arknights The Spire","BaseMod","Colored Map","Custom Start","DeckTracker","Minty Spire (QoL Compilation)","Permanent Neow","Quick Restart","Rare Cards Sparkle","StSLib","everything is the same but u backflip on backflip"],"gold_per_floor":[111,130,55,55,65,65,94,112,112,139,156,56,72,72,72],"floor_reached":14,"language":"KOR","playtime":548,"items_purged":["ats:Strike V","ats:Strike C"],"score":127,"play_id":"3caeaf05-bbcb-45ad-8417-5e44f7431fb3","local_time":"20210120130205","is_ascension_mode":false,"campfire_choices":[{"data":"ats:Thermite Blade","floor":6.0,"key":"SMITH"}],"circlet_count":0,"master_deck":["ats:Strike G","ats:Strike S","ats:Armor Crushing Shot","ats:Defend","ats:Defend","ats:Defend","ats:Defend","ats:Emotion Absorption","ats:Cat Scratch","ats:Thermite Blade+1","ats:Wolf Pack","ats:LN2 Cannon"],"relics":["Snecko Eye","StrikeDummy","ats:Originium","Omamori","Gremlin Horn","Toxic Egg 2"],"acts_visited":["Exordium"],"potions_floor_usage":[],"damage_taken":[{"damage":1.0,"enemies":"Cultist","floor":1.0,"turns":4.0},{"damage":2.0,"enemies":"2 Louse","floor":2.0,"turns":4.0},{"damage":5.0,"enemies":"Small Slimes","floor":5.0,"turns":2.0},{"damage":27.0,"enemies":"Lagavulin","floor":7.0,"turns":7.0},{"damage":2.0,"enemies":"Exordium Thugs","floor":8.0,"turns":4.0},{"damage":0.0,"enemies":"Gremlin Nob","floor":10.0,"turns":3.0},{"damage":0.0,"enemies":"2 Fungi Beasts","floor":11.0,"turns":2.0},{"damage":10,"enemies":"Large Slime","floor":13,"turns":6},{"damage":0,"enemies":"3 Sentries","floor":14,"turns":1}],"seed_played":"8334711499511257549","potions_obtained":[{"floor":1.0,"key":"Swift Potion"},{"floor":5.0,"key":"SmokeBomb"},{"floor":10.0,"key":"SteroidPotion"}],"is_trial":false,"path_per_floor":["M","M","$","T","M","R","E","M","T","E","M","$","M","E"],"character_chosen":"DOCTOR_CLASS","items_purchased":[],"campfire_rested":0,"item_purchase_floors":[],"current_hp_per_floor":[71,69,69,69,64,64,37,35,35,35,35,35,25,25,25],"gold":72,"neow_bonus":"BOSS_RELIC","is_daily":false,"chose_seed":false,"campfire_upgraded":1,"win_rate":0.0,"timestamp":1611115325,"path_taken":["M","M","$","?","M","R","E","?","T","E","M","?","M","E"],"items_purchased_type":[],"build_version":"2020-12-22","purchased_purges":2,"victory":false,"max_hp_per_floor":[72,72,72,72,72,72,72,72,72,72,72,72,72,72,72],"card_choices":[{"not_picked":["ats:Consecutive Shot Auto","ats:Leaping Hammer"],"picked":"ats:Cat Scratch","floor":1.0},{"not_picked":["ats:Ignite","ats:Chain Hook"],"picked":"ats:Thermite Blade","floor":2.0},{"not_picked":["ats:Cat Scratch","ats:Charging Defense"],"picked":"ats:Wolf Pack","floor":5.0},{"not_picked":["ats:Apocalypse","ats:Explosion Area Strengthen","ats:Shell Defense"],"picked":"SKIP","floor":7.0},{"not_picked":["ats:Assault Order","ats:Hammer On","ats:Flexible Camouflage"],"picked":"SKIP","floor":8.0},{"not_picked":["ats:Explosion Area Strengthen","ats:Durian+1"],"picked":"ats:LN2 Cannon","floor":10.0},{"not_picked":["ats:Healing Drone+1","ats:Leaping Hammer","ats:Shell Defense+1"],"picked":"SKIP","floor":11.0},{"not_picked":["ats:Flexible Camouflage+1","ats:Neurotoxin","ats:Spore Proliferation+1"],"picked":"SKIP","floor":13}],"player_experience":48149,"relics_obtained":[{"floor":4.0,"key":"StrikeDummy"},{"floor":7.0,"key":"ats:Originium"},{"floor":7.0,"key":"Omamori"},{"floor":9.0,"key":"Gremlin Horn"},{"floor":10.0,"key":"ats:Originium"},{"floor":10.0,"key":"Toxic Egg 2"}],"event_choices":[],"is_beta":false,"boss_relics":[],"items_purged_floors":[3,12],"is_endless":false,"potions_floor_spawned":[1,5,10],"killed_by":"3 Sentries","ascension_level":0}}