{"host":"a09q346dix1mq0h5","time":1611151599,"event":{"mods":["AchievementEnabler","BaseMod","Curses Come First","Minty Spire (QoL Compilation)","StSLib"],"gold_per_floor":[115,115,115,135,155,199,199,219,219,219,394,69,69,90,90,216,216,231,50,68,82,97,137,162,162,162,77,77,97,136,155,155,276,276,289,289,19,34,34,34,70,84,107,107,131,145,145,245,245,245,245,245,0,38,38,38],"floor_reached":55,"language":"ENG","playtime":2137,"items_purged":["Doubt","Strike_P","Defend_P+1"],"score":839,"play_id":"17069818-c957-4047-b1b6-b16d8488ce3f","local_time":"20210120080639","is_ascension_mode":false,"campfire_choices":[{"floor":7,"key":"REST"},{"data":"Eruption","floor":10,"key":"SMITH"},{"data":"LessonLearned","floor":13,"key":"SMITH"},{"floor":15,"key":"REST"},{"floor":25,"key":"REST"},{"data":"FlyingSleeves","floor":28,"key":"SMITH"},{"floor":32,"key":"REST"},{"floor":40,"key":"RECALL"},{"floor":44,"key":"REST"},{"data":"DevaForm","floor":47,"key":"SMITH"},{"floor":49,"key":"REST"},{"floor":52,"key":"REST"}],"circlet_count":0,"master_deck":["Strike_P+1","Defend_P+1","Defend_P+1","Defend_P+1","Eruption+1","Vigilance+1","FlyingSleeves+1","LessonLearned+1","FollowUp+1","FollowUp+1","Wallop+1","Omniscience+1","Flash of Steel+1","Tantrum+1","CrushJoints+1","FollowUp+1","Scrawl+1","Judgement+1","CarveReality+1","Wallop+1","Consecrate+1","DevaForm+1","Dark Shackles"],"relics":["PureWater","Toy Ornithopter","Golden Idol","Lantern","Molten Egg 2","Singing Bowl","Runic Pyramid","Gambling Chip","Ornamental Fan","Ancient Tea Set","Darkstone Periapt","Sozu","Anchor","Blue Candle","Bag of Marbles","Pear"],"acts_visited":["Exordium","TheCity","TheBeyond","TheEnding"],"potions_floor_usage":[6,22,30,31,33,33,55],"damage_taken":[{"damage":3,"enemies":"2 Louse","floor":1,"turns":4},{"damage":3,"enemies":"Jaw Worm","floor":4,"turns":3},{"damage":0,"enemies":"Cultist","floor":5,"turns":2},{"damage":49,"enemies":"Lagavulin","floor":6,"turns":6},{"damage":0,"enemies":"3 Louse","floor":8,"turns":2},{"damage":11,"enemies":"Exordium Thugs","floor":14,"turns":3},{"damage":0,"enemies":"Slime Boss","floor":16,"turns":5},{"damage":5,"enemies":"2 Thieves","floor":18,"turns":3},{"damage":0,"enemies":"Spheric Guardian","floor":20,"turns":2},{"damage":0,"enemies":"Centurion and Healer","floor":21,"turns":3},{"damage":29,"enemies":"Shelled Parasite and Fungi","floor":22,"turns":4},{"damage":26,"enemies":"Book of Stabbing","floor":23,"turns":4},{"damage":8,"enemies":"Cultist and Chosen","floor":24,"turns":2},{"damage":0,"enemies":"Centurion and Healer","floor":29,"turns":2},{"damage":34,"enemies":"Slavers","floor":30,"turns":3},{"damage":0,"enemies":"Snecko","floor":31,"turns":2},{"damage":44,"enemies":"Champ","floor":33,"turns":4},{"damage":3,"enemies":"3 Shapes","floor":35,"turns":2},{"damage":0,"enemies":"Orb Walker","floor":38,"turns":1},{"damage":0,"enemies":"Nemesis","floor":41,"turns":2},{"damage":0,"enemies":"4 Shapes","floor":42,"turns":1},{"damage":0,"enemies":"Maw","floor":45,"turns":3},{"damage":0,"enemies":"Sphere and 2 Shapes","floor":46,"turns":2},{"damage":46,"enemies":"Awakened One","floor":50,"turns":9},{"damage":14,"enemies":"Shield and Spear","floor":54,"turns":3},{"damage":120,"enemies":"The Heart","floor":55,"turns":3}],"seed_played":"8575310435683839283","potions_obtained":[{"floor":4,"key":"Weak Potion"},{"floor":6,"key":"SneckoOil"},{"floor":16,"key":"Strength Potion"},{"floor":20,"key":"SteroidPotion"},{"floor":21,"key":"BottledMiracle"},{"floor":24,"key":"PowerPotion"},{"floor":31,"key":"Fruit Juice"},{"floor":33,"key":"Swift Potion"}],"is_trial":false,"path_per_floor":["M","?","?","M","M","E","R","M","T","R","?","$","R","M","R","B",null,"M","$","M","M","M","E","M","R","T","?","R","M","E","M","R","B",null,"M","?","$","M","?","R","E","M","T","R","M","M","R","?","R","B",null,"R","$","E","B"],"character_chosen":"WATCHER","items_purchased":["Singing Bowl","Flash of Steel+1","Anchor","Dark Shackles","Bag of Marbles"],"campfire_rested":7,"item_purchase_floors":[12,19,37,53,53],"current_hp_per_floor":[69,51,51,48,48,4,25,25,25,25,25,25,25,14,35,35,72,69,69,71,73,51,25,19,43,43,43,43,43,14,24,50,16,87,86,86,86,86,86,86,86,86,86,89,91,91,91,91,91,45,91,91,91,89,0,0],"gold":38,"neow_bonus":"RANDOM_COMMON_RELIC","is_daily":false,"chose_seed":false,"campfire_upgraded":4,"win_rate":0.0,"timestamp":1611151599,"path_taken":["M","?","?","M","M","E","R","M","T","R","?","$","R","M","R","BOSS","M","$","M","M","M","E","M","R","T","?","R","M","E","M","R","BOSS","M","?","$","M","?","R","E","?","T","R","M","M","R","?","R","BOSS","R","$","E","BOSS"],"items_purchased_type":["Relic","Card","Relic","Card","Relic"],"build_version":"2020-12-22","purchased_purges":3,"victory":false,"max_hp_per_floor":[72,72,72,72,72,72,72,72,72,72,72,72,72,72,72,72,72,74,74,76,78,80,80,82,82,82,82,82,82,82,87,87,87,87,89,89,89,89,89,89,89,89,89,89,91,91,91,91,91,91,91,91,91,103,103,103],"card_choices":[{"not_picked":["BowlingBash","EmptyBody"],"picked":"FlyingSleeves","floor":1},{"not_picked":["Crescendo","BowlingBash","Swivel"],"picked":"SKIP","floor":4},{"not_picked":["FlurryOfBlows","FollowUp"],"picked":"LessonLearned","floor":5},{"not_picked":["EmptyMind","Crescendo"],"picked":"FollowUp","floor":6},{"not_picked":["WindmillStrike","EmptyFist"],"picked":"FollowUp","floor":8},{"not_picked":["Vengeance","ClearTheMind"],"picked":"Wallop+1","floor":14},{"not_picked":["MasterReality","Establishment"],"picked":"Omniscience","floor":16},{"not_picked":["Halt","Nirvana","JustLucky+1"],"picked":"Singing Bowl","floor":18},{"not_picked":["WaveOfTheHand+1","BattleHymn+1","JustLucky+1"],"picked":"Singing Bowl","floor":20},{"not_picked":["Indignation","Adaptation","BowlingBash+1"],"picked":"Singing Bowl","floor":21},{"not_picked":["SandsOfTime+1","Halt","Collect"],"picked":"Singing Bowl","floor":22},{"not_picked":["WaveOfTheHand","Swivel"],"picked":"Tantrum+1","floor":23},{"not_picked":["Meditate","Protect+1","EmptyBody"],"picked":"Singing Bowl","floor":24},{"not_picked":["SashWhip+1","CutThroughFate+1"],"picked":"CrushJoints+1","floor":29},{"not_picked":["CutThroughFate+1","CrushJoints+1"],"picked":"FollowUp+1","floor":30},{"not_picked":["Halt","WreathOfFlame"],"picked":"Scrawl","floor":31},{"not_picked":["ConjureBlade","Omniscience"],"picked":"Judgement","floor":33},{"not_picked":["ClearTheMind","Protect","Indignation+1"],"picked":"Singing Bowl","floor":35},{"not_picked":["CrushJoints+1","EmptyBody+1"],"picked":"CarveReality+1","floor":38},{"not_picked":["Halt+1","ClearTheMind+1"],"picked":"Wallop+1","floor":41},{"not_picked":["Protect+1","CutThroughFate+1"],"picked":"Consecrate+1","floor":42},{"not_picked":["EmptyFist+1","Sanctity+1","FlurryOfBlows+1"],"picked":"Singing Bowl","floor":45},{"not_picked":["FlurryOfBlows+1","Consecrate+1"],"picked":"DevaForm","floor":46},{"not_picked":["DeceiveReality+1","Prostrate","Meditate+1"],"picked":"Singing Bowl","floor":54}],"player_experience":345636,"relics_obtained":[{"floor":6,"key":"Lantern"},{"floor":9,"key":"Molten Egg 2"},{"floor":23,"key":"Gambling Chip"},{"floor":26,"key":"Ornamental Fan"},{"floor":30,"key":"Darkstone Periapt"},{"floor":41,"key":"Blue Candle"},{"floor":54,"key":"Pear"}],"event_choices":[{"damage_healed":0,"gold_gain":0,"player_choice":"Take Damage","damage_taken":18,"relics_obtained":["Golden Idol"],"max_hp_gain":0,"max_hp_loss":0,"event_name":"Golden Idol","floor":2,"gold_loss":0},{"cards_removed":["Strike_P"],"damage_healed":0,"gold_gain":0,"player_choice":"Forget","damage_taken":0,"max_hp_gain":0,"max_hp_loss":0,"event_name":"Living Wall","floor":3,"gold_loss":0},{"damage_healed":0,"gold_gain":175,"player_choice":"AGREE","damage_taken":0,"max_hp_gain":0,"max_hp_loss":0,"event_name":"Liars Game","floor":11,"gold_loss":0,"cards_obtained":["Doubt"]},{"damage_healed":0,"gold_gain":0,"player_choice":"Obtained Relic","damage_taken":0,"relics_obtained":["Ancient Tea Set"],"max_hp_gain":0,"max_hp_loss":0,"event_name":"Addict","floor":27,"gold_loss":85},{"cards_removed":["Strike_P"],"damage_healed":0,"gold_gain":0,"player_choice":"Removed Attack","damage_taken":0,"max_hp_gain":0,"max_hp_loss":0,"event_name":"Falling","floor":36,"gold_loss":0},{"damage_healed":0,"gold_gain":0,"player_choice":"Ignored","damage_taken":0,"max_hp_gain":0,"max_hp_loss":0,"event_name":"Accursed Blacksmith","floor":39,"gold_loss":0},{"damage_healed":0,"gold_gain":100,"player_choice":"Pray","damage_taken":0,"max_hp_gain":0,"max_hp_loss":0,"event_name":"Golden Shrine","floor":48,"gold_loss":0}],"is_beta":false,"boss_relics":[{"not_picked":["Black Star","Philosopher\u0027s Stone"],"picked":"Runic Pyramid"},{"not_picked":["Runic Dome","Snecko Eye"],"picked":"Sozu"}],"items_purged_floors":[12,19,37],"is_endless":false,"potions_floor_spawned":[4,6,16,20,21,24,31,33,42,46],"killed_by":"The Heart","ascension_level":0}}