{"host":"wppa8gky53tnknhf","time":1611142365,"event":{"mods":["AchievementEnabler","Act Like it!","BaseMod","Better Third Choice","BetterRewards","Card Forge","Colored Powertips","Energized Spire","Hubris","Infinite Spire","Marked Mod","Minty Spire (QoL Compilation)","Permanent Neow","Quick Restart","Rare Cards Sparkle","Relic Stats","Remove Card Discount Mod","Replay The Spire","Spikes Relics","Spire Birthday Party","StSLib","Wandering Minibosses"],"gold_per_floor":[113,113,113,126,140,166,184,214,214,227,240,240,255,266,266,365,365,381,398,187,197,215,215,215],"floor_reached":23,"language":"ENG","playtime":732,"items_purged":[],"score":246,"play_id":"ef512201-8612-4bf6-b89f-f88eba84b652","local_time":"20210120113245","is_ascension_mode":true,"campfire_choices":[{"floor":15,"key":"RECALL"}],"circlet_count":0,"master_deck":["Strike_R+1","Strike_R+1","Strike_R+1","Strike_R+1","Defend_R+1","Defend_R+1","Defend_R+1","Defend_R+1","Bash+1","Sadistic Nature+1","Strike_R+1","Pommel Strike+1","Clash+1","Entrench+1","Thunderclap+1","Demon Form+1","Infernal Blade+1","Sword Boomerang+1","Sword Boomerang+1","Limit Break+1","Carnage+1","Shrug It Off+1","Uppercut+1"],"relics":["Burning Blood","Hammer of Thor","Seething Fire","Anvil of the Gods","Bag of Marbles","LugNut","Vajra"],"acts_visited":["Exordium","TheCity"],"potions_floor_usage":[8,11,14,19,21],"damage_taken":[{"damage":0,"enemies":"Small Slimes","floor":1,"turns":3},{"damage":0,"enemies":"2 Louse","floor":4,"turns":2},{"damage":0,"enemies":"Jaw Worm","floor":5,"turns":2},{"damage":20,"enemies":"Lagavulin","floor":6,"turns":5},{"damage":32,"enemies":"Exordium Thugs","floor":7,"turns":6},{"damage":0,"enemies":"Gremlin Nob","floor":8,"turns":2},{"damage":0,"enemies":"Large Slime","floor":10,"turns":4},{"damage":0,"enemies":"Red Slaver","floor":11,"turns":1},{"damage":0,"enemies":"Looter","floor":13,"turns":2},{"damage":0,"enemies":"3 Louse","floor":14,"turns":2},{"damage":9,"enemies":"Fading Forest","floor":16,"turns":11},{"damage":10,"enemies":"Chosen","floor":18,"turns":3},{"damage":10,"enemies":"Shell Parasite","floor":19,"turns":3},{"damage":33,"enemies":"Centurion and Healer","floor":21,"turns":6},{"damage":29,"enemies":"Snecko","floor":22,"turns":5},{"damage":24,"enemies":"Gremlin Leader","floor":23,"turns":3}],"seed_played":"7321957725636891276","potions_obtained":[{"floor":7,"key":"AttackPotion"},{"floor":8,"key":"SpeedPotion"},{"floor":10,"key":"ColorlessPotion"},{"floor":13,"key":"ColorlessPotion"},{"floor":14,"key":"ElixirPotion"},{"floor":18,"key":"Reflective Coating"},{"floor":19,"key":"Energy Potion"}],"is_trial":false,"path_per_floor":["M","?","?","M","M","E","M","E","T","M","M","?","M","M","R","B",null,"M","M","$","M","M","E"],"character_chosen":"IRONCLAD","items_purchased":["Vajra","Shrug It Off"],"campfire_rested":0,"item_purchase_floors":[20,20],"current_hp_per_floor":[80,80,80,80,80,66,40,46,46,52,58,80,80,80,80,80,80,76,72,72,45,22,0,0],"gold":215,"neow_bonus":"RANDOM_COLORLESS_2","is_daily":false,"chose_seed":false,"campfire_upgraded":0,"win_rate":0.0,"timestamp":1611142365,"path_taken":["M","?","?","M","M","E","M","E","T","M","M","?","M","M","R","BOSS","M","M","$","M","M","E"],"items_purchased_type":["Relic","Card"],"build_version":"2020-12-22","purchased_purges":0,"victory":false,"max_hp_per_floor":[80,80,80,80,80,80,80,80,80,80,80,80,80,80,80,80,80,80,80,80,80,80,80,80],"relic_stats":{"counters":[16,60],"obtain_stats":[{"Anvil of the Gods":0,"Vajra":20,"Hammer of Thor":0,"Bag of Marbles":6,"Seething Fire":0,"Burning Blood":0,"LugNut":9},{"Anvil of the Gods":0,"Vajra":13,"Hammer of Thor":0,"Bag of Marbles":4,"Seething Fire":0,"Burning Blood":0,"LugNut":6},{"Anvil of the Gods":0,"Vajra":46,"Hammer of Thor":0,"Bag of Marbles":12,"Seething Fire":0,"Burning Blood":0,"LugNut":20}],"Burning Blood":56},"card_choices":[{"not_picked":["Midas Touch","Magnetism"],"picked":"Sadistic Nature","floor":0},{"not_picked":["Wild Strike","Fire Breathing","Headbutt"],"picked":"SKIP","floor":1},{"not_picked":["hubris:CleavingFinish","Wild Strike"],"picked":"Clash","floor":4},{"not_picked":["Flex","Dropkick"],"picked":"Entrench","floor":5},{"not_picked":["Evolve","Dark Embrace","Entrench"],"picked":"SKIP","floor":6},{"not_picked":["Heavy Blade","hubris:ReadiedAction"],"picked":"Thunderclap","floor":7},{"not_picked":["Dual Wield","Replay:Undeath\u0027s Touch"],"picked":"Demon Form","floor":8},{"not_picked":["Absolvement","Whirlwind"],"picked":"Infernal Blade","floor":10},{"not_picked":["Seeing Red","Wild Strike","Life Link"],"picked":"SKIP","floor":11},{"not_picked":["Dual Wield","Twin Strike"],"picked":"Sword Boomerang","floor":13},{"not_picked":["Armaments","Reaper"],"picked":"Sword Boomerang","floor":14},{"not_picked":["Eclipse","Juggernaut"],"picked":"Limit Break","floor":16},{"not_picked":["Evolve","Sentinel","Armaments"],"picked":"SKIP","floor":18},{"not_picked":["Combust","Headbutt"],"picked":"Carnage","floor":19},{"not_picked":["Defy Death+1","hubris:ReadiedAction"],"picked":"Uppercut","floor":21},{"not_picked":["Reckless Charge+1","ReplayTheSpireMod:Stacked","Headbutt+1"],"picked":"SKIP","floor":22}],"player_experience":692175,"relics_obtained":[{"floor":6,"key":"Bag of Marbles"},{"floor":9,"key":"LugNut"}],"event_choices":[{"damage_healed":26,"gold_gain":0,"player_choice":"Banana","damage_taken":0,"max_hp_gain":0,"max_hp_loss":0,"event_name":"Big Fish","floor":12,"gold_loss":0}],"is_beta":false,"boss_relics":[{"not_picked":["energizedSpire:StickyHand","Runic Cube","hubris:TerracottaHorce"]}],"items_purged_floors":[],"is_endless":false,"potions_floor_spawned":[7,8,10,13,14,18,19],"killed_by":"Gremlin Leader","ascension_level":1}}