{"host":"7qqg3hyzrz6apiso","time":1611161886,"event":{"mods":["AchievementEnabler","BaseMod","Better Debug","Colored Map","Colored Powertips","KOR Keyword Fix","Keyboard Shortcuts","Minty Spire (QoL Compilation)","Permanent Neow","Quick Restart","StSLib","SuperFastMode"],"gold_per_floor":[17,17,17,17,17,17,32,49,103,178,20,20,20,54,54,159,159,178,163,182,182,182],"floor_reached":21,"language":"KOR","playtime":688,"items_purged":["Regret"],"score":230,"play_id":"86c3346f-2319-4845-8624-5899a435329b","local_time":"20210121015806","is_ascension_mode":true,"campfire_choices":[{"data":"All For One","floor":6.0,"key":"SMITH"},{"floor":15,"key":"REST"}],"circlet_count":0,"master_deck":["Strike_B+1","Strike_B","Defend_B","Defend_B","Defend_B","Defend_B","Zap","Dualcast","All For One+1","Go for the Eyes+1","Conserve Battery","BootSequence","Self Repair","Streamline","Genetic Algorithm","Core Surge","Go for the Eyes","White Noise"],"relics":["Cracked Core","Shuriken","Singing Bowl","Happy Flower","Toy Ornithopter","Nuclear Battery"],"acts_visited":["Exordium","TheCity"],"potions_floor_usage":[14,14,19,21],"damage_taken":[{"damage":4.0,"enemies":"2 Louse","floor":1.0,"turns":2.0},{"damage":0.0,"enemies":"Cultist","floor":7.0,"turns":3.0},{"damage":3.0,"enemies":"Small Slimes","floor":8.0,"turns":3.0},{"damage":11,"enemies":"Gremlin Nob","floor":14,"turns":4},{"damage":45,"enemies":"Hexaghost","floor":16,"turns":11},{"damage":0,"enemies":"Chosen","floor":18,"turns":4},{"damage":7,"enemies":"2 Thieves","floor":19,"turns":4},{"damage":28,"enemies":"Snake Plant","floor":20,"turns":5},{"damage":58,"enemies":"Masked Bandits","floor":21,"turns":4}],"seed_played":"5235879548358901743","potions_obtained":[{"floor":1.0,"key":"BlessingOfTheForge"},{"floor":8.0,"key":"SkillPotion"},{"floor":16,"key":"BlessingOfTheForge"},{"floor":20,"key":"DuplicationPotion"}],"is_trial":false,"path_per_floor":["M","?","?","?","T","R","M","M","T","?","$","?","?","E","R","B",null,"M","M","M","?"],"character_chosen":"DEFECT","items_purchased":["Self Repair","Streamline"],"campfire_rested":1,"item_purchase_floors":[11,11],"current_hp_per_floor":[64,64,49,49,49,49,49,46,46,39,39,32,32,31,53,15,60,67,74,53,0,0],"gold":182,"neow_bonus":"THREE_RARE_CARDS","is_daily":false,"chose_seed":false,"campfire_upgraded":1,"win_rate":0.0,"timestamp":1611161886,"path_taken":["M","?","?","?","?","R","M","?","T","?","?","?","?","E","R","BOSS","M","M","M","?"],"items_purchased_type":["Card","Card"],"build_version":"2020-12-22","purchased_purges":1,"victory":false,"max_hp_per_floor":[75,75,75,75,75,75,75,75,75,75,75,75,75,75,75,75,75,75,77,77,77,77],"card_choices":[{"not_picked":["Machine Learning","Fission"],"picked":"All For One","floor":0.0},{"not_picked":["Streamline","Coolheaded"],"picked":"Go for the Eyes","floor":1.0},{"not_picked":["Stack","Sweeping Beam"],"picked":"Conserve Battery","floor":7.0},{"not_picked":["Rip and Tear","Hyperbeam"],"picked":"BootSequence","floor":8.0},{"not_picked":["Skim","Sunder"],"picked":"Genetic Algorithm","floor":14},{"not_picked":["Reboot","Biased Cognition"],"picked":"Core Surge","floor":16},{"not_picked":["Blizzard","Leap+1"],"picked":"Go for the Eyes","floor":18},{"not_picked":["Barrage","Self Repair","Leap"],"picked":"Singing Bowl","floor":19},{"not_picked":["Ball Lightning","Machine Learning"],"picked":"White Noise","floor":20}],"player_experience":140282,"relics_obtained":[{"floor":5.0,"key":"Singing Bowl"},{"floor":9.0,"key":"Happy Flower"},{"floor":14,"key":"Toy Ornithopter"}],"event_choices":[{"cards_removed":["Strike_B"],"damage_healed":0.0,"max_hp_gain":0.0,"max_hp_loss":0.0,"gold_gain":0.0,"event_name":"Living Wall","player_choice":"Forget","floor":2.0,"gold_loss":0.0,"damage_taken":0.0},{"damage_healed":0.0,"max_hp_gain":0.0,"max_hp_loss":0.0,"gold_gain":0.0,"event_name":"Shining Light","player_choice":"Entered Light","floor":3.0,"gold_loss":0.0,"damage_taken":15.0,"cards_upgraded":["Strike_B","Go for the Eyes"]},{"damage_healed":0.0,"max_hp_gain":0.0,"max_hp_loss":0.0,"gold_gain":0.0,"event_name":"Big Fish","player_choice":"Box","floor":4.0,"gold_loss":0.0,"damage_taken":0.0,"relics_obtained":["Shuriken"],"cards_obtained":["Regret"]},{"damage_healed":0,"gold_gain":75,"player_choice":"Touch","damage_taken":7,"max_hp_gain":0,"max_hp_loss":0,"event_name":"FaceTrader","floor":10,"gold_loss":0},{"cards_removed":["Strike_B"],"damage_healed":0,"gold_gain":0,"player_choice":"Card Removal","damage_taken":7,"max_hp_gain":0,"max_hp_loss":0,"event_name":"Golden Wing","floor":12,"gold_loss":0},{"damage_healed":0,"gold_gain":0,"player_choice":"Searched \u00270\u0027 times","damage_taken":0,"max_hp_gain":0,"max_hp_loss":0,"event_name":"Dead Adventurer","floor":13,"gold_loss":0},{"damage_healed":0,"gold_gain":0,"player_choice":"Fought Bandits","damage_taken":0,"max_hp_gain":0,"max_hp_loss":0,"event_name":"Masked Bandits","floor":21,"gold_loss":0}],"is_beta":false,"boss_relics":[{"not_picked":["Sozu","Astrolabe"],"picked":"Nuclear Battery"}],"items_purged_floors":[11],"is_endless":false,"potions_floor_spawned":[1,8,16,20],"killed_by":"Masked Bandits","ascension_level":6}}