{"host":"1qxljlv0g0hslid3","time":1611156412,"event":{"mods":["2.2 Compatiblity","AchievementEnabler","Act Like it!","Astrologer","BaseMod","Beaked The Cultist","BetterRewards","Clawfect","Conspire","Custom Start","Dio Mod","Elementarium","Energized Spire","Googly Eyes","GungeonMod","Hallownest","Hermit","Hero for Fun","Hubris","Infinite Spire","Lobotomy","LobotomyExtend","Magitek Elite","Marisa????????","Minty Spire (QoL Compilation)","Prisma Mod","Remilia??????","Replay The Spire","Shop Mod","StSLib","The Administrix","The Alterego","The Animator","The Bug Knight","The Cursed","The Death Knight","The Elementalist","The Hierophant","The Jungle","The Necromancer","The Runesmith","The Senshi","The Servant 0.9.4","Wandering Minibosses","Yuri Mod","everything is the same but u backflip on backflip","slay the spire mod where everything is the same but ironclad has a cowboy hat"],"gold_per_floor":[117,117,129,129,147,147,174,174,174,194,223,223,238,86,86,188,188,203,219,219,219,219],"floor_reached":21,"language":"ENG","playtime":1720,"items_purged":[],"score":239,"play_id":"1c22d889-6fdc-4791-a8b2-e4a9cad76dac","local_time":"20210120092652","is_ascension_mode":false,"campfire_choices":[{"data":"alterego_mod:BigMeatyClaws","floor":6,"key":"SMITH"},{"floor":15,"key":"DIG"}],"circlet_count":0,"master_deck":["alterego_mod:Strike","alterego_mod:Strike","alterego_mod:Strike","alterego_mod:Strike","alterego_mod:Defend","alterego_mod:Defend","alterego_mod:Defend","alterego_mod:Impale+1","alterego_mod:BigMeatyClaws+1","alterego_mod:BrynhildrsRune","DreamingCurrent","alterego_mod:Punishment+1","alterego_mod:Palingenesis+2","alterego_mod:Rip","Bloodbath","alterego_mod:Bounce","ShyLook","MeatLantern","FieryBird","WallGazer","Wrath_TH","EndlessPower"],"relics":["alterego_mod:MasochisticConstitution","CogitoBucket","LetterFromLob","DemoMod:GreenGuonStone","Ginger","Mummified Hand","Moonlight_r","BackwardClock","Pen Nib","Golden Egg","Amita_r","Runic Dome"],"acts_visited":["Exordium","TheCity"],"potions_floor_usage":[3,11,18],"damage_taken":[{"damage":15.0,"enemies":"Jaw Worm","floor":1.0,"turns":4.0},{"damage":25,"enemies":"Cultist","floor":3,"turns":4},{"damage":42,"enemies":"Small Slimes","floor":5,"turns":7},{"damage":60,"enemies":"Lagavulin","floor":7,"turns":6},{"damage":11,"enemies":"Looter","floor":10,"turns":3},{"damage":15,"enemies":"3 Sentries","floor":11,"turns":10},{"damage":26,"enemies":"Exordium Wildlife","floor":13,"turns":3},{"damage":65,"enemies":"Slime Boss","floor":16,"turns":6},{"damage":53,"enemies":"Chosen","floor":18,"turns":5},{"damage":12,"enemies":"Shell Parasite","floor":19,"turns":5},{"damage":135,"enemies":"conspire:HollyBat","floor":21,"turns":3}],"seed_played":"8029019398611823703","potions_obtained":[{"floor":1.0,"key":"ColorlessPotion"},{"floor":5,"key":"DemoMod:LeadSkinPotion"},{"floor":11,"key":"Elixir"},{"floor":16,"key":"ColorlessPotion"},{"floor":19,"key":"Explosive Potion"}],"is_trial":false,"path_per_floor":["M","?","M","?","M","R","E","?","T","M","E","M","M","$","R","B",null,"M","M","?","M"],"character_chosen":"The_Alterego","items_purchased":["Pen Nib"],"campfire_rested":0,"item_purchase_floors":[14],"current_hp_per_floor":[56,56,57,57,58,58,28,13,13,22,71,47,40,40,40,20,80,39,59,59,0,0],"gold":219,"neow_bonus":"","is_daily":false,"chose_seed":false,"campfire_upgraded":1,"win_rate":0.0,"timestamp":1611156412,"path_taken":["M","?","?","?","M","R","E","?","T","M","E","M","M","$","R","BOSS","M","?","?","M"],"items_purchased_type":["Relic"],"build_version":"2020-12-22","purchased_purges":0,"victory":false,"max_hp_per_floor":[71,71,72,72,73,73,74,74,74,75,76,76,77,77,77,80,80,82,85,85,85,85],"card_choices":[{"not_picked":["HappyTeddy","PunishingBird"],"picked":"DreamingCurrent","floor":1.0},{"not_picked":["alterego_mod:Pet","alterego_mod:Skirt"],"picked":"alterego_mod:Punishment","floor":1.0},{"not_picked":["Murderer","MHz"],"picked":"WallGazer","floor":3},{"not_picked":["alterego_mod:Undulate","alterego_mod:HighServant"],"picked":"alterego_mod:Palingenesis","floor":3},{"not_picked":["alterego_mod:SakuraPetals","alterego_mod:BreastValley"],"picked":"alterego_mod:Rip","floor":5},{"not_picked":["HappyTeddy","Wellcheers"],"picked":"Bloodbath","floor":7},{"not_picked":["alterego_mod:DustData","alterego_mod:Exercise","alterego_mod:Maid"],"picked":"SKIP","floor":7},{"not_picked":["alterego_mod:DustData","alterego_mod:Exercise","alterego_mod:Maid"],"picked":"SKIP","floor":7},{"not_picked":["alterego_mod:Maid","alterego_mod:Support"],"picked":"alterego_mod:Bounce","floor":10},{"not_picked":["CrumblingArmor","MeatLantern"],"picked":"ShyLook","floor":10},{"not_picked":["alterego_mod:Bunnysuit","alterego_mod:BusterCard","alterego_mod:Belts"],"picked":"SKIP","floor":11},{"not_picked":["NakedNest","OSAHOGD"],"picked":"ShyLook","floor":13},{"not_picked":["alterego_mod:MagicResistance","alterego_mod:HighServant","alterego_mod:BoobPocket"],"picked":"SKIP","floor":13},{"not_picked":["CrumblingArmor","RedShoes"],"picked":"MeatLantern","floor":16},{"not_picked":["GalaxyChild","BlackArmy"],"picked":"FieryBird","floor":18},{"not_picked":["alterego_mod:Schoolgirl","alterego_mod:Skirt","alterego_mod:TrashNCrash"],"picked":"SKIP","floor":18},{"not_picked":["QueenOfHatred","Rudolta"],"picked":"WallGazer","floor":19},{"not_picked":["alterego_mod:Cooking","alterego_mod:Pet+1","alterego_mod:Cycle"],"picked":"SKIP","floor":19}],"player_experience":562095,"relics_obtained":[{"floor":1.0,"key":"LetterFromLob"},{"floor":7,"key":"DemoMod:GreenGuonStone"},{"floor":9,"key":"Ginger"},{"floor":11,"key":"Mummified Hand"},{"floor":15,"key":"Golden Egg"}],"event_choices":[{"damage_healed":0,"gold_gain":0,"player_choice":"Forge","damage_taken":0,"max_hp_gain":0,"max_hp_loss":0,"event_name":"Accursed Blacksmith","floor":2,"gold_loss":0,"cards_upgraded":["alterego_mod:Punishment"]},{"damage_healed":0,"gold_gain":0,"player_choice":"Disagree","damage_taken":0,"max_hp_gain":0,"max_hp_loss":0,"event_name":"conspire:LoneGhost","floor":4,"gold_loss":0},{"damage_healed":0,"gold_gain":0,"player_choice":"Entered Light","damage_taken":15,"max_hp_gain":0,"max_hp_loss":0,"event_name":"Shining Light","floor":8,"gold_loss":0,"cards_upgraded":["alterego_mod:Impale","alterego_mod:Defend"]}],"is_beta":false,"boss_relics":[{"not_picked":["Painkiller Herb","Pandora\u0027s Box"],"picked":"Runic Dome"}],"items_purged_floors":[],"is_endless":false,"potions_floor_spawned":[1,5,11,16,19],"killed_by":"conspire:HollyBat","ascension_level":0}}