{"host":"nzq3d31h1j2g5t95","time":1611109841,"event":{"mods":["BaseMod","Hubris","Minty Spire (QoL Compilation)","Replay The Spire","StSLib","[IsaacMod]ÒÔÈö¼âËþ"],"gold_per_floor":[110,110,110,165,165,294,320,346,373,373,398,76,93,109,109,181,181,192,192,192,282,360,391,0,27,109,171,171,199,51,109,109,206,206,233,240,283,20,80,114,150,175,221,221,256,293,337,409,409,416,430],"floor_reached":52,"language":"ZHS","playtime":2611,"items_purged":["Strike_R","Regret","Clumsy","Strike_R"],"score":2880,"play_id":"7d72cfac-f8bb-4efe-a140-4dd7f0f2adda","local_time":"20210120103041","is_ascension_mode":true,"campfire_choices":[{"floor":6.0,"key":"REST"},{"data":"Second Wind","floor":8.0,"key":"SMITH"},{"data":"Bash","floor":15.0,"key":"SMITH"},{"data":"hubris:StunningStrike","floor":32.0,"key":"SMITH"},{"data":"Turbo","floor":44.0,"key":"SMITH"},{"data":"Hologram","floor":49.0,"key":"SMITH"}],"circlet_count":0,"master_deck":["AscendersBane","Strike_R","Strike_R+1","Strike_R+1","Defend_R+1","Defend_R","Defend_R","Defend_R","Bash+1","Second Wind+1","Pommel Strike","Self Repair+1","Pummel","Whirlwind","Force Field","ReplayTheSpireMod:Omega Cannon+1","Apotheosis","ReplayTheSpireMod:Stacked+1","ReplayTheSpireMod:Uncanny Aura","hubris:StunningStrike+1","Disarm","Flex+1","Pommel Strike+1","Turbo+1","Shockwave+1","ReplayTheSpireMod:System Scan+1","Berserk+1","Seeing Red+1","Reaper+1","Fire Breathing","ReplayTheSpireMod:Limb From Limb+1","Feed+1","Hologram+1","Shockwave+1"],"relics":["HushsDoor","NeowsBlessing","Regal Pillow","hubris:Icosahedron","Replay:Wax Seal","BookofShadows","BloodBag","BookOfRevelations","Iron Core","hubris:Zylophone","Kunai","Black Star","GuppysHead","ReplayTheSpireMod:CursedCoin","Mercury Hourglass","Molten Egg 2","SalivaCoin","Ancient Tea Set","DoctorsRemote","Blue Doll","Vajra","Strange Spoon","Dead Branch","hubris:Reverence","ChampionBelt","DeathBook","Ornamental Fan","Replay:Rubber Ducky","HowToJump","Mummified Hand","Guide Book","Sundial","Replay:Accelerometer","Pocketwatch","D6","ReplayTheSpireMod:Spearhead","War Paint","White Beast Statue","hubris:Teleporter","Replay:Baseball","hubris:ChampionShield","Centennial Puzzle","Pantograph","PreservedInsect","TheBean","Replay:Mystery Machine"],"acts_visited":["TheCity","TheBeyond"],"potions_floor_usage":[50,50],"damage_taken":[{"damage":0.0,"enemies":"Small Slimes","floor":1.0,"turns":1.0},{"damage":0.0,"enemies":"Gremlin Nob","floor":7.0,"turns":1.0},{"damage":0.0,"enemies":"3 Sentries","floor":11.0,"turns":1.0},{"damage":16.0,"enemies":"Jaw Worm","floor":13.0,"turns":4.0},{"damage":8.0,"enemies":"2 Louse","floor":14.0,"turns":2.0},{"damage":39.0,"enemies":"The Guardian","floor":16.0,"turns":14.0},{"damage":33.0,"enemies":"2 Thieves","floor":18.0,"turns":4.0},{"damage":64.0,"enemies":"Slavers","floor":23.0,"turns":5.0},{"damage":15.0,"enemies":"Gremlin Leader","floor":25.0,"turns":6.0},{"damage":41.0,"enemies":"Book of Stabbing","floor":27.0,"turns":5.0},{"damage":7.0,"enemies":"Chosen","floor":29.0,"turns":5.0},{"damage":22.0,"enemies":"Replay:Snechameleon","floor":31.0,"turns":7.0},{"damage":18.0,"enemies":"Champ","floor":33.0,"turns":10.0},{"damage":0.0,"enemies":"R_Hoarder","floor":35.0,"turns":5.0},{"damage":18.0,"enemies":"Reptomancer","floor":37.0,"turns":4.0},{"damage":37.0,"enemies":"Reptomancer","floor":39.0,"turns":4.0},{"damage":0.0,"enemies":"R_Hoarder","floor":40.0,"turns":4.0},{"damage":3.0,"enemies":"Nemesis","floor":41.0,"turns":5.0},{"damage":0.0,"enemies":"R_Hoarder","floor":42.0,"turns":6.0},{"damage":0.0,"enemies":"Giant Head","floor":45.0,"turns":7.0},{"damage":1.0,"enemies":"R_Hoarder","floor":46.0,"turns":4.0},{"damage":9.0,"enemies":"Nemesis","floor":47.0,"turns":5.0},{"damage":0,"enemies":"Time Eater","floor":50,"turns":10},{"damage":6,"enemies":"hubris:GrandSnecko","floor":51,"turns":7}],"seed_played":"-1609951447673924955","potions_obtained":[{"floor":11.0,"key":"SkillPotion"},{"floor":13.0,"key":"BloodPotion"},{"floor":16.0,"key":"Milkshake"},{"floor":25.0,"key":"Dexterity Potion"},{"floor":29.0,"key":"DistilledChaos"},{"floor":35.0,"key":"AttackPotion"},{"floor":39.0,"key":"Adrenaline Potion"},{"floor":40.0,"key":"AttackPotion"},{"floor":45.0,"key":"Toxic Potion"}],"is_trial":false,"path_per_floor":["M","?","?","T","?","R","E","R","T","?","E","$","M","M","R","B",null,"M","?","?","?","$","E","?","E","T","E","?","M","$","E","R","B",null,"M","?","M","$","M","E","M","M","T","R","E","M","M","T","R","B","B",null],"character_chosen":"IRONCLAD","items_purchased":["Kunai","Apotheosis","GuppysHead","ReplayTheSpireMod:Stacked","ReplayTheSpireMod:Uncanny Aura","hubris:StunningStrike","ReplayTheSpireMod:CursedCoin","Disarm","Strange Spoon","DeathBook","Guide Book"],"campfire_rested":1,"item_purchase_floors":[12,17,17,17,17,17,22,22,30,34,38],"current_hp_per_floor":[78,78,78,78,62,80,80,82,82,82,82,82,87,79,79,40,54,21,21,21,9,9,35,35,58,58,17,17,40,40,58,58,58,41,41,26,41,41,24,41,41,41,41,41,41,41,41,41,41,41,35],"gold":430,"neow_bonus":"THREE_ENEMY_KILL","is_daily":false,"chose_seed":false,"campfire_upgraded":5,"win_rate":0.0,"timestamp":1611109841,"path_taken":["M","?","?","?","?","R","E","R","T","?","E","$","?","M","R","BOSS","M","?","?","?","$","E","?","E","T","E","?","?","?","E","R","BOSS","M","?","?","?","M","E","M","M","T","R","E","M","M","?","R","BOSS","BOSS"],"items_purchased_type":["Relic","Card","Relic","Card","Card","Card","Relic","Card","Relic","Relic","Relic"],"build_version":"2020-12-22","purchased_purges":4,"victory":true,"max_hp_per_floor":[80,80,80,80,80,80,80,87,87,87,87,87,87,87,87,87,58,58,58,58,58,58,58,58,58,58,58,58,58,58,58,58,58,41,41,41,41,41,41,41,41,41,41,41,41,41,41,41,41,41,41],"card_choices":[{"not_picked":["Headbutt","Heavy Blade"],"picked":"Second Wind","floor":1.0},{"not_picked":["Cleave","Corruption"],"picked":"Pommel Strike","floor":7.0},{"not_picked":["Dark Embrace","Perfected Strike"],"picked":"Pummel","floor":11.0},{"not_picked":["Wild Strike","Hologram"],"picked":"Whirlwind","floor":13.0},{"not_picked":["FTL","Warcry"],"picked":"Force Field","floor":14.0},{"not_picked":["Reaper","Immolate"],"picked":"ReplayTheSpireMod:Omega Cannon","floor":16.0},{"not_picked":["hubris:CleavingFinish","Reckless Charge","Sword Boomerang"],"picked":"SKIP","floor":18.0},{"not_picked":["Defy Death","Wild Strike+1"],"picked":"Flex+1","floor":23.0},{"not_picked":["hubris:ReadiedAction","Beam Cell+1"],"picked":"Pommel Strike+1","floor":25.0},{"not_picked":["Defragment+1","Run Through+1"],"picked":"Turbo","floor":27.0},{"not_picked":["Body Slam+1","Run Through+1"],"picked":"Shockwave+1","floor":29.0},{"not_picked":["Defragment","Bloodletting"],"picked":"ReplayTheSpireMod:System Scan+1","floor":31.0},{"not_picked":["Hemogenesis+1","Limit Break"],"picked":"Berserk","floor":33.0},{"not_picked":["Twin Strike+1","Dropkick+1","Life Link"],"picked":"SKIP","floor":35.0},{"not_picked":["Gash+1","Cold Snap+1"],"picked":"Seeing Red+1","floor":39.0},{"not_picked":["hubris:ReadiedAction","Wild Strike+1"],"picked":"Reaper+1","floor":40.0},{"not_picked":["Reckless Charge+1","Rebound+1"],"picked":"Fire Breathing","floor":41.0},{"not_picked":["Cleave+1","Blood for Blood+1"],"picked":"ReplayTheSpireMod:Limb From Limb+1","floor":42.0},{"not_picked":["Anger+1","Beam Cell+1"],"picked":"Feed+1","floor":45.0},{"not_picked":["Turbo","Flex"],"picked":"Hologram","floor":46.0},{"not_picked":["Wild Strike+1","Heavy Blade+1"],"picked":"Shockwave+1","floor":47.0}],"player_experience":164146,"relics_obtained":[{"floor":4.0,"key":"Replay:Wax Seal"},{"floor":7.0,"key":"BookofShadows"},{"floor":9.0,"key":"BookOfRevelations"},{"floor":11.0,"key":"hubris:Zylophone"},{"floor":23.0,"key":"Mercury Hourglass"},{"floor":23.0,"key":"Molten Egg 2"},{"floor":25.0,"key":"SalivaCoin"},{"floor":25.0,"key":"Ancient Tea Set"},{"floor":26.0,"key":"DoctorsRemote"},{"floor":27.0,"key":"Blue Doll"},{"floor":27.0,"key":"Vajra"},{"floor":31.0,"key":"Dead Branch"},{"floor":31.0,"key":"hubris:Reverence"},{"floor":35.0,"key":"Ornamental Fan"},{"floor":35.0,"key":"Replay:Rubber Ducky"},{"floor":37.0,"key":"Mummified Hand"},{"floor":39.0,"key":"Sundial"},{"floor":39.0,"key":"Replay:Accelerometer"},{"floor":40.0,"key":"Pocketwatch"},{"floor":40.0,"key":"D6"},{"floor":41.0,"key":"ReplayTheSpireMod:Spearhead"},{"floor":41.0,"key":"War Paint"},{"floor":42.0,"key":"White Beast Statue"},{"floor":42.0,"key":"hubris:Teleporter"},{"floor":43.0,"key":"Replay:Baseball"},{"floor":45.0,"key":"hubris:ChampionShield"},{"floor":45.0,"key":"Centennial Puzzle"},{"floor":46.0,"key":"Pantograph"},{"floor":46.0,"key":"PreservedInsect"},{"floor":47.0,"key":"TheBean"},{"floor":47.0,"key":"Replay:Mystery Machine"}],"event_choices":[{"damage_healed":0.0,"max_hp_gain":0.0,"max_hp_loss":0.0,"gold_gain":0.0,"event_name":"Big Fish","player_choice":"Box","floor":2.0,"gold_loss":0.0,"damage_taken":0.0,"relics_obtained":["Regal Pillow"],"cards_obtained":["Regret"]},{"damage_healed":0.0,"max_hp_gain":0.0,"max_hp_loss":0.0,"gold_gain":0.0,"event_name":"Shining Light","player_choice":"Entered Light","floor":5.0,"gold_loss":0.0,"damage_taken":16.0,"cards_upgraded":["Strike_R","Strike_R"]},{"damage_healed":0.0,"max_hp_gain":0.0,"max_hp_loss":0.0,"gold_gain":90.0,"event_name":"Knowing Skull","player_choice":"GOLD ","floor":21.0,"potions_obtained":[],"gold_loss":0.0,"damage_taken":12.0,"cards_obtained":[]},{"damage_healed":0.0,"max_hp_gain":0.0,"max_hp_loss":0.0,"gold_gain":0.0,"event_name":"Masked Bandits","player_choice":"Paid Fearfully","floor":24.0,"gold_loss":391.0,"damage_taken":0.0},{"damage_healed":0.0,"max_hp_gain":0.0,"max_hp_loss":0.0,"gold_gain":0.0,"event_name":"Vampires","player_choice":"Ignored","floor":28.0,"gold_loss":0.0,"damage_taken":0.0},{"damage_healed":0.0,"max_hp_gain":0.0,"max_hp_loss":0.0,"gold_gain":0.0,"event_name":"Vampires","player_choice":"Ignored","floor":37.0,"gold_loss":0.0,"damage_taken":0.0}],"is_beta":false,"boss_relics":[{"not_picked":["hubris:ScarierMask","Cursed Key"],"picked":"Black Star"},{"not_picked":[]},{"not_picked":["Velvet Choker","Ooze Armor"],"picked":"ChampionBelt"},{"not_picked":[]}],"items_purged_floors":[12,17,34,38],"is_endless":false,"potions_floor_spawned":[11,13,16,25,27,29,35,39,40,45,46,47],"ascension_level":20}}