{"host":"28p8ce41sjwa6lzf","time":1611152188,"event":{"mods":["BaseMod","Bestiary","Colored Map","Colored Powertips","Dark Map","Highlight Path","Minty Spire (QoL Compilation)","Permanent Neow","Quick Restart","Random Character Button","Rare Cards Sparkle","Relic Stats","StSLib","Unceasing Turn Reminder"],"gold_per_floor":[113,131,150,170,183,183,183],"floor_reached":6,"language":"ENG","playtime":299,"items_purged":[],"score":80,"play_id":"e80c2771-d889-451b-8b44-a48f1e0d448a","local_time":"20210120081628","is_ascension_mode":true,"campfire_choices":[],"circlet_count":0,"master_deck":["AscendersBane","Zap","Dualcast","Coolheaded","Core Surge","Static Discharge","Electrodynamics","Leap","Meteor Strike","Blizzard","Thunder Strike","Steam","Turbo","Cold Snap","Skim"],"relics":["Pandora\u0027s Box"],"acts_visited":["Exordium"],"potions_floor_usage":[],"damage_taken":[{"damage":12.0,"enemies":"Jaw Worm","floor":1.0,"turns":3.0},{"damage":0.0,"enemies":"2 Louse","floor":2.0,"turns":2.0},{"damage":0,"enemies":"Cultist","floor":3,"turns":2},{"damage":15,"enemies":"Exordium Wildlife","floor":4,"turns":4},{"damage":29,"enemies":"Exordium Thugs","floor":5,"turns":3},{"damage":8,"enemies":"3 Sentries","floor":6,"turns":1}],"seed_played":"-3117882492024842962","potions_obtained":[{"floor":2,"key":"LiquidBronze"},{"floor":5,"key":"SpeedPotion"}],"is_trial":false,"path_per_floor":["M","M","M","M","M","E"],"character_chosen":"DEFECT","items_purchased":[],"campfire_rested":0,"item_purchase_floors":[],"current_hp_per_floor":[52,52,52,37,8,0,0],"gold":183,"neow_bonus":"BOSS_RELIC","is_daily":false,"chose_seed":false,"campfire_upgraded":0,"win_rate":0.0,"timestamp":1611152188,"path_taken":["M","M","M","M","M","E"],"items_purchased_type":[],"build_version":"2020-12-22","purchased_purges":0,"victory":false,"max_hp_per_floor":[71,71,71,71,71,71,71],"relic_stats":{"counters":[6,15],"Pandora\u0027s Box":["Coolheaded","Core Surge","Static Discharge","Electrodynamics","Leap","Meteor Strike","Blizzard","Thunder Strike"],"obtain_stats":[{"Pandora\u0027s Box":0,"Cracked Core":0},{"Pandora\u0027s Box":0,"Cracked Core":0},{"Pandora\u0027s Box":0,"Cracked Core":0}]},"card_choices":[{"not_picked":["Redo","Go for the Eyes"],"picked":"Steam","floor":1.0},{"not_picked":["Ball Lightning","Steam"],"picked":"Turbo","floor":2},{"not_picked":["BootSequence","Reprogram"],"picked":"Cold Snap","floor":3},{"not_picked":["Coolheaded","Sweeping Beam","White Noise"],"picked":"SKIP","floor":4},{"not_picked":["FTL","Go for the Eyes"],"picked":"Skim","floor":5}],"player_experience":1157618,"relics_obtained":[],"event_choices":[],"is_beta":false,"boss_relics":[],"items_purged_floors":[],"is_endless":false,"potions_floor_spawned":[2,5],"killed_by":"3 Sentries","ascension_level":20}}