{"host":"nrxstibvl428zo7h","time":1611179816,"event":{"mods":["AchievementEnabler","BaseMod","Colored Map","Dark Map","Minty Spire (QoL Compilation)","StSLib"],"gold_per_floor":[111,186,186,211,211,250,3,3,28,28,46,46,46,66,66,186,186,202,217,217,260,260,260,304,317,317,335,250,349,23,23,23,23,23],"floor_reached":33,"language":"ENG","playtime":843,"items_purged":[],"score":286,"play_id":"6f613804-22a9-4fe7-8df7-846944306f23","local_time":"20210120135656","is_ascension_mode":false,"campfire_choices":[{"data":"1","floor":8,"key":"LIFT"},{"data":"2","floor":13,"key":"LIFT"},{"floor":15,"key":"REST"},{"data":"3","floor":23,"key":"LIFT"},{"floor":32,"key":"REST"}],"circlet_count":0,"master_deck":["Strike_R+1","Strike_R+1","Strike_R+1","Strike_R+1","Strike_R+1","Defend_R+1","Defend_R+1","Defend_R+1","Defend_R+1","Bash","Cleave","Anger","Dropkick","Twin Strike","Feed","Sword Boomerang","Cleave","J.A.X.","Heavy Blade+1","Sword Boomerang+1","Heavy Blade+1","Power Through","Feed"],"relics":["Burning Blood","Girya","Golden Idol","Shuriken","Smiling Mask","Singing Bowl","PreservedInsect","Black Star","Red Mask","Potion Belt","Unceasing Top","TungstenRod","Mummified Hand","DollysMirror","Regal Pillow"],"acts_visited":["Exordium","TheCity"],"potions_floor_usage":[],"damage_taken":[{"damage":0,"enemies":"2 Louse","floor":1,"turns":2},{"damage":6,"enemies":"Jaw Worm","floor":4,"turns":5},{"damage":34,"enemies":"3 Sentries","floor":6,"turns":7},{"damage":1,"enemies":"Cultist","floor":11,"turns":3},{"damage":6,"enemies":"Large Slime","floor":14,"turns":4},{"damage":20,"enemies":"Slime Boss","floor":16,"turns":9},{"damage":33,"enemies":"3 Byrds","floor":18,"turns":6},{"damage":5,"enemies":"Spheric Guardian","floor":19,"turns":3},{"damage":9,"enemies":"Masked Bandits","floor":21,"turns":3},{"damage":21,"enemies":"Book of Stabbing","floor":24,"turns":3},{"damage":30,"enemies":"Centurion and Healer","floor":25,"turns":5},{"damage":18,"enemies":"3 Cultists","floor":27,"turns":4},{"damage":97,"enemies":"Automaton","floor":33,"turns":6}],"seed_played":"2371146243570455358","potions_obtained":[{"floor":1,"key":"SkillPotion"},{"floor":6,"key":"Swift Potion"},{"floor":14,"key":"DuplicationPotion"},{"floor":25,"key":"Ancient Potion"}],"is_trial":false,"path_per_floor":["M","?","?","M","T","E","$","R","T","$","M","?","R","M","R","B",null,"M","M","?","?","?","R","E","M","T","M","?","?","$","?","R","B"],"character_chosen":"IRONCLAD","items_purchased":["Singing Bowl","Power Through","DollysMirror","Regal Pillow"],"campfire_rested":2,"item_purchase_floors":[7,30,30,30],"current_hp_per_floor":[62,51,51,51,51,23,23,23,23,23,30,35,35,35,59,45,81,57,61,61,61,61,61,48,24,24,15,15,15,15,15,58,0,0],"gold":23,"neow_bonus":"ONE_RARE_RELIC","is_daily":false,"chose_seed":false,"campfire_upgraded":0,"win_rate":0.0,"timestamp":1611179816,"path_taken":["M","?","?","M","?","E","?","R","T","$","?","?","R","M","R","BOSS","M","M","?","?","?","R","E","?","T","M","?","?","$","?","R","BOSS"],"items_purchased_type":["Relic","Card","Relic","Relic"],"build_version":"2020-12-22","purchased_purges":0,"victory":false,"max_hp_per_floor":[80,80,74,74,74,74,74,74,74,74,76,81,81,81,81,81,81,84,87,87,90,90,90,92,92,92,95,95,95,95,95,95,95,95],"card_choices":[{"not_picked":["Metallicize","True Grit"],"picked":"Cleave","floor":1},{"not_picked":["Second Wind","Wild Strike"],"picked":"Anger","floor":4},{"not_picked":["True Grit","Exhume"],"picked":"Dropkick","floor":6},{"not_picked":["Anger","Pommel Strike","Wild Strike"],"picked":"Singing Bowl","floor":11},{"not_picked":["Burning Pact","Feel No Pain"],"picked":"Twin Strike","floor":14},{"not_picked":["Double Tap","Brutality"],"picked":"Feed","floor":16},{"not_picked":["Anger+1","Dual Wield+1"],"picked":"Sword Boomerang","floor":18},{"not_picked":["Bloodletting","Power Through"],"picked":"Cleave","floor":19},{"not_picked":["Headbutt","Cleave"],"picked":"Heavy Blade+1","floor":21},{"not_picked":["Clothesline","Wild Strike","Dropkick"],"picked":"Singing Bowl","floor":24},{"not_picked":["Twin Strike","Disarm"],"picked":"Sword Boomerang+1","floor":25},{"not_picked":["Body Slam","Bloodletting"],"picked":"Heavy Blade+1","floor":27}],"player_experience":85704,"relics_obtained":[{"floor":5,"key":"Shuriken"},{"floor":6,"key":"Smiling Mask"},{"floor":9,"key":"PreservedInsect"},{"floor":21,"key":"Red Mask"},{"floor":24,"key":"Potion Belt"},{"floor":24,"key":"Unceasing Top"},{"floor":26,"key":"TungstenRod"}],"event_choices":[{"damage_healed":0,"gold_gain":75,"player_choice":"Gather Gold","damage_taken":11,"max_hp_gain":0,"max_hp_loss":0,"event_name":"World of Goop","floor":2,"gold_loss":0},{"damage_healed":0,"gold_gain":0,"player_choice":"Lose Max HP","damage_taken":0,"relics_obtained":["Golden Idol"],"max_hp_gain":0,"max_hp_loss":6,"event_name":"Golden Idol","floor":3,"gold_loss":0},{"damage_healed":0,"gold_gain":0,"player_choice":"Donut","damage_taken":0,"max_hp_gain":5,"max_hp_loss":0,"event_name":"Big Fish","floor":12,"gold_loss":0},{"damage_healed":0,"gold_gain":0,"player_choice":"Obtain J.A.X.","damage_taken":0,"max_hp_gain":0,"max_hp_loss":0,"event_name":"Drug Dealer","floor":20,"gold_loss":0,"cards_obtained":["J.A.X."]},{"damage_healed":0,"gold_gain":0,"player_choice":"Fought Bandits","damage_taken":0,"max_hp_gain":0,"max_hp_loss":0,"event_name":"Masked Bandits","floor":21,"gold_loss":0},{"damage_healed":0,"gold_gain":0,"player_choice":"Ignored","damage_taken":0,"max_hp_gain":0,"max_hp_loss":0,"event_name":"Ghosts","floor":22,"gold_loss":0},{"damage_healed":0,"gold_gain":0,"player_choice":"Obtained Relic","damage_taken":0,"relics_obtained":["Mummified Hand"],"max_hp_gain":0,"max_hp_loss":0,"event_name":"Addict","floor":28,"gold_loss":85},{"damage_healed":0,"gold_gain":99,"player_choice":"Stole From Cult","damage_taken":0,"max_hp_gain":0,"max_hp_loss":0,"event_name":"Nest","floor":29,"gold_loss":0},{"damage_healed":0,"gold_gain":0,"player_choice":"Simplicity","damage_taken":0,"max_hp_gain":0,"max_hp_loss":0,"event_name":"Back to Basics","floor":31,"gold_loss":0,"cards_upgraded":["Strike_R","Strike_R","Strike_R","Strike_R","Strike_R","Defend_R","Defend_R","Defend_R","Defend_R"]}],"is_beta":false,"boss_relics":[{"not_picked":["Busted Crown","Calling Bell"],"picked":"Black Star"}],"items_purged_floors":[],"is_endless":false,"potions_floor_spawned":[1,6,14,21,25],"killed_by":"Automaton","ascension_level":0}}