{"host":"i0s8vbixp24k5aul","time":1611146317,"event":{"mods":["2.2 Compatiblity","Act Like it!","Aspiration","BaseMod","Better Note","Better Third Choice","Better Vampires","BetterUpgradePreview","Colorless Booster Pack","Displayed Cursed Tome","Energized Spire","Fox Events","GifTheSpireLib","Gremlin Mod","Halation","Hermit","Hubris","HumanHunterMod(????mod)","Infinite Spire","Jedi Mod","Minty Spire (QoL Compilation)","Optimize The Spire","Poor People Problems","Potionbrewer","Random Character Mod","Shade Mod","StSLib","Stuff the Spire","Swap Starting Deck Mod","The Animator","The Bug Knight","The Construct","The Cursed","The Disciple","The Mystic","TheHero","TheWitcher","vexMod","??????REMEMod"],"gold_per_floor":[139,139,164,114,129,129,154,154],"floor_reached":7,"language":"RUS","playtime":738,"items_purged":[],"score":89,"play_id":"6277b659-2530-406f-b600-1a4b0c66d7b8","local_time":"20210120153837","daily_mods":["Shiny","Red Cards","DeadlyEvents"],"is_ascension_mode":false,"campfire_choices":[{"floor":6,"key":"REST"}],"circlet_count":0,"master_deck":["Double Tap","Exhume","REME_Fury","Bludgeon","Limit Break","REME_TheLastStrike","jedi:bloodyhammer","Impervious","Juggernaut","Brutality","Feed","Barricade","hubris:StunningStrike","REME_ACTH","Fiend Fire","jedi:strikingstrike","jedi:unlimitedpower","jedi:harder","Demon Form","Berserk","Offering","Corruption","Reaper","Immolate+1","animator:Guren","animator:Eve","animator:Boros","animator:Hans","animator:HomuraAkemi","animator:Shiro","animator:GoblinSlayer","animator:Ainz","animator:Gilgamesh+3","animator:FeridBathory","animator:Shizu","animator:HigakiRinne","animator:ItamiYouji+1","animator:Greed","animator:SwordMaiden","animator:PinaCoLada","animator:Saber","animator:MadokaKaname","animator:ChaikaTrabant","animator:Biyorigo","animator:AcuraShin","animator:Saitama","animator:Sora","animator:Albedo","animator:Rimuru","animator:Envy","animator:Wiz","animator:Kyubey","animator:Elesis","animator:Shiro","jedi:bloodyhammer"],"relics":["animator:LivingPicture","animator:TheMissingPiece","REME_ComplimentaryCards","hubris:Towel","Philosopher\u0027s Stone"],"acts_visited":["Exordium"],"potions_floor_usage":[5,7],"damage_taken":[{"damage":8,"enemies":"2 Louse","floor":1,"turns":1},{"damage":14,"enemies":"Small Slimes","floor":5,"turns":3},{"damage":55,"enemies":"3 Sentries","floor":7,"turns":7}],"seed_played":"-1760728548950895142","potions_obtained":[{"floor":1,"key":"Block Potion"},{"floor":5,"key":"potionbrewer:MidasPotion"}],"is_trial":false,"path_per_floor":["M","?","?","?","M","R","E"],"character_chosen":"THE_ANIMATOR","items_purchased":[],"campfire_rested":1,"item_purchase_floors":[],"current_hp_per_floor":[58,61,61,61,47,67,0,0],"gold":154,"neow_bonus":"","is_daily":true,"chose_seed":false,"campfire_upgraded":0,"win_rate":0.0,"timestamp":1611146317,"path_taken":["M","?","?","?","M","R","E"],"items_purchased_type":[],"build_version":"2020-12-22","purchased_purges":0,"victory":false,"max_hp_per_floor":[66,69,69,69,69,69,40,40],"card_choices":[{"not_picked":["Sword Boomerang","StuffTheSpire:Incineration","animator:Genos"],"picked":"SKIP","floor":1},{"not_picked":["StuffTheSpire:Slingshot","animator:Mitsurugi"],"picked":"jedi:bloodyhammer","floor":5}],"player_experience":973400,"relics_obtained":[],"event_choices":[{"cards_removed":["StuffTheSpire:TitanForm"],"damage_healed":0,"gold_gain":0,"player_choice":"Card Removal","damage_taken":0,"max_hp_gain":0,"max_hp_loss":0,"event_name":"The Cleric","floor":4,"gold_loss":50}],"is_beta":false,"boss_relics":[],"items_purged_floors":[],"is_endless":false,"potions_floor_spawned":[1,5],"killed_by":"3 Sentries","ascension_level":0}}