{"host":"ifd7sfhtlbe34qll","time":1611181292,"event":{"mods":["2.2 Compatiblity","BaseMod","Block Reminder","Colored Map","Curses Come First","Downfall","Highlight Path","Minty Spire (QoL Compilation)","Potion Indicator Mod","Quick Restart","Relic Stats","StSLib"],"gold_per_floor":[112,37,55,105,120,148,158,158,181,194,224,239,270,29,29,103,103,113,131,151,151,167,167,167,167],"floor_reached":24,"language":"ENG","playtime":1132,"items_purged":[],"score":440,"play_id":"c09a8e73-9822-4868-aac4-faf0658b08bb","local_time":"20210120162132","is_ascension_mode":true,"campfire_choices":[{"data":"Bash","floor":8.0,"key":"SMITH"},{"data":"Disarm","floor":15,"key":"SMITH"},{"floor":23,"key":"REST"}],"circlet_count":0,"master_deck":["AscendersBane","Strike_R","Strike_R","Strike_R","Strike_R+1","Defend_R+1","Defend_R","Defend_R","Defend_R","Bash+1","Anger+1","Headbutt","Wild Strike","Berserk","Clothesline","Shrug It Off+1","Warcry","Evolve","Disarm+1","Offering","Shrug It Off","Spot Weakness","Thunderclap"],"relics":["Burning Blood","Lizard Tail","Potion Belt","Whetstone","Strawberry","Kunai","champ:Barbells","Mark of Pain"],"acts_visited":["Exordium","TheCity"],"potions_floor_usage":[16,20,22],"damage_taken":[{"damage":7.0,"enemies":"Small Slimes","floor":1.0,"turns":3.0},{"damage":0.0,"enemies":"Cultist","floor":3.0,"turns":3.0},{"damage":2.0,"enemies":"Jaw Worm","floor":5.0,"turns":3.0},{"damage":25.0,"enemies":"Lagavulin","floor":6.0,"turns":7.0},{"damage":7.0,"enemies":"2 Fungi Beasts","floor":7.0,"turns":4.0},{"damage":17.0,"enemies":"Exordium Thugs","floor":10.0,"turns":5.0},{"damage":6.0,"enemies":"Gremlin Nob","floor":11.0,"turns":3.0},{"damage":13.0,"enemies":"Exordium Wildlife","floor":12.0,"turns":4.0},{"damage":14.0,"enemies":"3 Sentries","floor":13.0,"turns":8.0},{"damage":36,"enemies":"Hexaghost","floor":16,"turns":10},{"damage":10,"enemies":"3 Byrds","floor":18,"turns":7},{"damage":20,"enemies":"Shell Parasite","floor":19,"turns":6},{"damage":14,"enemies":"Centurion and Healer","floor":20,"turns":7},{"damage":12,"enemies":"Snake Plant","floor":22,"turns":4},{"damage":48,"enemies":"Cultist and Chosen","floor":24,"turns":5}],"seed_played":"-4556808770019033145","potions_obtained":[{"floor":7.0,"key":"SpeedPotion"},{"floor":10.0,"key":"ColorlessPotion"},{"floor":12.0,"key":"ElixirPotion"},{"floor":16,"key":"Block Potion"},{"floor":18,"key":"DistilledChaos"},{"floor":20,"key":"EssenceOfSteel"}],"is_trial":false,"path_per_floor":["M","?","M","?","M","E","M","R","T","M","E","M","E","$","R","B",null,"M","M","M","?","M","R","M"],"character_chosen":"IRONCLAD","items_purchased":["champ:Barbells","Disarm"],"campfire_rested":1,"item_purchase_floors":[14,14],"current_hp_per_floor":[67,67,68,62,66,47,46,46,46,35,42,35,27,27,27,35,65,61,47,39,18,12,36,0,0],"gold":167,"neow_bonus":"ONE_RARE_RELIC","is_daily":false,"chose_seed":false,"campfire_upgraded":2,"win_rate":0.0,"timestamp":1611181292,"path_taken":["M","?","M","?","M","E","M","R","T","M","E","?","E","?","R","BOSS","M","M","M","?","M","R","M"],"items_purchased_type":["Relic","Card"],"build_version":"2020-12-22","purchased_purges":0,"victory":false,"max_hp_per_floor":[68,68,68,68,68,68,68,68,68,68,75,75,75,75,75,75,75,75,75,75,80,80,80,80,80],"relic_stats":{"Lizard Tail":37,"counters":[15,79],"Whetstone":["Anger","Strike_R"],"Kunai":[14],"obtain_stats":[{"Potion Belt":6,"champ:Barbells":14,"Lizard Tail":0,"Strawberry":11,"Mark of Pain":17,"Whetstone":9,"Kunai":13,"Burning Blood":0},{"Potion Belt":4,"champ:Barbells":9,"Lizard Tail":0,"Strawberry":7,"Mark of Pain":10,"Whetstone":5,"Kunai":9,"Burning Blood":0},{"Potion Belt":16,"champ:Barbells":40,"Lizard Tail":0,"Strawberry":28,"Mark of Pain":50,"Whetstone":20,"Kunai":40,"Burning Blood":0}],"Burning Blood":79},"card_choices":[{"not_picked":["Headbutt","Clash"],"picked":"Anger","floor":1.0},{"not_picked":["Flex","Havoc"],"picked":"Headbutt","floor":3.0},{"not_picked":["Bloodletting","Body Slam"],"picked":"Wild Strike","floor":5.0},{"not_picked":["Thunderclap","Sentinel"],"picked":"Berserk","floor":6.0},{"not_picked":["Flex","Sentinel"],"picked":"Clothesline","floor":7.0},{"not_picked":["Flex","True Grit"],"picked":"Shrug It Off","floor":10.0},{"not_picked":["Sword Boomerang","Rage","Warcry"],"picked":"SKIP","floor":11.0},{"not_picked":["Rupture","Perfected Strike"],"picked":"Warcry","floor":12.0},{"not_picked":["Anger","Sever Soul"],"picked":"Evolve","floor":13.0},{"not_picked":["Bludgeon","Juggernaut"],"picked":"Offering","floor":16},{"not_picked":["Intimidate","Flex"],"picked":"Shrug It Off","floor":18},{"not_picked":["Heavy Blade","Inflame"],"picked":"Spot Weakness","floor":19},{"not_picked":["Sentinel","Flex","Second Wind"],"picked":"SKIP","floor":20},{"not_picked":["Iron Wave","Flex"],"picked":"Thunderclap","floor":22}],"player_experience":1671810,"relics_obtained":[{"floor":6.0,"key":"Potion Belt"},{"floor":9.0,"key":"Whetstone"},{"floor":11.0,"key":"Strawberry"},{"floor":13.0,"key":"Kunai"}],"event_choices":[{"cards_removed":["Strike_R"],"damage_healed":0.0,"max_hp_gain":0.0,"max_hp_loss":0.0,"gold_gain":0.0,"event_name":"The Cleric","player_choice":"Card Removal","floor":2.0,"gold_loss":75.0,"damage_taken":0.0},{"damage_healed":0.0,"max_hp_gain":0.0,"max_hp_loss":0.0,"gold_gain":50.0,"event_name":"FaceTrader","player_choice":"Touch","floor":4.0,"gold_loss":0.0,"damage_taken":6.0},{"damage_healed":0,"gold_gain":0,"player_choice":"Shed Blood","damage_taken":26,"max_hp_gain":5,"max_hp_loss":0,"event_name":"Forgotten Altar","floor":21,"gold_loss":0}],"is_beta":false,"boss_relics":[{"not_picked":["Runic Dome","Busted Crown"],"picked":"Mark of Pain"}],"items_purged_floors":[],"is_endless":false,"potions_floor_spawned":[7,10,12,16,18,20],"killed_by":"Cultist and Chosen","ascension_level":20}}