{"host":"kw4o7b3ro2ktmmbe","time":1611139815,"event":{"mods":["BaseMod","Evolution","Minty Spire (QoL Compilation)","StSLib","The Druid"],"gold_per_floor":[109,109,109,126,136,136,147,147,147,97,116,216,231,251,251,354,354,368,380,413,413,7,7,41,221,247,247,247,93,124,140,140,244,244,256,256,107,122,122,122],"floor_reached":39,"language":"ENG","playtime":4614,"items_purged":[],"score":477,"play_id":"e7b71b37-d947-4366-89d0-09e902d07121","local_time":"20210120235015","is_ascension_mode":true,"campfire_choices":[{"data":"theDruid:BriarArmor","floor":6.0,"key":"SMITH"},{"data":"theDruid:NaturalAgility","floor":15.0,"key":"SMITH"},{"data":"theDruid:Rabid","floor":23.0,"key":"SMITH"},{"data":"theDruid:TearOpen","floor":32.0,"key":"SMITH"}],"circlet_count":0,"master_deck":["theDruid:IronClaw","theDruid:IronClaw+1","theDruid:Defend_O","theDruid:Defend_O","theDruid:Defend_O","theDruid:BriarArmor+1","theDruid:WildSlash","theDruid:PouncingStrike","theDruid:BriarArmor","theDruid:Rabid+1","theDruid:Forage","theDruid:PouncingStrike","theDruid:Restoration","theDruid:ForestGuard","theDruid:NaturalAgility+1","theDruid:TearOpen+1","theDruid:MysticBarrier+1","theDruid:PrimalStrength","Normality","Bite","Bite","Bite","Bite","Bite","theDruid:TearOpen","theDruid:FullMoon+1","Panache","Mayhem","Master of Strategy","theDruid:FeralPlants+1"],"relics":["EVO:Axolotl","Philosopher\u0027s Stone","theDruid:BoarsTusk","StrikeDummy","Cursed Key","Red Mask","MutagenicStrength","Meat on the Bone","PreservedInsect","Nunchaku","Akabeko","Pen Nib","Dream Catcher","SlaversCollar","Bag of Preparation"],"acts_visited":["Exordium","TheCity","TheBeyond"],"potions_floor_usage":[],"damage_taken":[{"damage":0.0,"enemies":"Jaw Worm","floor":1.0,"turns":3.0},{"damage":2.0,"enemies":"Cultist","floor":4.0,"turns":4.0},{"damage":0.0,"enemies":"2 Louse","floor":5.0,"turns":2.0},{"damage":0.0,"enemies":"Large Slime","floor":7.0,"turns":5.0},{"damage":0.0,"enemies":"2 Fungi Beasts","floor":11.0,"turns":2.0},{"damage":18.0,"enemies":"Exordium Thugs","floor":13.0,"turns":5.0},{"damage":2.0,"enemies":"Looter","floor":14.0,"turns":3.0},{"damage":29.0,"enemies":"The Guardian","floor":16.0,"turns":9.0},{"damage":0.0,"enemies":"Spheric Guardian","floor":18.0,"turns":4.0},{"damage":4.0,"enemies":"Shell Parasite","floor":19.0,"turns":6.0},{"damage":17.0,"enemies":"Masked Bandits","floor":20.0,"turns":5.0},{"damage":34.0,"enemies":"Slavers","floor":24.0,"turns":7.0},{"damage":1.0,"enemies":"Cultist and Chosen","floor":27.0,"turns":4.0},{"damage":11.0,"enemies":"Book of Stabbing","floor":30.0,"turns":5.0},{"damage":2.0,"enemies":"Centurion and Healer","floor":31.0,"turns":6.0},{"damage":23.0,"enemies":"Champ","floor":33.0,"turns":9.0},{"damage":31.0,"enemies":"3 Darklings","floor":35.0,"turns":5.0},{"damage":10.0,"enemies":"Orb Walker","floor":38.0,"turns":4.0},{"damage":117,"enemies":"Writhing Mass","floor":39,"turns":4}],"seed_played":"-415380521103465021","potions_obtained":[{"floor":7.0,"key":"CultistPotion"},{"floor":13.0,"key":"Strength Potion"},{"floor":16.0,"key":"ColorlessPotion"},{"floor":18.0,"key":"Block Potion"},{"floor":19.0,"key":"EssenceOfSteel"},{"floor":20.0,"key":"SmokeBomb"},{"floor":31.0,"key":"Fire Potion"},{"floor":33.0,"key":"FairyPotion"}],"is_trial":false,"path_per_floor":["M","?","?","M","M","R","M","?","T","?","M","?","M","M","R","B",null,"M","M","?","?","$","R","E","?","T","M","?","$","E","M","R","B",null,"M","?","$","M","M"],"character_chosen":"DRUID","items_purchased":["Meat on the Bone","PreservedInsect","Pen Nib","Bag of Preparation"],"campfire_rested":0,"item_purchase_floors":[22,22,29,37],"current_hp_per_floor":[75,63,63,61,64,64,67,52,52,52,52,52,37,38,38,12,75,75,74,58,58,58,58,39,20,20,34,34,34,36,47,47,48,52,29,19,19,30,0,0],"gold":122,"neow_bonus":"BOSS_RELIC","is_daily":false,"chose_seed":false,"campfire_upgraded":4,"win_rate":0.0,"timestamp":1611139815,"path_taken":["M","?","?","M","?","R","M","?","T","?","M","?","M","M","R","BOSS","M","M","?","?","$","R","E","?","T","?","?","$","E","M","R","BOSS","M","?","$","M","M"],"items_purchased_type":["Relic","Relic","Relic","Relic"],"build_version":"2020-12-22","purchased_purges":0,"victory":false,"max_hp_per_floor":[75,75,75,75,75,75,75,75,75,75,75,75,75,75,75,75,75,75,75,75,75,75,75,75,75,75,75,52,52,52,52,52,52,52,52,52,52,52,52,52],"card_choices":[{"not_picked":["theDruid:IronClaw","theDruid:Slingshot","theDruid:Swipe"],"picked":"SKIP","floor":1.0},{"not_picked":["theDruid:Untamed","theDruid:BagofTricks"],"picked":"theDruid:Forage","floor":4.0},{"not_picked":["theDruid:IronClaw","theDruid:Starfall"],"picked":"theDruid:PouncingStrike","floor":5.0},{"not_picked":["theDruid:Scavenge","theDruid:IronClaw"],"picked":"theDruid:Restoration","floor":7.0},{"not_picked":["theDruid:ThickHide","theDruid:FuriousSlash"],"picked":"theDruid:ForestGuard","floor":11.0},{"not_picked":["theDruid:Stampede","theDruid:Starfall","theDruid:Adaptation"],"picked":"SKIP","floor":13.0},{"not_picked":["theDruid:IronClaw","theDruid:FaerieFire"],"picked":"theDruid:NaturalAgility","floor":14.0},{"not_picked":["theDruid:SpiritCall","theDruid:HailofThorns"],"picked":"theDruid:TearOpen","floor":16.0},{"not_picked":["theDruid:Scavenge","theDruid:AstralShield"],"picked":"theDruid:MysticBarrier+1","floor":18.0},{"not_picked":["theDruid:Gore+1","theDruid:ThickHide","theDruid:TakeShelter"],"picked":"SKIP","floor":19.0},{"not_picked":["theDruid:SurvivalCache","theDruid:PlagueClaw"],"picked":"theDruid:PrimalStrength","floor":24.0},{"not_picked":["theDruid:PlagueClaw","theDruid:BlessedStrike","theDruid:BagofTricks+1"],"picked":"SKIP","floor":30.0},{"not_picked":["theDruid:TakeShelter","theDruid:BloodiedFur","theDruid:BackupSupplies"],"picked":"SKIP","floor":31.0},{"not_picked":["theDruid:SurvivalCache","theDruid:IronbarkArmor"],"picked":"theDruid:TearOpen","floor":33.0},{"not_picked":["theDruid:AstralShield+1","theDruid:Swipe"],"picked":"theDruid:FullMoon+1","floor":35.0},{"not_picked":["Sadistic Nature","Jack Of All Trades"],"picked":"Panache","floor":36.0},{"not_picked":["HandOfGreed","Chrysalis"],"picked":"Mayhem","floor":36.0},{"not_picked":["Finesse","PanicButton"],"picked":"Master of Strategy","floor":36.0},{"not_picked":["theDruid:PlagueClaw+1","theDruid:TwilightsCall"],"picked":"theDruid:FeralPlants+1","floor":38.0}],"player_experience":1851644,"relics_obtained":[{"floor":9.0,"key":"StrikeDummy"},{"floor":20.0,"key":"Red Mask"},{"floor":24.0,"key":"Nunchaku"},{"floor":26.0,"key":"Akabeko"},{"floor":30.0,"key":"Dream Catcher"}],"event_choices":[{"damage_healed":0.0,"max_hp_gain":0.0,"max_hp_loss":0.0,"gold_gain":0.0,"event_name":"Scrap Ooze","player_choice":"Success","floor":2.0,"gold_loss":0.0,"damage_taken":12.0,"relics_obtained":["theDruid:BoarsTusk"]},{"damage_healed":0.0,"max_hp_gain":0.0,"max_hp_loss":0.0,"gold_gain":0.0,"event_name":"Match and Keep!","player_choice":"3 cards matched","floor":3.0,"gold_loss":0.0,"damage_taken":0.0,"cards_obtained":["theDruid:PouncingStrike","theDruid:BriarArmor","theDruid:Rabid"]},{"damage_healed":0.0,"max_hp_gain":0.0,"max_hp_loss":0.0,"gold_gain":0.0,"event_name":"Shining Light","player_choice":"Entered Light","floor":8.0,"gold_loss":0.0,"damage_taken":15.0,"cards_upgraded":["theDruid:Strike_O","theDruid:IronClaw"]},{"cards_removed":["theDruid:Defend_O"],"damage_healed":0.0,"max_hp_gain":0.0,"max_hp_loss":0.0,"gold_gain":0.0,"event_name":"The Cleric","player_choice":"Card Removal","floor":10.0,"gold_loss":50.0,"damage_taken":0.0},{"damage_healed":0.0,"max_hp_gain":0.0,"max_hp_loss":0.0,"gold_gain":100.0,"event_name":"Wheel of Change","player_choice":"Gold","floor":12.0,"gold_loss":0.0,"damage_taken":0.0},{"damage_healed":0.0,"max_hp_gain":0.0,"max_hp_loss":0.0,"gold_gain":0.0,"event_name":"Masked Bandits","player_choice":"Fought Bandits","floor":20.0,"gold_loss":0.0,"damage_taken":0.0},{"damage_healed":0.0,"max_hp_gain":0.0,"max_hp_loss":0.0,"gold_gain":0.0,"event_name":"Drug Dealer","player_choice":"Inject Mutagens","floor":21.0,"gold_loss":0.0,"damage_taken":0.0,"relics_obtained":["MutagenicStrength"]},{"damage_healed":0.0,"max_hp_gain":0.0,"max_hp_loss":0.0,"gold_gain":180.0,"event_name":"Knowing Skull","player_choice":"GOLD GOLD ","floor":25.0,"potions_obtained":[],"gold_loss":0.0,"damage_taken":19.0,"cards_obtained":[]},{"damage_healed":0.0,"max_hp_gain":0.0,"max_hp_loss":23.0,"gold_gain":0.0,"event_name":"Vampires","player_choice":"Became a vampire","floor":28.0,"gold_loss":0.0,"damage_taken":0.0,"cards_obtained":["Bite","Bite","Bite","Bite","Bite"]},{"damage_healed":0.0,"max_hp_gain":0.0,"max_hp_loss":0.0,"gold_gain":0.0,"event_name":"SensoryStone","player_choice":"Memory 3","floor":36.0,"gold_loss":0.0,"damage_taken":10.0}],"is_beta":false,"boss_relics":[{"not_picked":["Astrolabe","Runic Pyramid"],"picked":"Cursed Key"},{"not_picked":["Velvet Choker","SacredBark"],"picked":"SlaversCollar"}],"items_purged_floors":[],"is_endless":false,"potions_floor_spawned":[7,13,16,18,19,20,31,33],"killed_by":"Writhing Mass","ascension_level":2}}