{"host":"opyh6vr790e42ffe","time":1611174177,"event":{"mods":["BaseMod","Colored Map","Highlight Path","Minty Spire (QoL Compilation)","Relic Stats","StSLib"],"gold_per_floor":[110,41,55,16,36,67,67,77,77,77,77,102,122,139,139,211,211,224,71,85,85,85,85],"floor_reached":22,"language":"ENG","playtime":1115,"items_purged":["Strike_B"],"score":417,"play_id":"89ffe1ca-35f1-4812-a462-edf23945ac40","local_time":"20210120122257","is_ascension_mode":true,"campfire_choices":[{"floor":7,"key":"REST"},{"floor":11,"key":"REST"},{"floor":15,"key":"RECALL"}],"circlet_count":0,"master_deck":["AscendersBane","Strike_B","Defend_B","Defend_B","Defend_B","Defend_B","Zap","Dualcast","Compile Driver","Compile Driver","Defragment","Coolheaded","Rainbow","Compile Driver","Hologram","Compile Driver","Turbo","Machine Learning","Tempest+1","Defragment","Reinforced Body","Defragment"],"relics":["Fusion Hammer","Blue Candle","Eternal Feather","Letter Opener","Akabeko","Empty Cage"],"acts_visited":["Exordium","TheCity"],"potions_floor_usage":[6],"damage_taken":[{"damage":4,"enemies":"Small Slimes","floor":1,"turns":3},{"damage":6,"enemies":"Cultist","floor":3,"turns":3},{"damage":9,"enemies":"2 Louse","floor":5,"turns":3},{"damage":29,"enemies":"Gremlin Nob","floor":6,"turns":4},{"damage":0,"enemies":"Looter","floor":8,"turns":3},{"damage":6,"enemies":"Lagavulin","floor":12,"turns":6},{"damage":9,"enemies":"Exordium Thugs","floor":13,"turns":4},{"damage":0,"enemies":"Exordium Wildlife","floor":14,"turns":2},{"damage":24,"enemies":"The Guardian","floor":16,"turns":10},{"damage":7,"enemies":"Spheric Guardian","floor":18,"turns":4},{"damage":36,"enemies":"3 Byrds","floor":20,"turns":3},{"damage":34,"enemies":"3 Cultists","floor":22,"turns":4}],"seed_played":"-2337306649967759304","potions_obtained":[{"floor":5,"key":"Strength Potion"},{"floor":6,"key":"EssenceOfSteel"},{"floor":8,"key":"FocusPotion"}],"is_trial":false,"path_per_floor":["M","?","M","$","M","E","R","M","T","?","R","E","M","M","R","B",null,"M","$","M","?","M"],"character_chosen":"DEFECT","items_purchased":["Defragment","Defragment"],"campfire_rested":2,"item_purchase_floors":[4,19],"current_hp_per_floor":[60,60,54,54,45,16,46,46,46,51,76,70,61,61,73,49,69,62,62,26,26,0,0],"gold":85,"neow_bonus":"BOSS_RELIC","is_daily":false,"chose_seed":false,"campfire_upgraded":0,"win_rate":0.0,"timestamp":1611174177,"path_taken":["M","?","M","?","M","E","R","M","T","?","R","E","M","M","R","BOSS","M","$","M","?","M"],"items_purchased_type":["Card","Card"],"build_version":"2020-12-22","purchased_purges":1,"victory":false,"max_hp_per_floor":[71,71,71,71,71,71,71,71,71,76,76,76,76,76,76,76,76,76,76,76,76,76,76],"relic_stats":{"counters":[12,49],"Blue Candle":[0],"Eternal Feather":30,"Letter Opener":[54],"obtain_stats":[{"Blue Candle":2,"Eternal Feather":6,"Fusion Hammer":0,"Letter Opener":9,"Cracked Core":0,"Empty Cage":17,"Akabeko":12},{"Blue Candle":1,"Eternal Feather":4,"Fusion Hammer":0,"Letter Opener":5,"Cracked Core":0,"Empty Cage":9,"Akabeko":6},{"Blue Candle":3,"Eternal Feather":13,"Fusion Hammer":0,"Letter Opener":16,"Cracked Core":0,"Empty Cage":38,"Akabeko":22}]},"card_choices":[{"not_picked":["Stack","Barrage"],"picked":"Compile Driver","floor":1},{"not_picked":["Turbo","Storm"],"picked":"Compile Driver","floor":3},{"not_picked":["Redo","Barrage"],"picked":"Coolheaded","floor":5},{"not_picked":["Go for the Eyes","Tempest"],"picked":"Rainbow","floor":6},{"not_picked":["Gash","Redo"],"picked":"Compile Driver","floor":8},{"not_picked":["Sweeping Beam","Stack"],"picked":"Hologram","floor":12},{"not_picked":["Redo","Hologram"],"picked":"Compile Driver","floor":13},{"not_picked":["Barrage","Heatsinks"],"picked":"Turbo","floor":14},{"not_picked":["All For One","Reboot"],"picked":"Machine Learning","floor":16},{"not_picked":["Sunder","Undo"],"picked":"Tempest+1","floor":18},{"not_picked":["Barrage","Storm"],"picked":"Reinforced Body","floor":20}],"player_experience":2398801,"relics_obtained":[{"floor":6,"key":"Eternal Feather"},{"floor":9,"key":"Letter Opener"},{"floor":12,"key":"Akabeko"}],"event_choices":[{"damage_healed":0,"gold_gain":0,"player_choice":"Paid Gold","damage_taken":0,"relics_obtained":["Blue Candle"],"max_hp_gain":0,"max_hp_loss":0,"event_name":"WeMeetAgain","floor":2,"gold_loss":69},{"damage_healed":0,"gold_gain":0,"player_choice":"Donut","damage_taken":0,"max_hp_gain":5,"max_hp_loss":0,"event_name":"Big Fish","floor":10,"gold_loss":0},{"damage_healed":0,"gold_gain":0,"player_choice":"Copied","damage_taken":0,"max_hp_gain":0,"max_hp_loss":0,"event_name":"Duplicator","floor":21,"gold_loss":0,"cards_obtained":["Defragment"]}],"is_beta":false,"boss_relics":[{"not_picked":["Busted Crown","Philosopher\u0027s Stone"],"picked":"Empty Cage"}],"items_purged_floors":[19],"is_endless":false,"potions_floor_spawned":[5,6,8,14,16],"killed_by":"3 Cultists","ascension_level":20}}