{"host":"by2xx8ri294xcjpl","time":1611143341,"event":{"mods":["BaseMod","Dota2Spire","Minty Spire (QoL Compilation)","Replay The Spire","StSLib","vexMod","【功能Mod】混沌之环修复补丁","【功能Mod】精心准备","【遗物Mod】简单游戏","【遗物卡牌】REMEMod"],"gold_per_floor":[112,112,287,40,40,75,103,103,103,103,129,161,194,229,321,425,425,439,477,40,79,79,79],"floor_reached":22,"language":"ZHS","playtime":2239,"items_purged":["Doubt"],"score":526,"play_id":"994da757-5f31-488a-80aa-2f8d81b3ae50","local_time":"20210120194901","daily_mods":["Shiny","Allstar","Colorless Cards","Heirloom","Flight","DeadlyEvents"],"is_ascension_mode":true,"campfire_choices":[{"data":"Barricade","floor":8,"key":"SMITH"},{"data":"Hemogenesis","floor":10,"key":"SMITH"}],"circlet_count":0,"master_deck":["Double Tap","Demon Form","REME_ACTH","Fiend Fire","Eclipse","Berserk","Impervious","Juggernaut","Brutality+1","Demonic Infusion","Exhume","Offering","REME_Fury","Bludgeon","Feed","Replay:Many Hands","Limit Break","Corruption","Barricade+1","Hemogenesis+1","REME_TheLastStrike","Reaper","Immolate","Thinking Ahead","Metamorphosis","Master of Strategy","Magnetism","REME_HeartOfCthun","Chrysalis","Mayhem","REME_PuzzleBox","Secret Weapon","Midas Touch","ReplayTheSpireMod:Brewmster","REME_AllRoundStrike","vexMod:StairwayStrike","Poisoned Strike","REME_MawOfCthun","REME_EyeOfCthun+1","REME_WheelOfFate","Sadistic Nature","REME_Flogging","ReplayUltimateDefense","Transmutation","REME_BattleFury","HandOfGreed","ReplayTheSpireMod:Necrogeddon","Apotheosis","Panache","Violence","Secret Technique","REME_BodyOfCthun","The Bomb+1","Crow Ritual","REME_BuildACard","REME_ProfessionalPlagiarism","Replay:Parry","REME_ProfessionalPlagiarism","Flash of Steel","Metamorphosis","Bandage Up","Offering","Shrug It Off","Apotheosis","Flash of Steel","Armaments","Havoc","Disarm","REME_HeartOfCthun","REME_Flogging","Armaments","Swift Strike","Clothesline","Amnesia"],"relics":["Burning Blood","REME_ComplimentaryCards","EasyRelic","StoneCalendar","Pocketwatch","Ancient Tea Set","Mercury Hourglass","Dota2Spire:BladeMail","ReplayTheSpireMod:Ninjato","Dota2Spire:CrimsonGuard","Happy Flower","Mark of Pain","Strawberry","vexMod:RetaliationKit","Ring of Peace"],"acts_visited":["Exordium","TheCity"],"potions_floor_usage":[19],"damage_taken":[{"damage":3,"enemies":"Small Slimes","floor":1,"turns":2},{"damage":16,"enemies":"Replay:BlueRogue","floor":6,"turns":2},{"damage":7,"enemies":"Gremlin Nob","floor":7,"turns":2},{"damage":7,"enemies":"Lagavulin","floor":11,"turns":2},{"damage":0,"enemies":"Gremlin Nob","floor":12,"turns":2},{"damage":9,"enemies":"Replay:BlueRogue","floor":13,"turns":2},{"damage":9,"enemies":"3 Sentries","floor":14,"turns":2},{"damage":22,"enemies":"The Guardian","floor":16,"turns":5},{"damage":11,"enemies":"Shell Parasite","floor":18,"turns":2},{"damage":20,"enemies":"2 Thieves","floor":19,"turns":2},{"damage":10,"enemies":"Cultist and Chosen","floor":21,"turns":3}],"seed_played":"-8113691299624942479","potions_obtained":[{"floor":7,"key":"SkillPotion"},{"floor":11,"key":"Dexterity Potion"},{"floor":16,"key":"Ancient Potion"},{"floor":21,"key":"Elixir"}],"is_trial":true,"path_per_floor":["M","?","?","$","?","E","E","R","T","R","E","E","E","E","R","B",null,"M","M","$","M","?"],"character_chosen":"IRONCLAD","items_purchased":["Apotheosis","Strawberry","vexMod:RetaliationKit"],"campfire_rested":0,"item_purchase_floors":[4,20,20],"current_hp_per_floor":[80,64,64,64,64,54,53,53,53,53,56,70,71,71,71,77,83,78,70,77,73,73,73],"gold":79,"neow_bonus":"","is_daily":false,"chose_seed":false,"campfire_upgraded":2,"win_rate":0.0,"timestamp":1611143341,"path_taken":["M","?","?","?","?","E","E","R","T","R","?","E","E","E","R","BOSS","M","?","$","?","?"],"items_purchased_type":["Card","Relic","Relic"],"build_version":"2020-12-22","purchased_purges":1,"victory":false,"max_hp_per_floor":[80,80,80,80,80,80,80,80,80,80,80,80,80,83,83,83,83,83,83,90,90,90,90],"card_choices":[{"not_picked":["ReplayTheSpireMod:Strike From Hell","Headbutt"],"picked":"Shrug It Off","floor":1},{"not_picked":["Anger","Life Link"],"picked":"Flash of Steel","floor":6},{"not_picked":["REME_BodyOfCthun","Pommel Strike"],"picked":"Armaments","floor":7},{"not_picked":["Abandon","Anger"],"picked":"Havoc","floor":11},{"not_picked":["Anger","Carnage","Run Through"],"picked":"SKIP","floor":12},{"not_picked":["Twin Strike","True Grit"],"picked":"Disarm","floor":13},{"not_picked":["Rupture","Flex"],"picked":"REME_HeartOfCthun","floor":14},{"not_picked":["Violence","Berserk"],"picked":"REME_Flogging","floor":16},{"not_picked":["Clothesline","Life Link"],"picked":"Armaments","floor":18},{"not_picked":["Flex+1","Pommel Strike"],"picked":"Swift Strike","floor":19},{"not_picked":["Heavy Blade","Anger"],"picked":"Clothesline","floor":21}],"player_experience":20301,"relics_obtained":[{"floor":6,"key":"Pocketwatch"},{"floor":7,"key":"Ancient Tea Set"},{"floor":9,"key":"Mercury Hourglass"},{"floor":11,"key":"Dota2Spire:BladeMail"},{"floor":12,"key":"ReplayTheSpireMod:Ninjato"},{"floor":13,"key":"Dota2Spire:CrimsonGuard"},{"floor":14,"key":"Happy Flower"},{"floor":22,"key":"Ring of Peace"}],"event_choices":[{"damage_healed":0,"gold_gain":0,"player_choice":"Entered Light","damage_taken":16,"max_hp_gain":0,"max_hp_loss":0,"event_name":"Shining Light","floor":2,"gold_loss":0,"cards_upgraded":["REME_EyeOfCthun","Brutality"]},{"damage_healed":0,"gold_gain":175,"player_choice":"AGREE","damage_taken":0,"max_hp_gain":0,"max_hp_loss":0,"event_name":"Liars Game","floor":3,"gold_loss":0,"cards_obtained":["Doubt"]}],"is_beta":false,"boss_relics":[{"not_picked":["Dota2Spire:RefresherOrb","REME_DuelDisc"],"picked":"Mark of Pain"}],"items_purged_floors":[4],"is_endless":true,"potions_floor_spawned":[7,11,16,21],"ascension_level":1}}