{"host":"Oniwa","time":1611138741,"event":{"mods":["BaseMod","Colored Map","Colored Powertips","Minty Spire (QoL Compilation)","Relic Stats","Slay the Relics Exporter","SpireBot","StSLib","ojb\u0027s Better Paths Mod","ojb\u0027s Info Mod"],"gold_per_floor":[109,129,51,64,64,90,90,90,117,117,153,153,173,188,188,284,284,298,17,17,35,35,35,49,49,49,79,79,110,110,126,126,200,200,216,270,270,270,47,82,82,110,110,138,163,163,193,204,204,204,204],"floor_reached":50,"language":"JPN","playtime":3782,"items_purged":["Strike_B"],"score":1404,"play_id":"343b36fb-12d3-4adb-8acc-ee3723a540f2","local_time":"20210120193221","is_ascension_mode":true,"campfire_choices":[{"floor":7,"key":"REST"},{"data":"Loop","floor":15,"key":"SMITH"},{"data":"Defragment","floor":23,"key":"SMITH"},{"data":"Buffer","floor":25,"key":"SMITH"},{"data":"Hologram","floor":32,"key":"SMITH"},{"floor":41,"key":"REST"},{"floor":49,"key":"RECALL"}],"circlet_count":0,"master_deck":["AscendersBane","Strike_B+1","Strike_B","Defend_B","Defend_B","Defend_B","Zap","Dualcast+1","Undo","Sweeping Beam","Cold Snap","Streamline","Sunder+1","Loop+1","Reinforced Body","Glacier","Buffer+1","Hologram+1","Apotheosis+1","Defragment+1","BootSequence","Doom and Gloom+1","Rip and Tear+1","Cold Snap","Hyperbeam","Rainbow","CurseOfTheBell","Coolheaded+1","Compile Driver","Redo+1","Redo+1","Compile Driver","Redo+1"],"relics":["SlaversCollar","Juzu Bracelet","Bloody Idol","Toy Ornithopter","Du-Vu Doll","Mercury Hourglass","Runic Dome","Kunai","Happy Flower","Oddly Smooth Stone","Calling Bell","Vajra","Toxic Egg 2","CaptainsWheel","Torii","OrangePellets","Smiling Mask","Cables","Gremlin Horn","Ginger","Emotion Chip","Meat on the Bone"],"acts_visited":["Exordium","TheCity","TheBeyond"],"potions_floor_usage":[6,11,16,24,27,36,44,50,50,50],"damage_taken":[{"damage":7,"enemies":"Cultist","floor":1,"turns":4},{"damage":6,"enemies":"Small Slimes","floor":2,"turns":8},{"damage":0,"enemies":"Jaw Worm","floor":4,"turns":5},{"damage":8,"enemies":"3 Sentries","floor":6,"turns":8},{"damage":7,"enemies":"Lagavulin","floor":11,"turns":7},{"damage":5,"enemies":"Gremlin Gang","floor":13,"turns":3},{"damage":0,"enemies":"3 Louse","floor":14,"turns":3},{"damage":17,"enemies":"Slime Boss","floor":16,"turns":8},{"damage":2,"enemies":"Shell Parasite","floor":18,"turns":9},{"damage":20,"enemies":"2 Thieves","floor":21,"turns":4},{"damage":8,"enemies":"Snake Plant","floor":24,"turns":6},{"damage":0,"enemies":"Slavers","floor":27,"turns":4},{"damage":5,"enemies":"Gremlin Leader","floor":29,"turns":6},{"damage":0,"enemies":"Centurion and Healer","floor":31,"turns":4},{"damage":11,"enemies":"Champ","floor":33,"turns":11},{"damage":2,"enemies":"3 Darklings","floor":35,"turns":3},{"damage":0,"enemies":"2 Orb Walkers","floor":36,"turns":2},{"damage":37,"enemies":"Nemesis","floor":40,"turns":9},{"damage":0,"enemies":"Giant Head","floor":42,"turns":8},{"damage":36,"enemies":"Reptomancer","floor":44,"turns":5},{"damage":0,"enemies":"Mind Bloom Boss Battle","floor":45,"turns":6},{"damage":0,"enemies":"Giant Head","floor":47,"turns":8},{"damage":0,"enemies":"Orb Walker","floor":48,"turns":3},{"damage":62,"enemies":"Time Eater","floor":50,"turns":6}],"seed_played":"4280225407958942724","potions_obtained":[{"floor":1,"key":"EssenceOfSteel"},{"floor":6,"key":"PowerPotion"},{"floor":11,"key":"EssenceOfSteel"},{"floor":16,"key":"DuplicationPotion"},{"floor":29,"key":"LiquidMemories"},{"floor":42,"key":"EssenceOfSteel"},{"floor":45,"key":"EntropicBrew"},{"floor":48,"key":"BlessingOfTheForge"}],"is_trial":false,"path_per_floor":["M","M","$","M","?","E","R","?","T","?","E","?","M","M","R","B",null,"M","$","?","M","?","R","M","R","T","E","?","E","?","M","R","B",null,"M","?","?","?","$","E","R","E","T","E","?","T","E","M","R","B"],"character_chosen":"DEFECT","items_purchased":["Cold Snap","Strength Potion","Apotheosis","OrangePellets","Compile Driver"],"campfire_rested":2,"item_purchase_floors":[3,3,19,39,39],"current_hp_per_floor":[57,51,51,51,30,22,43,43,43,43,41,41,36,36,36,24,54,52,52,52,42,42,42,44,44,44,54,54,54,54,59,59,53,61,64,64,64,64,64,32,51,56,56,30,35,35,40,45,45,0,0],"gold":204,"neow_bonus":"BOSS_RELIC","is_daily":false,"chose_seed":false,"campfire_upgraded":4,"win_rate":0.0,"timestamp":1611138741,"path_taken":["M","?","$","M","?","E","R","?","T","?","E","?","M","M","R","BOSS","M","$","?","M","?","R","M","R","T","E","?","E","?","M","R","BOSS","M","?","?","?","$","E","R","E","T","E","?","?","E","M","R","BOSS"],"items_purchased_type":["Card","Potion","Card","Relic","Card"],"build_version":"2020-12-18","purchased_purges":1,"victory":false,"max_hp_per_floor":[71,71,71,71,71,71,71,64,64,64,64,64,64,64,64,64,64,64,64,64,64,64,64,64,64,64,64,64,64,64,64,64,64,64,64,64,64,64,64,64,64,64,64,64,64,64,64,64,64,64,64],"relic_stats":{"Happy Flower":[23],"Torii":0,"Gremlin Horn":[0,0],"counters":[24,139],"Juzu Bracelet":3,"Ginger":[3],"Smiling Mask":0,"Mercury Hourglass":[373],"Cables":[24,2,13,9,0],"OrangePellets":[1],"Emotion Chip":[4,0,3,1,0],"Bloody Idol":70,"Kunai":[13],"obtain_stats":[{"Happy Flower":27,"Torii":36,"Gremlin Horn":44,"Golden Idol":8,"Oddly Smooth Stone":29,"Vajra":34,"Juzu Bracelet":6,"Ginger":45,"Smiling Mask":40,"Mercury Hourglass":11,"Cables":42,"Du-Vu Doll":10,"Calling Bell":34,"SlaversCollar":0,"Runic Dome":17,"OrangePellets":39,"CaptainsWheel":34,"Emotion Chip":46,"Bloody Idol":20,"Kunai":26,"Toxic Egg 2":34,"Cracked Core":0,"Toy Ornithopter":9,"Meat on the Bone":47},{"Happy Flower":12,"Torii":17,"Gremlin Horn":20,"Golden Idol":4,"Oddly Smooth Stone":13,"Vajra":15,"Juzu Bracelet":4,"Ginger":21,"Smiling Mask":18,"Mercury Hourglass":5,"Cables":19,"Du-Vu Doll":4,"Calling Bell":15,"SlaversCollar":0,"Runic Dome":8,"OrangePellets":17,"CaptainsWheel":15,"Emotion Chip":21,"Bloody Idol":9,"Kunai":11,"Toxic Egg 2":15,"Cracked Core":0,"Toy Ornithopter":4,"Meat on the Bone":22},{"Happy Flower":69,"Torii":94,"Gremlin Horn":116,"Golden Idol":25,"Oddly Smooth Stone":75,"Vajra":90,"Juzu Bracelet":25,"Ginger":122,"Smiling Mask":103,"Mercury Hourglass":32,"Cables":111,"Du-Vu Doll":25,"Calling Bell":90,"SlaversCollar":0,"Runic Dome":46,"OrangePellets":94,"CaptainsWheel":90,"Emotion Chip":122,"Bloody Idol":55,"Kunai":65,"Toxic Egg 2":90,"Cracked Core":0,"Toy Ornithopter":25,"Meat on the Bone":130}],"Toy Ornithopter":40,"Meat on the Bone":0},"card_choices":[{"not_picked":["Gash","Force Field"],"picked":"Undo","floor":1},{"not_picked":["Force Field","Barrage"],"picked":"Sweeping Beam","floor":2},{"not_picked":["Go for the Eyes","Skim"],"picked":"Streamline","floor":4},{"not_picked":["Gash","Lockon"],"picked":"Sunder","floor":6},{"not_picked":["Barrage","Cold Snap"],"picked":"Loop","floor":11},{"not_picked":["Storm","Rebound"],"picked":"Reinforced Body","floor":13},{"not_picked":["Rip and Tear","Chaos"],"picked":"Glacier","floor":14},{"not_picked":["Hyperbeam","Amplify"],"picked":"Buffer","floor":16},{"not_picked":["Reprogram","Beam Cell"],"picked":"Hologram","floor":18},{"not_picked":["Lockon","Darkness"],"picked":"Defragment","floor":21},{"not_picked":["Stack","Barrage"],"picked":"Rip and Tear+1","floor":24},{"not_picked":["Streamline","Gash"],"picked":"Cold Snap","floor":27},{"not_picked":["Force Field","Stack","Redo"],"picked":"SKIP","floor":29},{"not_picked":["Leap","Barrage","Hyperbeam"],"picked":"SKIP","floor":31},{"not_picked":["Hyperbeam","Thunder Strike"],"picked":"Rainbow","floor":33},{"not_picked":["Streamline","Stack+1"],"picked":"Go for the Eyes+1","floor":35},{"not_picked":["Steam Power+1","Ball Lightning"],"picked":"Coolheaded+1","floor":36},{"not_picked":["Rip and Tear","Sweeping Beam"],"picked":"Redo+1","floor":40},{"not_picked":["Blizzard","Reboot+1"],"picked":"Redo+1","floor":42},{"not_picked":["Hologram+1","Scrape"],"picked":"Compile Driver","floor":44},{"not_picked":["Chill+1","Steam+1","Leap+1"],"picked":"SKIP","floor":47},{"not_picked":["Barrage+1","Rebound"],"picked":"Redo+1","floor":48}],"player_experience":2561755,"relics_obtained":[{"floor":6,"key":"Juzu Bracelet"},{"floor":9,"key":"Toy Ornithopter"},{"floor":11,"key":"Mercury Hourglass"},{"floor":26,"key":"Kunai"},{"floor":27,"key":"Happy Flower"},{"floor":29,"key":"Oddly Smooth Stone"},{"floor":34,"key":"Vajra"},{"floor":34,"key":"Toxic Egg 2"},{"floor":34,"key":"CaptainsWheel"},{"floor":36,"key":"Torii"},{"floor":40,"key":"Smiling Mask"},{"floor":42,"key":"Cables"},{"floor":44,"key":"Gremlin Horn"},{"floor":45,"key":"Ginger"},{"floor":46,"key":"Emotion Chip"},{"floor":47,"key":"Meat on the Bone"}],"event_choices":[{"damage_healed":0,"gold_gain":0,"player_choice":"Entered Light","damage_taken":21,"max_hp_gain":0,"max_hp_loss":0,"event_name":"Shining Light","floor":5,"gold_loss":0,"cards_upgraded":["Strike_B","Dualcast"]},{"damage_healed":0,"gold_gain":0,"player_choice":"Lose Max HP","damage_taken":0,"relics_obtained":["Golden Idol"],"max_hp_gain":0,"max_hp_loss":7,"event_name":"Golden Idol","floor":8,"gold_loss":0},{"damage_healed":0,"gold_gain":0,"player_choice":"Searched \u00271\u0027 times","damage_taken":0,"relics_obtained":["Du-Vu Doll"],"max_hp_gain":0,"max_hp_loss":0,"event_name":"Dead Adventurer","floor":10,"gold_loss":0},{"damage_healed":0,"gold_gain":0,"player_choice":"Grow","damage_taken":0,"max_hp_gain":0,"max_hp_loss":0,"event_name":"Living Wall","floor":12,"gold_loss":0,"cards_upgraded":["Sunder"]},{"damage_healed":0,"gold_gain":0,"player_choice":"Gave Idol","damage_taken":0,"relics_obtained":["Bloody Idol"],"max_hp_gain":0,"max_hp_loss":0,"event_name":"Forgotten Altar","floor":20,"relics_lost":["Golden Idol"],"gold_loss":0},{"damage_healed":0,"gold_gain":0,"cards_transformed":["Strike_B","Defend_B"],"player_choice":"Became Test Subject","damage_taken":0,"max_hp_gain":0,"max_hp_loss":0,"event_name":"Drug Dealer","floor":22,"gold_loss":0,"cards_obtained":["BootSequence","Doom and Gloom"]},{"damage_healed":0,"gold_gain":0,"player_choice":"Forge","damage_taken":0,"max_hp_gain":0,"max_hp_loss":0,"event_name":"Accursed Blacksmith","floor":28,"gold_loss":0,"cards_upgraded":["Apotheosis"]},{"damage_healed":0,"gold_gain":0,"player_choice":"1 cards matched","damage_taken":0,"max_hp_gain":0,"max_hp_loss":0,"event_name":"Match and Keep!","floor":30,"gold_loss":0,"cards_obtained":["Hyperbeam"]},{"damage_healed":0,"gold_gain":0,"player_choice":"1 cards matched","damage_taken":0,"max_hp_gain":0,"max_hp_loss":0,"event_name":"Match and Keep!","floor":30,"gold_loss":0,"cards_obtained":["Hyperbeam"]},{"damage_healed":0,"gold_gain":0,"player_choice":"Fight","damage_taken":0,"max_hp_gain":0,"max_hp_loss":0,"event_name":"Mysterious Sphere","floor":36,"gold_loss":0},{"damage_healed":0,"gold_gain":0,"player_choice":"Upgraded","damage_taken":0,"max_hp_gain":0,"max_hp_loss":0,"event_name":"Upgrade Shrine","floor":37,"gold_loss":0,"cards_upgraded":["Doom and Gloom"]},{"cards_removed":["Go for the Eyes"],"damage_healed":0,"gold_gain":0,"player_choice":"Removed Attack","damage_taken":0,"max_hp_gain":0,"max_hp_loss":0,"event_name":"Falling","floor":38,"gold_loss":0},{"damage_healed":0,"gold_gain":0,"player_choice":"Fight","damage_taken":0,"max_hp_gain":0,"max_hp_loss":0,"event_name":"MindBloom","floor":45,"gold_loss":0}],"is_beta":true,"boss_relics":[{"not_picked":["Velvet Choker","Black Star"],"picked":"Runic Dome"},{"not_picked":["SacredBark","Astrolabe"],"picked":"Calling Bell"}],"items_purged_floors":[19],"is_endless":false,"potions_floor_spawned":[1,6,11,16,18,29,42,45,48],"killed_by":"Time Eater","ascension_level":20}}