{"host":"by9nexv7bw8pfn7u","time":1611157899,"event":{"mods":["BaseMod","Colored Powertips","Downfall","GifTheSpireLib","Minty Spire (QoL Compilation)","Random Character Button","StSLib","Unceasing Turn Reminder"],"gold_per_floor":[99,134,134,44,79,138,165,265,301,336,236,291,330,330,370,474,474,474,517,517,582,627,527,527,555,555,705,319,356,356,126,143,267,267,267,278,278,0,16,51,74,36,36,36,36,71,71,99,110,110],"floor_reached":51,"language":"ENG","playtime":4038,"items_purged":["Regret","hexamod:Strike","hexamod:Defend"],"score":855,"play_id":"2e276f38-3cb0-48b9-8fca-6359e82887e7","local_time":"20210120165139","is_ascension_mode":true,"campfire_choices":[{"data":"HandOfGreed","floor":1,"key":"SMITH"},{"floor":11,"key":"REST"},{"floor":18,"key":"RECALL"},{"data":"hexamod:HexaLevel","floor":23,"key":"SMITH"},{"floor":26,"key":"REST"},{"data":"hexamod:ThermalTransfer","floor":35,"key":"SMITH"},{"data":"expansioncontent:StudyTheSpire","floor":45,"key":"SMITH"},{"floor":47,"key":"REST"}],"circlet_count":0,"master_deck":["hexamod:Strike","hexamod:Strike","hexamod:Strike","hexamod:Defend","hexamod:Defend","hexamod:Defend+1","hexamod:Sear","hexamod:Float+1","HandOfGreed+1","hexamod:ThermalTransfer+1","hexamod:FastForward","hexamod:EtherealExpedition","hexamod:FastForward","hexamod:FastForward","hexamod:ShieldOfDarkness","hexamod:FastForward","hexamod:TimeOfNeed","hexamod:PhantomCloak","hexamod:BurningTouch","hexamod:NightmareStrike+1","hexamod:HexaLevel+1","hexamod:GhostShield","hexamod:InspiringFlames","hexamod:ThermalTransfer+1","hexamod:ExtraCrispy+1","Flash of Steel","hexamod:FlamesFromBeyond","hexamod:TimeWarp","hexamod:ThermalTransfer+1","expansioncontent:StudyTheSpire+1","hexamod:HeatCrush","hexamod:ShieldOfDarkness+1","hexamod:SpectersWail+1","hexamod:Hexaguard","hexamod:PhantomCloak+1"],"relics":["hexamod:SpiritBrand","Bird Faced Urn","Pen Nib","Art of War","downfall:HeartBlessingGreen","Torii","Sozu","downfall:HeartBlessingRed","StrikeDummy","Letter Opener","Pear","Black Star","Bag of Preparation","CeramicFish","hexamod:CandleOfCauterizing","hexamod:MatchstickCase","Mercury Hourglass","Prayer Wheel"],"acts_visited":["Exordium","TheCity","TheBeyond"],"potions_floor_usage":[12,12,16,40],"damage_taken":[{"damage":1,"enemies":"Jaw Worm","floor":2,"turns":3},{"damage":9,"enemies":"downfall:FleeingMerchant","floor":4,"turns":4},{"damage":0,"enemies":"Small Slimes","floor":5,"turns":3},{"damage":19,"enemies":"Gremlin Nob","floor":6,"turns":4},{"damage":2,"enemies":"2 Louse","floor":9,"turns":3},{"damage":21,"enemies":"Lagavulin","floor":10,"turns":6},{"damage":15,"enemies":"Gremlin Nob","floor":12,"turns":4},{"damage":0,"enemies":"Exordium Thugs","floor":13,"turns":4},{"damage":1,"enemies":"2 Fungi Beasts","floor":15,"turns":4},{"damage":0,"enemies":"SI_SHIV_ARCHETYPE","floor":16,"turns":9},{"damage":0,"enemies":"Shell Parasite","floor":19,"turns":5},{"damage":0,"enemies":"Chosen","floor":20,"turns":1},{"damage":19,"enemies":"Sentry and Sphere","floor":21,"turns":6},{"damage":7,"enemies":"Snake Plant","floor":22,"turns":3},{"damage":23,"enemies":"Gremlin Leader","floor":25,"turns":8},{"damage":4,"enemies":"downfall:FleeingMerchant","floor":28,"turns":4},{"damage":1,"enemies":"Chosen and Byrds","floor":29,"turns":5},{"damage":0,"enemies":"downfall:FleeingMerchant","floor":31,"turns":4},{"damage":13,"enemies":"Shelled Parasite and Fungi","floor":32,"turns":5},{"damage":48,"enemies":"DF_ARCHETYPE_CLAW","floor":33,"turns":9},{"damage":7,"enemies":"3 Darklings","floor":36,"turns":4},{"damage":0,"enemies":"downfall:FleeingMerchant","floor":38,"turns":4},{"damage":10,"enemies":"3 Shapes","floor":39,"turns":4},{"damage":57,"enemies":"Reptomancer","floor":40,"turns":6},{"damage":7,"enemies":"downfall:FleeingMerchant","floor":42,"turns":3},{"damage":26,"enemies":"Giant Head","floor":46,"turns":8},{"damage":20,"enemies":"Transient","floor":48,"turns":5},{"damage":15,"enemies":"Maw","floor":49,"turns":8},{"damage":23,"enemies":"WA_ARCHETYPE_DIVINITY","floor":50,"turns":16}],"seed_played":"6308651594277467168","potions_obtained":[{"floor":6,"key":"SkillPotion"},{"floor":9,"key":"SteroidPotion"},{"floor":10,"key":"LiquidMemories"},{"floor":12,"key":"Dexterity Potion"},{"floor":15,"key":"BlessingOfTheForge"}],"is_trial":false,"path_per_floor":["R","M","?","$","M","E","T","?","M","E","R","E","M","?","M","B",null,"R","M","M","M","M","R","T","E","R","?","$","M","?","$","M","B",null,"R","M","?","$","M","E","T","$","?","?","R","E","R","M","M","B",null],"character_chosen":"THE_SPIRIT","items_purchased":["Pear","hexamod:InspiringFlames","Flash of Steel","expansioncontent:StudyTheSpire","hexamod:HeatCrush","hexamod:CandleOfCauterizing","hexamod:MatchstickCase"],"campfire_rested":3,"item_purchase_floors":[28,28,31,38,38,42,42],"current_hp_per_floor":[63,62,62,53,53,34,34,34,32,11,29,14,14,14,13,15,63,63,63,63,46,43,43,43,26,44,44,52,57,57,61,54,12,73,73,68,68,73,71,19,19,16,64,64,64,38,57,43,38,29],"gold":110,"neow_bonus":"RANDOM_COLORLESS_2","is_daily":false,"chose_seed":false,"campfire_upgraded":4,"win_rate":0.0,"timestamp":1611157899,"path_taken":["R","M","?","$","M","E","T","?","M","E","R","E","M","?","M","BOSS","R","M","M","M","M","R","T","E","R","?","?","M","?","$","M","BOSS","R","M","?","$","M","E","T","$","?","?","R","E","R","?","M","BOSS"],"items_purchased_type":["Relic","Card","Card","Card","Card","Relic","Relic"],"build_version":"2020-12-22","purchased_purges":3,"victory":true,"max_hp_per_floor":[63,63,63,63,63,63,63,63,63,63,63,63,63,63,63,63,63,63,63,63,63,63,63,63,63,63,63,73,73,73,73,73,73,73,73,73,73,73,73,73,73,73,64,64,64,64,64,64,64,64],"card_choices":[{"not_picked":["Transmutation","Apotheosis"],"picked":"HandOfGreed","floor":0},{"not_picked":["hexamod:Haunt","hexamod:DynamicBlow"],"picked":"hexamod:ThermalTransfer","floor":2},{"not_picked":["hexamod:FourthSeal","hexamod:SecondSeal"],"picked":"hexamod:FastForward","floor":4},{"not_picked":["hexamod:NightmareStrike","hexamod:InspiringFlames"],"picked":"hexamod:EtherealExpedition","floor":5},{"not_picked":["hexamod:PowerFromBeyond","hexamod:GhostLash"],"picked":"hexamod:FastForward","floor":6},{"not_picked":["hexamod:SearingWound","hexamod:SoulSteal"],"picked":"hexamod:FastForward","floor":9},{"not_picked":["hexamod:SwordOfDarkness","hexamod:StepThrough"],"picked":"hexamod:ShieldOfDarkness","floor":10},{"not_picked":["hexamod:InspiringFlames","hexamod:EtherealExpedition"],"picked":"hexamod:FastForward","floor":12},{"not_picked":["hexamod:Rewind","hexamod:EtherealExpedition","hexamod:NightmareStrike"],"picked":"SKIP","floor":13},{"not_picked":["hexamod:NightmareGuise","hexamod:FastForward","hexamod:GhostflameBarrier"],"picked":"SKIP","floor":15},{"not_picked":["hexamod:ForkedFlame","hexamod:UnleashSpirits"],"picked":"hexamod:TimeOfNeed","floor":16},{"not_picked":["hexamod:Again","hexamod:Rewind"],"picked":"hexamod:PhantomCloak","floor":19},{"not_picked":["hexamod:PhantomCloak","hexamod:AdvancingGuard+1"],"picked":"hexamod:BurningTouch","floor":20},{"not_picked":["hexamod:FourthSeal","hexamod:Firestarter"],"picked":"hexamod:NightmareStrike+1","floor":21},{"not_picked":["hexamod:HeatMetal","hexamod:BacktrackSmack"],"picked":"hexamod:HexaLevel","floor":22},{"not_picked":["hexamod:GhostLash+1","hexamod:BacktrackSmack"],"picked":"hexamod:GhostShield","floor":25},{"not_picked":["hexamod:Toasty","hexamod:GhostLash","hexamod:FastForward"],"picked":"SKIP","floor":28},{"not_picked":["hexamod:AdvancingGuard","hexamod:BacktrackSmack"],"picked":"hexamod:ThermalTransfer+1","floor":29},{"not_picked":["hexamod:SearingWound","hexamod:InspiringFlames"],"picked":"hexamod:ExtraCrispy+1","floor":31},{"not_picked":["hexamod:AdvancingGuard","hexamod:Firestarter"],"picked":"hexamod:FlamesFromBeyond","floor":32},{"not_picked":["hexamod:ApocalypseNow","hexamod:FlameSwitch"],"picked":"hexamod:TimeWarp","floor":33},{"not_picked":["hexamod:SuperheatedStrike+1","hexamod:GhostflameBarrier"],"picked":"hexamod:ThermalTransfer+1","floor":36},{"not_picked":["hexamod:NightmareStrike","hexamod:TimeOfNeed","hexamod:SpectralAdrenaline"],"picked":"SKIP","floor":38},{"not_picked":["hexamod:FlamesFromBeyond+1","hexamod:InspiringFlames+1"],"picked":"hexamod:ShieldOfDarkness+1","floor":39},{"not_picked":["hexamod:ThirdSeal","hexamod:HauntingEcho"],"picked":"hexamod:SpectersWail+1","floor":40},{"not_picked":["hexamod:SwordOfDarkness","hexamod:HeatMetal"],"picked":"hexamod:Hexaguard","floor":42},{"not_picked":["hexamod:BacktrackSmack+1","hexamod:FirstSeal","hexamod:Firestarter+1"],"picked":"SKIP","floor":46},{"not_picked":["hexamod:Incineration+1","hexamod:ThermalTransfer+1"],"picked":"hexamod:PhantomCloak+1","floor":48},{"not_picked":["hexamod:NightmareGuise+1","hexamod:Incineration","hexamod:SkipABeat"],"picked":"SKIP","floor":48},{"not_picked":["hexamod:GhostShield","hexamod:GhostOfSpireFuture","hexamod:AdvancingGuard"],"picked":"SKIP","floor":49},{"not_picked":["hexamod:GhostLash+1","hexamod:NightmareGuise+1","hexamod:Haunt+1"],"picked":"SKIP","floor":49}],"player_experience":992541,"relics_obtained":[{"floor":6,"key":"Pen Nib"},{"floor":7,"key":"War Paint"},{"floor":10,"key":"Art of War"},{"floor":12,"key":"Torii"},{"floor":24,"key":"StrikeDummy"},{"floor":25,"key":"Letter Opener"},{"floor":40,"key":"Bag of Preparation"},{"floor":40,"key":"CeramicFish"},{"floor":46,"key":"Mercury Hourglass"},{"floor":46,"key":"Prayer Wheel"}],"event_choices":[{"damage_healed":0,"gold_gain":0,"player_choice":"Box","damage_taken":0,"relics_obtained":["Bird Faced Urn"],"max_hp_gain":0,"max_hp_loss":0,"event_name":"Big Fish","floor":3,"gold_loss":0,"cards_obtained":["Regret"]},{"damage_healed":0,"gold_gain":0,"player_choice":"Got Potions","damage_taken":0,"max_hp_gain":0,"max_hp_loss":0,"event_name":"Lab","floor":44,"gold_loss":0}],"is_beta":false,"boss_relics":[{"not_picked":["Runic Dome","bronze:MakeshiftBattery"],"picked":"Sozu"},{"not_picked":["Astrolabe","SacredBark"],"picked":"Black Star"}],"items_purged_floors":[4,28,31],"is_endless":false,"potions_floor_spawned":[6,9,10,12,15,19,25,29,33,40,46,49],"ascension_level":1}}