{"host":"ctlqibkg0sskiu65","time":1611111577,"event":{"mods":["AchievementEnabler","Aspiration","BaseMod","BetterRewards","Colored Map","Colored Powertips","Conspire","Fiend Mod","Infinite Spire","Minty Spire (QoL Compilation)","Quick Restart","Replay The Spire","Shop Mod","StSLib","The Bladedancer","The Cursed","The Hierophant","The Jungle","The Kombatant","The Servant 0.9.4","TheBandit"],"gold_per_floor":[113,113,30,30,40,74,74,93,143,161,186,197,197,197,197,296,296,309,409,420,32,43,74,91,91,137,137,137],"floor_reached":27,"language":"ENG","playtime":1026,"items_purged":[],"score":629,"play_id":"d2fbc227-47f3-4285-8066-9f0354824822","local_time":"20210119205937","is_ascension_mode":true,"campfire_choices":[{"floor":7.0,"key":"REST"},{"floor":15.0,"key":"REST"}],"circlet_count":0,"master_deck":["AscendersBane","Strike_G","Strike_G+1","Strike_G+1","Strike_G+1","Defend_G","Defend_G","Defend_G","Defend_G","Defend_G","Survivor","Neutralize","Slice","Footwork","Prepared","Deadly Poison","Blur","Toxin Wave","Bane","Deadly Poison","Adrenaline","Catalyst","Dark Shackles","Toxin Wave"],"relics":["Ring of the Snake","Simple Rune","Counterbalance","Frozen Egg 2","Oddly Smooth Stone","Orichalcum","Fusion Hammer","ReplayFunnel","Chemical X","Anchor","Potion Belt"],"acts_visited":["Exordium","TheCity"],"potions_floor_usage":[],"damage_taken":[{"damage":0.0,"enemies":"Jaw Worm","floor":1.0,"turns":4.0},{"damage":7.0,"enemies":"Small Slimes","floor":5.0,"turns":4.0},{"damage":42.0,"enemies":"Gremlin Nob","floor":6.0,"turns":5.0},{"damage":0.0,"enemies":"2 Louse","floor":8.0,"turns":4.0},{"damage":1.0,"enemies":"2 Fungi Beasts","floor":10.0,"turns":5.0},{"damage":18.0,"enemies":"3 Sentries","floor":11.0,"turns":12.0},{"damage":4.0,"enemies":"Lots of Slimes","floor":12.0,"turns":3.0},{"damage":0.0,"enemies":"Hexaghost","floor":16.0,"turns":9.0},{"damage":0.0,"enemies":"3 Byrds","floor":18.0,"turns":5.0},{"damage":11.0,"enemies":"2 Thieves","floor":20.0,"turns":4.0},{"damage":8.0,"enemies":"Shelled Parasite and Fungi","floor":22.0,"turns":5.0},{"damage":19.0,"enemies":"Book of Stabbing","floor":23.0,"turns":6.0},{"damage":10.0,"enemies":"Cultist and Chosen","floor":24.0,"turns":7.0},{"damage":16,"enemies":"Sentry and Sphere","floor":27,"turns":3}],"seed_played":"2308719595199489477","potions_obtained":[{"floor":6.0,"key":"Swift Potion"},{"floor":8.0,"key":"Weak Potion"},{"floor":12.0,"key":"Fire Potion"},{"floor":16.0,"key":"LifebloodPotion"},{"floor":18.0,"key":"Dexterity Potion"},{"floor":22.0,"key":"SkillPotion"}],"is_trial":false,"path_per_floor":["M","?","$","?","M","E","R","M","T","M","E","M","?","?","R","B",null,"M","?","M","$","M","E","M","?","T","M"],"character_chosen":"THE_SILENT","items_purchased":["Simple Rune","Counterbalance","Footwork","Prepared","ReplayFunnel","Chemical X","Dark Shackles"],"campfire_rested":2,"item_purchase_floors":[0,0,3,3,21,21,21],"current_hp_per_floor":[63,63,63,63,56,14,35,35,35,34,16,12,12,5,26,26,59,59,59,48,48,40,21,11,11,11,0,0],"gold":137,"neow_bonus":"","is_daily":false,"chose_seed":false,"campfire_upgraded":0,"win_rate":0.0,"timestamp":1611111577,"path_taken":["M","?","$","?","M","E","R","M","T","M","E","M","?","?","R","BOSS","M","?","?","$","M","E","M","?","T","M"],"items_purchased_type":["Relic","Relic","Card","Card","Relic","Relic","Card"],"build_version":"2020-12-22","purchased_purges":0,"victory":false,"max_hp_per_floor":[70,70,70,70,70,70,70,70,70,70,70,70,70,70,70,70,70,70,70,70,70,70,70,70,70,70,70,70],"card_choices":[{"not_picked":["ReplayTheSpireMod:Shiv Toss","Acrobatics"],"picked":"Slice","floor":1.0},{"not_picked":["Quick Slash","Calculated Gamble"],"picked":"Deadly Poison","floor":5.0},{"not_picked":["Accuracy+1","Slice"],"picked":"Blur","floor":6.0},{"not_picked":["ReplayTheSpireMod:Exploit Weakness","Infinite Blades+1","Deflect"],"picked":"SKIP","floor":8.0},{"not_picked":["Dodge and Roll","Hidden Blade"],"picked":"Toxin Wave","floor":10.0},{"not_picked":["Draining Mist","Masterful Stab"],"picked":"Bane","floor":11.0},{"not_picked":["Heel Hook","Reflex"],"picked":"Deadly Poison","floor":12.0},{"not_picked":["Night Terror","Glass Knife"],"picked":"Adrenaline","floor":16.0},{"not_picked":["Bane","Slice"],"picked":"Catalyst","floor":18.0},{"not_picked":["All Out Attack","Sneak Up","Underhanded Strike"],"picked":"SKIP","floor":20.0},{"not_picked":["Deflect","Prepared+1"],"picked":"Toxin Wave","floor":22.0},{"not_picked":["Acrobatics+1","Prepared+1","ReplayTheSpireMod:Speed Training"],"picked":"SKIP","floor":23.0},{"not_picked":["Deflect","Quick Slash","Well Laid Plans+1"],"picked":"SKIP","floor":24.0}],"player_experience":197463,"relics_obtained":[{"floor":6.0,"key":"Frozen Egg 2"},{"floor":9.0,"key":"Oddly Smooth Stone"},{"floor":11.0,"key":"Orichalcum"},{"floor":23.0,"key":"Anchor"},{"floor":26.0,"key":"Potion Belt"}],"event_choices":[{"damage_healed":0.0,"max_hp_gain":0.0,"max_hp_loss":0.0,"gold_gain":0.0,"event_name":"conspire:Investor","player_choice":"Leave","floor":13.0,"gold_loss":0.0,"damage_taken":0.0},{"cards_removed":["Strike_G"],"damage_healed":0.0,"max_hp_gain":0.0,"max_hp_loss":0.0,"gold_gain":0.0,"event_name":"Golden Wing","player_choice":"Card Removal","floor":14.0,"gold_loss":0.0,"damage_taken":7.0},{"damage_healed":0.0,"max_hp_gain":0.0,"max_hp_loss":0.0,"gold_gain":100.0,"event_name":"Golden Shrine","player_choice":"Pray","floor":19.0,"gold_loss":0.0,"damage_taken":0.0},{"damage_healed":0.0,"max_hp_gain":0.0,"max_hp_loss":0.0,"gold_gain":0.0,"event_name":"Ghosts","player_choice":"Ignored","floor":25.0,"gold_loss":0.0,"damage_taken":0.0}],"is_beta":false,"boss_relics":[{"not_picked":["Replay:Drink Me","Pandora\u0027s Box"],"picked":"Fusion Hammer"}],"items_purged_floors":[],"is_endless":false,"potions_floor_spawned":[6,8,12,16,18,22],"killed_by":"Sentry and Sphere","ascension_level":12}}