{"host":"n605f8gctjc87d7h","time":1611181137,"event":{"mods":["Aspiration","Bard","BaseMod","Better Match","Better Note","Better Skull","Better Third Choice","Conspire","Halation","Hermit","Infinite Spire","Minty Spire (QoL Compilation)","Replay The Spire","Retaliation","Shade Mod","Spicy Shops","StS++","StSLib","The IronCluck"],"gold_per_floor":[110,110,130,140,157,184,184,198,198,16,16,16,43,62,62,62,62],"floor_reached":16,"language":"ENG","playtime":835,"items_purged":[],"score":185,"play_id":"8bdd784f-6cea-41e4-b560-2983d641fdc3","local_time":"20210120141857","is_ascension_mode":true,"campfire_choices":[{"floor":7,"key":"REST"},{"floor":12,"key":"REST"},{"floor":15,"key":"REST"}],"circlet_count":0,"master_deck":["AscendersBane","Strike_R","Strike_R","Strike_R","Strike_R","Strike_R","Defend_R+1","Defend_R","Defend_R","Defend_R","Bash","Enlightenment","Perfected Strike+1","Feel No Pain","infinitespire:OneForAll","Sentinel+1","DDmod:SpikedSkill","ReplayTheSpireMod:Strike From Hell"],"relics":["Burning Blood","Incense Burner","infinitespire:Broken Mirror","Gremlin Food","Akabeko"],"acts_visited":["Exordium"],"potions_floor_usage":[6,8,13,16],"damage_taken":[{"damage":10,"enemies":"conspire:RoseBush","floor":1,"turns":5},{"damage":6,"enemies":"Cultist","floor":3,"turns":4},{"damage":4,"enemies":"Jaw Worm","floor":4,"turns":4},{"damage":10,"enemies":"3 Louse","floor":5,"turns":4},{"damage":53,"enemies":"Lagavulin","floor":6,"turns":8},{"damage":24,"enemies":"Exordium Wildlife","floor":8,"turns":5},{"damage":19,"enemies":"Gremlin Nob","floor":13,"turns":4},{"damage":2,"enemies":"conspire:2 RoseBushes","floor":14,"turns":5},{"damage":60,"enemies":"The Guardian","floor":16,"turns":14}],"seed_played":"-1753646842080551899","potions_obtained":[{"floor":4,"key":"DistilledChaos"},{"floor":6,"key":"Flashbang"},{"floor":8,"key":"SteroidPotion"},{"floor":14,"key":"Dexterity Potion"}],"is_trial":false,"path_per_floor":["M","?","M","M","M","E","R","M","T","$","?","R","E","M","R","B"],"character_chosen":"IRONCLAD","items_purchased":["Gremlin Food","DDmod:SpikedSkill"],"campfire_rested":3,"item_purchase_floors":[10,10],"current_hp_per_floor":[68,60,60,62,58,11,35,17,17,17,17,41,28,32,56,0,0],"gold":62,"neow_bonus":"RANDOM_COLORLESS","is_daily":false,"chose_seed":false,"campfire_upgraded":0,"win_rate":0.0,"timestamp":1611181137,"path_taken":["M","?","?","M","M","E","R","M","T","$","?","R","E","M","R","BOSS"],"items_purchased_type":["Relic","Card"],"build_version":"2020-12-22","purchased_purges":0,"victory":false,"max_hp_per_floor":[80,80,80,80,80,80,80,80,80,80,80,80,80,80,80,80,80],"card_choices":[{"not_picked":["Good Instincts","Mind Blast"],"picked":"Enlightenment","floor":0},{"not_picked":["Havoc","DDmod:BurningFumesPowerCard"],"picked":"Perfected Strike","floor":1},{"not_picked":["Heavy Blade","Cleave","ReplayTheSpireMod:Strike From Hell"],"picked":"SKIP","floor":3},{"not_picked":["Battle Trance","Havoc"],"picked":"Feel No Pain","floor":4},{"not_picked":["Wild Strike","Power Through"],"picked":"infinitespire:OneForAll","floor":5},{"not_picked":["StSpp:Sprint","Sword Boomerang"],"picked":"Sentinel","floor":6},{"not_picked":["Sword Boomerang","Limit Break","Wild Strike"],"picked":"SKIP","floor":8},{"not_picked":["Heavy Blade","Armaments"],"picked":"ReplayTheSpireMod:Strike From Hell","floor":13},{"not_picked":["Pommel Strike","Armaments","Thunderclap"],"picked":"SKIP","floor":14}],"player_experience":621016,"relics_obtained":[{"floor":6,"key":"Incense Burner"},{"floor":9,"key":"infinitespire:Broken Mirror"},{"floor":13,"key":"Akabeko"}],"event_choices":[{"damage_healed":0,"gold_gain":0,"player_choice":"Damaged","damage_taken":8,"max_hp_gain":0,"max_hp_loss":0,"event_name":"Wheel of Change","floor":2,"gold_loss":0}],"is_beta":false,"boss_relics":[],"items_purged_floors":[],"is_endless":false,"potions_floor_spawned":[4,6,8,14],"killed_by":"The Guardian","ascension_level":13}}