{"host":"x7xd4wkamhrqrrvw","time":1611185338,"event":{"mods":["AchievementEnabler","BaseMod","Minty Spire (QoL Compilation)","StSLib"],"gold_per_floor":[119,137,147,163,163,163,176,176,252,268,297,317,344,344,344,439,439,450,461,242,260,279,305,305,325,325,325,335,353,382,28,28,127,127,142,192,192,192,67,67,84,84,130,145,165,199,49,61,61,61,61],"floor_reached":50,"language":"ENG","playtime":2843,"items_purged":["Strike_P","Worship","Defend_P+1","Defend_P+1"],"score":830,"play_id":"394a1f52-832a-4e11-995c-00c45e43ba5e","local_time":"20210120212858","is_ascension_mode":true,"campfire_choices":[{"data":"Eruption","floor":6,"key":"SMITH"},{"data":"Wallop","floor":8,"key":"SMITH"},{"data":"Vigilance","floor":15,"key":"SMITH"},{"data":"TalkToTheHand","floor":24,"key":"SMITH"},{"data":"1","floor":27,"key":"LIFT"},{"data":"2","floor":32,"key":"LIFT"},{"data":"3","floor":40,"key":"LIFT"},{"floor":42,"key":"RECALL"},{"floor":49,"key":"REST"}],"circlet_count":0,"master_deck":["AscendersBane","Defend_P+1","Defend_P+1","Eruption+1","Vigilance+1","Conclude+1","TalkToTheHand+1","Wallop+1","WindmillStrike+1","Swivel+1","TalkToTheHand+1","Prostrate+1","SandsOfTime+1","Ragnarok+1"],"relics":["Runic Pyramid","Kunai","Incense Burner","Ancient Tea Set","Meat on the Bone","Empty Cage","Art of War","StrikeDummy","Girya","Omamori","Sundial","Busted Crown","StoneCalendar","Orichalcum"],"acts_visited":["Exordium","TheCity","TheBeyond"],"potions_floor_usage":[10,12,19,22,22,23,25,25,30,48,50],"damage_taken":[{"damage":3,"enemies":"Small Slimes","floor":1,"turns":3},{"damage":0,"enemies":"Jaw Worm","floor":2,"turns":2},{"damage":3,"enemies":"2 Louse","floor":3,"turns":2},{"damage":0,"enemies":"Large Slime","floor":4,"turns":4},{"damage":1,"enemies":"Looter","floor":7,"turns":3},{"damage":7,"enemies":"Exordium Wildlife","floor":10,"turns":2},{"damage":12,"enemies":"3 Sentries","floor":11,"turns":4},{"damage":4,"enemies":"Large Slime","floor":12,"turns":3},{"damage":8,"enemies":"Lagavulin","floor":13,"turns":6},{"damage":17,"enemies":"The Guardian","floor":16,"turns":8},{"damage":14,"enemies":"Shell Parasite","floor":18,"turns":5},{"damage":7,"enemies":"Spheric Guardian","floor":19,"turns":4},{"damage":4,"enemies":"3 Cultists","floor":21,"turns":5},{"damage":26,"enemies":"Shelled Parasite and Fungi","floor":22,"turns":5},{"damage":25,"enemies":"Gremlin Leader","floor":23,"turns":8},{"damage":7,"enemies":"Centurion and Healer","floor":25,"turns":5},{"damage":14,"enemies":"Snake Plant","floor":28,"turns":4},{"damage":8,"enemies":"3 Cultists","floor":29,"turns":5},{"damage":24,"enemies":"Slavers","floor":30,"turns":4},{"damage":13,"enemies":"Collector","floor":33,"turns":7},{"damage":13,"enemies":"3 Shapes","floor":35,"turns":4},{"damage":0,"enemies":"Mind Bloom Boss Battle","floor":36,"turns":3},{"damage":0,"enemies":"3 Darklings","floor":41,"turns":4},{"damage":0,"enemies":"Maw","floor":44,"turns":5},{"damage":5,"enemies":"4 Shapes","floor":45,"turns":6},{"damage":28,"enemies":"Nemesis","floor":46,"turns":5},{"damage":0,"enemies":"Transient","floor":48,"turns":5},{"damage":62,"enemies":"Donu and Deca","floor":50,"turns":6}],"seed_played":"4295467198902760149","potions_obtained":[{"floor":3,"key":"ColorlessPotion"},{"floor":4,"key":"GamblersBrew"},{"floor":12,"key":"AttackPotion"},{"floor":13,"key":"FearPotion"},{"floor":16,"key":"Dexterity Potion"},{"floor":21,"key":"CultistPotion"},{"floor":22,"key":"SpeedPotion"},{"floor":23,"key":"EssenceOfSteel"},{"floor":29,"key":"Regen Potion"},{"floor":36,"key":"LiquidMemories"},{"floor":46,"key":"DuplicationPotion"}],"is_trial":false,"path_per_floor":["M","M","M","M","?","R","M","R","T","M","E","M","E","T","R","B",null,"M","M","$","M","M","E","R","M","T","R","M","M","E","$","R","B",null,"M","?","?","?","$","R","M","R","T","M","M","E","$","M","R","B"],"character_chosen":"WATCHER","items_purchased":["Art of War","Sundial"],"campfire_rested":1,"item_purchase_floors":[20,31],"current_hp_per_floor":[62,62,59,59,59,59,58,58,58,51,39,35,27,27,27,22,60,46,39,39,47,33,20,20,25,25,25,23,27,27,27,27,26,61,48,48,48,48,48,48,48,48,48,48,43,27,27,39,60,0,0],"gold":61,"neow_bonus":"BOSS_RELIC","is_daily":false,"chose_seed":false,"campfire_upgraded":4,"win_rate":0.0,"timestamp":1611185338,"path_taken":["M","M","M","M","?","R","M","R","T","M","E","M","E","?","R","BOSS","M","M","$","M","M","E","R","M","T","R","M","M","E","$","R","BOSS","M","?","?","?","?","R","M","R","T","M","M","E","$","M","R","BOSS"],"items_purchased_type":["Relic","Relic"],"build_version":"2020-12-22","purchased_purges":4,"victory":false,"max_hp_per_floor":[72,72,72,72,72,72,72,72,72,72,72,72,72,72,72,72,72,72,72,72,72,72,72,72,72,72,72,72,72,72,72,72,72,72,72,72,72,72,72,72,72,72,72,72,72,72,72,72,72,72,72],"card_choices":[{"not_picked":["Protect","JustLucky"],"picked":"Conclude","floor":1},{"not_picked":["JustLucky","CutThroughFate"],"picked":"Worship","floor":2},{"not_picked":["Pray","PathToVictory","Crescendo"],"picked":"SKIP","floor":3},{"not_picked":["CrushJoints","Protect","SignatureMove"],"picked":"SKIP","floor":4},{"not_picked":["CrushJoints","Protect","SignatureMove"],"picked":"SKIP","floor":4},{"not_picked":["Wireheading","BattleHymn"],"picked":"Wallop","floor":7},{"not_picked":["Nirvana","CutThroughFate","Crescendo"],"picked":"SKIP","floor":10},{"not_picked":["EmptyBody","Collect"],"picked":"WindmillStrike","floor":11},{"not_picked":["CrushJoints","EmptyFist","WreathOfFlame"],"picked":"SKIP","floor":12},{"not_picked":["EmptyBody","Collect","Vengeance"],"picked":"SKIP","floor":13},{"not_picked":["DeusExMachina","Vault"],"picked":"LessonLearned","floor":16},{"not_picked":["EmptyMind","ClearTheMind","Evaluate"],"picked":"SKIP","floor":18},{"not_picked":["JustLucky+1","CutThroughFate+1"],"picked":"Swivel","floor":19},{"not_picked":["BowlingBash+1","JustLucky","Indignation"],"picked":"SKIP","floor":21},{"not_picked":["Protect","Conclude"],"picked":"TalkToTheHand","floor":22},{"not_picked":["Consecrate","Crescendo+1"],"picked":"Prostrate+1","floor":23},{"not_picked":["FollowUp","Indignation","BowlingBash"],"picked":"SKIP","floor":25},{"not_picked":["MentalFortress","FollowUp+1","BowlingBash"],"picked":"SKIP","floor":28},{"not_picked":["WaveOfTheHand","Evaluate"],"picked":"SandsOfTime","floor":29},{"not_picked":["Consecrate+1","SashWhip","MasterReality"],"picked":"SKIP","floor":30},{"not_picked":["LessonLearned","Judgement"],"picked":"Ragnarok","floor":33},{"not_picked":["EmptyFist+1"],"picked":"SKIP","floor":35},{"not_picked":["EmptyBody+1"],"picked":"SKIP","floor":41},{"not_picked":["Swivel+1"],"picked":"SKIP","floor":44},{"not_picked":["SandsOfTime"],"picked":"SKIP","floor":45},{"not_picked":["SandsOfTime"],"picked":"SKIP","floor":45},{"not_picked":["Vengeance+1"],"picked":"SKIP","floor":46},{"not_picked":["FearNoEvil+1"],"picked":"SKIP","floor":48}],"player_experience":373731,"relics_obtained":[{"floor":9,"key":"Kunai"},{"floor":11,"key":"Incense Burner"},{"floor":13,"key":"Ancient Tea Set"},{"floor":14,"key":"Meat on the Bone"},{"floor":23,"key":"StrikeDummy"},{"floor":26,"key":"Girya"},{"floor":30,"key":"Omamori"},{"floor":36,"key":"StoneCalendar"},{"floor":46,"key":"Orichalcum"}],"event_choices":[{"damage_healed":0,"gold_gain":0,"cards_transformed":["Strike_P"],"player_choice":"Change","damage_taken":0,"max_hp_gain":0,"max_hp_loss":0,"event_name":"Living Wall","floor":5,"gold_loss":0,"cards_obtained":["TalkToTheHand"]},{"damage_healed":0,"gold_gain":0,"player_choice":"Fight","damage_taken":0,"max_hp_gain":0,"max_hp_loss":0,"event_name":"MindBloom","floor":36,"gold_loss":0},{"cards_removed":["LessonLearned"],"damage_healed":0,"gold_gain":0,"player_choice":"Removed Attack","damage_taken":0,"max_hp_gain":0,"max_hp_loss":0,"event_name":"Falling","floor":37,"gold_loss":0},{"damage_healed":0,"gold_gain":0,"player_choice":"Ignored","damage_taken":0,"max_hp_gain":0,"max_hp_loss":0,"event_name":"Mysterious Sphere","floor":38,"gold_loss":0}],"is_beta":false,"boss_relics":[{"not_picked":["Runic Dome","Tiny House"],"picked":"Empty Cage"},{"not_picked":["Coffee Dripper","SlaversCollar"],"picked":"Busted Crown"}],"items_purged_floors":[20,31,39,47],"is_endless":false,"potions_floor_spawned":[3,4,12,13,16,21,22,23,29,36,46],"killed_by":"Donu and Deca","ascension_level":10}}