{"host":"xuwi0g0wfi2leo50","time":1611119564,"event":{"mods":["A Magickal Journey","Aspiration","BaseMod","Colored Map","Colored Powertips","Custom Start","DeckTracker","Downfall","Energized Spire","GifTheSpireLib","Highlight Path","Hubris","Infinite Spire","Lobotomy","Marisa????????","Minty Spire (QoL Compilation)","Quick Restart","Random Character Button","StSLib","SuperFastMode","Synergy Search","Td1madao Mod","The Animator","The Cursed","The Jungle","The Runesmith","The Servant 0.9.4","vexMod"],"gold_per_floor":[99,119,135,135,149,149,176,196,196,214,226,226,226,244,257,257,257,257],"floor_reached":16,"language":"ENG","playtime":481,"items_purged":[],"score":96,"play_id":"bd0912e1-5009-429d-8876-b4c8dec87c52","local_time":"20210119231244","is_ascension_mode":false,"campfire_choices":[{"data":"champ:Taunt","floor":1,"key":"SMITH"},{"data":"champ:Haymaker","floor":9,"key":"SMITH"},{"floor":12,"key":"REST"}],"circlet_count":0,"master_deck":["champ:Strike","champ:Strike","champ:Strike","champ:Strike","champ:Defend","champ:Defend","champ:Defend","champ:Defend","champ:Execute","champ:Taunt+1","champ:CrownThrow","champ:Haymaker+1","champ:Execute","champ:RisingSlash","champ:FanOfKnives","champ:PreciseThrust"],"relics":["champ:ChampionCrown","downfall:ShatteredFragment","Bag of Marbles","Pen Nib"],"acts_visited":["Exordium"],"potions_floor_usage":[16],"damage_taken":[{"damage":21,"enemies":"Cultist","floor":2,"turns":3},{"damage":16,"enemies":"Jaw Worm","floor":3,"turns":3},{"damage":10,"enemies":"2 Louse","floor":5,"turns":2},{"damage":23,"enemies":"Large Slime","floor":8,"turns":4},{"damage":10,"enemies":"2 Fungi Beasts","floor":10,"turns":2},{"damage":25,"enemies":"Exordium Thugs","floor":11,"turns":3},{"damage":7,"enemies":"Large Slime","floor":14,"turns":3},{"damage":0,"enemies":"3 Louse","floor":15,"turns":1},{"damage":103,"enemies":"SI_SHIV_ARCHETYPE","floor":16,"turns":7}],"seed_played":"-8021984774667580459","potions_obtained":[{"floor":2,"key":"Strength Potion"},{"floor":3,"key":"Weak Potion"},{"floor":8,"key":"Regen Potion"}],"is_trial":false,"path_per_floor":["R","M","M","?","M","?","T","M","R","M","M","R","?","M","M","B"],"character_chosen":"THE_CHAMP","items_purchased":[],"campfire_rested":1,"item_purchase_floors":[],"current_hp_per_floor":[99,98,92,92,92,65,65,62,62,62,47,76,73,66,66,0,0,0],"gold":257,"neow_bonus":"TEN_PERCENT_HP_BONUS","is_daily":false,"chose_seed":false,"campfire_upgraded":2,"win_rate":0.0,"timestamp":1611119564,"path_taken":["R","M","?","?","?","?","T","M","R","M","M","R","?","M","M","BOSS"],"items_purchased_type":[],"build_version":"2020-12-22","purchased_purges":0,"victory":false,"max_hp_per_floor":[99,99,99,99,99,99,99,99,99,99,99,99,99,99,99,99,99,99],"card_choices":[{"not_picked":["champ:Shatter","champ:RapidStrikes"],"picked":"champ:CrownThrow","floor":2},{"not_picked":["champ:DefensiveShout","champ:BringItOn"],"picked":"champ:Haymaker","floor":3},{"not_picked":["champ:PerfectedStrike","champ:Backstep","champ:CrownThrow"],"picked":"SKIP","floor":5},{"not_picked":["champ:Backstep","champ:HeartStrike","champ:GutPunch"],"picked":"SKIP","floor":8},{"not_picked":["champ:PerfectedStrike","champ:MurderStrike"],"picked":"champ:RisingSlash","floor":10},{"not_picked":["champ:DeathBlow","champ:GutPunch"],"picked":"champ:FanOfKnives","floor":11},{"not_picked":["champ:PerfectedStrike","champ:SetATrap","champ:TornadoPunch"],"picked":"SKIP","floor":14},{"not_picked":["champ:StanceDance","champ:BladeFlurry"],"picked":"champ:PreciseThrust","floor":15}],"player_experience":959042,"relics_obtained":[{"floor":7,"key":"Bag of Marbles"}],"event_choices":[{"damage_healed":0,"gold_gain":0,"player_choice":"Success","damage_taken":3,"relics_obtained":["Pen Nib"],"max_hp_gain":0,"max_hp_loss":0,"event_name":"Scrap Ooze","floor":13,"gold_loss":0}],"is_beta":false,"boss_relics":[],"items_purged_floors":[],"is_endless":false,"potions_floor_spawned":[2,3,8,10],"killed_by":"SI_SHIV_ARCHETYPE","ascension_level":0}}