{"host":"v711dtdb46xe9u7l","time":1611172706,"event":{"mods":["BaseMod","Bestiary","Downfall","Highlight Path","Minty Spire (QoL Compilation)","Quick Restart","StSLib"],"gold_per_floor":[99,111,24,24,124,124,148,161,180,280,312,312,325,349,365,467,467,267,294,312,312,324,324,347,379,379,389,389,407,425,450,464,566,566,466,77,92,440,518,531,531,531,531,559,559,164,164,193,213,213,213,213,213,213],"floor_reached":52,"language":"ENG","playtime":4408,"items_purged":["champ:Defend"],"score":848,"play_id":"10560219-0010-49f4-b8f4-37f32d1f3b02","local_time":"20210120195826","is_ascension_mode":false,"campfire_choices":[{"data":"champ:Execute","floor":1,"key":"SMITH"},{"data":"champ:Taunt","floor":6,"key":"SMITH"},{"floor":12,"key":"RECALL"},{"data":"champ:UltimateStance","floor":18,"key":"SMITH"},{"data":"champ:Shatter","floor":23,"key":"SMITH"},{"floor":26,"key":"REST"},{"data":"champ:AdrenalArmor","floor":35,"key":"SMITH"},{"data":"champ:GladiatorForm","floor":43,"key":"SMITH"},{"data":"expansioncontent:PrepareCrush","floor":47,"key":"SMITH"}],"circlet_count":0,"master_deck":["champ:Defend+1","champ:Defend+1","champ:Defend","champ:Execute+1","champ:Taunt+1","champ:CrownThrow","champ:IronFortress","champ:ArenaPreparation","champ:DefensiveShout","champ:PreciseThrust","champ:VampiricStrike","champ:Shatter+1","champ:BringItOn","champ:RecklessLeap","champ:UltimateStance+1","champ:Circumvent","Slimebound:Tackle+1","Slimebound:Tackle+1","champ:FanOfKnives+1","champ:Backstep+1","champ:AdrenalArmor+1","champ:StanceDance","champ:TornadoPunch","champ:FancyFootwork","champ:GladiatorForm+1","CurseOfTheBell","champ:Haymaker","champ:Parry","champ:CrookedStrike+1","champ:StanceDance+1","champ:Lariat+1","expansioncontent:GuardianWhirl","expansioncontent:PrepareCrush+1","expansioncontent:AwakenDeath","champ:DeathBlow","Flash of Steel","expansioncontent:DashGenerateEvil","Parasite"],"relics":["champ:ChampionCrown","Champion Belt","War Paint","Akabeko","Black Star","downfall:HeartBlessingRed","downfall:HeartBlessingBlue","MealTicket","Regal Pillow","Oddly Smooth Stone","Bottled Lightning","Anchor","Pen Nib","Calling Bell","Smiling Mask","Mercury Hourglass","FossilizedHelix","downfall:HeartBlessingGreen","Du-Vu Doll","Old Coin","Shuriken","Pear","White Beast Statue","Sundial","Boot","Ancient Tea Set"],"acts_visited":["Exordium","TheCity","TheBeyond","TheEnding"],"potions_floor_usage":[5,16,33,33,38,38,48,50,50,50],"damage_taken":[{"damage":10,"enemies":"Cultist","floor":2,"turns":4},{"damage":20,"enemies":"downfall:FleeingMerchant","floor":3,"turns":4},{"damage":24,"enemies":"downfall:FleeingMerchant","floor":5,"turns":3},{"damage":0,"enemies":"Small Slimes","floor":8,"turns":2},{"damage":25,"enemies":"2 Louse","floor":9,"turns":2},{"damage":25,"enemies":"3 Sentries","floor":11,"turns":7},{"damage":10,"enemies":"Blue Slaver","floor":13,"turns":3},{"damage":0,"enemies":"Exordium Thugs","floor":15,"turns":2},{"damage":46,"enemies":"SI_SHIV_ARCHETYPE","floor":16,"turns":10},{"damage":39,"enemies":"Shell Parasite","floor":20,"turns":4},{"damage":48,"enemies":"Sentry and Sphere","floor":22,"turns":6},{"damage":46,"enemies":"Book of Stabbing","floor":25,"turns":5},{"damage":30,"enemies":"Chosen and Byrds","floor":27,"turns":2},{"damage":37,"enemies":"Cultist and Chosen","floor":29,"turns":6},{"damage":35,"enemies":"Centurion and Healer","floor":30,"turns":4},{"damage":76,"enemies":"Gremlin Leader","floor":31,"turns":8},{"damage":10,"enemies":"Snake Plant","floor":32,"turns":4},{"damage":73,"enemies":"IC_MUSHROOM_ARCHETYPE","floor":33,"turns":9},{"damage":26,"enemies":"downfall:FleeingMerchant","floor":36,"turns":4},{"damage":0,"enemies":"3 Shapes","floor":37,"turns":3},{"damage":15,"enemies":"2 Orb Walkers","floor":38,"turns":4},{"damage":0,"enemies":"Orb Walker","floor":40,"turns":2},{"damage":80,"enemies":"Giant Head","floor":44,"turns":9},{"damage":18,"enemies":"downfall:FleeingMerchant","floor":46,"turns":4},{"damage":51,"enemies":"Reptomancer","floor":48,"turns":5},{"damage":0,"enemies":"Writhing Mass","floor":49,"turns":5},{"damage":77,"enemies":"WA_ARCHETYPE_DIVINITY","floor":50,"turns":14},{"damage":251,"enemies":"downfall:CharBossMerchant","floor":52,"turns":9}],"seed_played":"-5635927648992710228","potions_obtained":[{"floor":2,"key":"FearPotion"},{"floor":9,"key":"PowerPotion"},{"floor":13,"key":"Weak Potion"},{"floor":16,"key":"SmokeBomb"},{"floor":27,"key":"sneckomod:MuddlingPotion"},{"floor":30,"key":"Slimebound:ThreeZeroPotion"},{"floor":33,"key":"DuplicationPotion"},{"floor":37,"key":"Fire Potion"},{"floor":38,"key":"Regen Potion"},{"floor":46,"key":"Strength Potion"},{"floor":48,"key":"hexamod:SoulburnPotion"}],"is_trial":false,"path_per_floor":["R","M","$","?","?","R","T","M","M","?","E","R","M","T","M","B",null,"R","T","M","?","M","R","T","E","R","M","?","M","M","E","M","B",null,"R","$","M","?","T","M","T","?","R","E","?","$","R","E","M","B",null,"E"],"character_chosen":"THE_CHAMP","items_purchased":["champ:ArenaPreparation","Du-Vu Doll","champ:Parry","champ:DeathBlow","Flash of Steel","expansioncontent:DashGenerateEvil"],"campfire_rested":1,"item_purchase_floors":[3,36,36,46,46,46],"current_hp_per_floor":[99,99,99,99,85,85,85,85,80,80,80,80,80,80,80,59,99,109,109,80,80,57,57,57,31,78,78,78,76,76,65,65,37,109,109,109,109,109,109,109,119,119,119,89,79,86,86,45,45,28,119,0,0,0],"gold":213,"neow_bonus":"TEN_PERCENT_HP_BONUS","is_daily":false,"chose_seed":false,"campfire_upgraded":7,"win_rate":0.0,"timestamp":1611172706,"path_taken":["R","M","$","?","?","R","T","M","M","?","E","R","?","?","M","BOSS","R","?","?","?","M","R","T","E","R","M","?","M","M","E","M","BOSS","R","$","M","?","?","M","T","?","R","E","?","?","R","E","M","BOSS","E"],"items_purchased_type":["Card","Relic","Card","Card","Card","Card"],"build_version":"2020-12-22","purchased_purges":1,"victory":false,"max_hp_per_floor":[99,99,99,99,99,99,99,99,99,99,99,99,99,99,99,99,99,109,109,109,109,109,109,109,109,109,109,109,109,109,109,109,109,109,109,109,109,109,109,109,119,119,119,119,119,119,119,119,119,119,119,119,119,119],"card_choices":[{"not_picked":["champ:EnragedBash","champ:Circumvent"],"picked":"champ:CrownThrow","floor":2},{"not_picked":["champ:BladeFlurry","champ:CrownThrow"],"picked":"champ:IronFortress","floor":3},{"not_picked":["champ:Haymaker","champ:Lariat"],"picked":"champ:DefensiveShout","floor":5},{"not_picked":["champ:Backstep","champ:Haymaker"],"picked":"champ:PreciseThrust","floor":8},{"not_picked":["champ:DefensiveShout","champ:AdrenalArmor"],"picked":"champ:VampiricStrike","floor":9},{"not_picked":["champ:Backstep","champ:Circumvent"],"picked":"champ:Shatter","floor":11},{"not_picked":["champ:Shatter","champ:FalseCounter"],"picked":"champ:BringItOn","floor":13},{"not_picked":["champ:Parry","champ:HeartStrike"],"picked":"champ:RecklessLeap","floor":15},{"not_picked":["champ:LastStand","champ:StrikeOfGenius"],"picked":"champ:UltimateStance","floor":16},{"not_picked":["champ:Backstep","champ:CrookedStrike+1"],"picked":"champ:Circumvent","floor":20},{"not_picked":["champ:Circumvent","champ:SetATrap"],"picked":"champ:FanOfKnives+1","floor":22},{"not_picked":["champ:Shatter","champ:PreemptiveStrike+1"],"picked":"champ:Backstep+1","floor":25},{"not_picked":["champ:Haymaker","champ:FanOfKnives"],"picked":"champ:AdrenalArmor","floor":27},{"not_picked":["champ:Circumvent+1","champ:ShieldSlam"],"picked":"champ:StanceDance","floor":29},{"not_picked":["champ:EnragedBash","champ:Shatter"],"picked":"champ:TornadoPunch","floor":30},{"not_picked":["champ:RisingSlash","champ:BerserkersShout","champ:Encircle"],"picked":"SKIP","floor":31},{"not_picked":["champ:BladeFlurry+1","champ:CrookedStrike"],"picked":"champ:FancyFootwork","floor":32},{"not_picked":["champ:CheapShot","champ:SteelEdge"],"picked":"champ:GladiatorForm","floor":33},{"not_picked":["champ:BringItOn","champ:DefensiveShout"],"picked":"champ:Haymaker","floor":36},{"not_picked":["champ:CrookedStrike","champ:PreciseThrust","champ:EnGarde+1"],"picked":"SKIP","floor":37},{"not_picked":["champ:Shatter+1","champ:FancyFootwork+1"],"picked":"champ:CrookedStrike+1","floor":38},{"not_picked":["champ:BerserkersShout+1","champ:Duel"],"picked":"champ:StanceDance+1","floor":40},{"not_picked":["champ:SteelEdge","champ:PerfectedStrike+1"],"picked":"champ:Lariat+1","floor":44},{"not_picked":["expansioncontent:Chronoboost","expansioncontent:Hexaburn"],"picked":"expansioncontent:GuardianWhirl","floor":45},{"not_picked":["expansioncontent:PolyBeam","expansioncontent:GuardianWhirl"],"picked":"expansioncontent:PrepareCrush","floor":45},{"not_picked":["expansioncontent:GuardianWhirl","expansioncontent:PolyBeam"],"picked":"expansioncontent:AwakenDeath","floor":45},{"not_picked":["champ:Parry","champ:FocusedBerserking","champ:TornadoPunch+1"],"picked":"SKIP","floor":46},{"not_picked":["champ:Parry+1","champ:EndlessRage","champ:CrownThrow"],"picked":"SKIP","floor":48},{"not_picked":["champ:BladeFlurry+1","champ:StanceDance","champ:FanOfKnives+1"],"picked":"SKIP","floor":49}],"player_experience":383076,"relics_obtained":[{"floor":5,"key":"Champion Belt"},{"floor":7,"key":"War Paint"},{"floor":11,"key":"Akabeko"},{"floor":19,"key":"MealTicket"},{"floor":24,"key":"Regal Pillow"},{"floor":25,"key":"Oddly Smooth Stone"},{"floor":25,"key":"Bottled Lightning"},{"floor":31,"key":"Anchor"},{"floor":31,"key":"Pen Nib"},{"floor":34,"key":"Smiling Mask"},{"floor":34,"key":"Mercury Hourglass"},{"floor":34,"key":"FossilizedHelix"},{"floor":38,"key":"Old Coin"},{"floor":39,"key":"Shuriken"},{"floor":41,"key":"Pear"},{"floor":44,"key":"White Beast Statue"},{"floor":44,"key":"Sundial"},{"floor":48,"key":"Boot"},{"floor":48,"key":"Ancient Tea Set"}],"event_choices":[{"damage_healed":0,"gold_gain":0,"player_choice":"Fight","damage_taken":0,"max_hp_gain":0,"max_hp_loss":0,"event_name":"Mysterious Sphere","floor":38,"gold_loss":0}],"is_beta":false,"boss_relics":[{"not_picked":["Snecko Eye","SacredBark"],"picked":"Black Star"},{"not_picked":["Pandora\u0027s Box","Coffee Dripper"],"picked":"Calling Bell"}],"items_purged_floors":[46],"is_endless":false,"potions_floor_spawned":[2,9,13,16,27,30,32,33,37,38,46,48,49],"killed_by":"downfall:CharBossMerchant","ascension_level":0}}