{"host":"i9wanet4r0ff4t9y","time":1611129164,"event":{"mods":["2.2 Compatiblity","Act Like it!","BaseMod","Bestiary","Better Altar","Better Match","Better Note","Better Sensory Stone","Better Skull","Better Third Choice","Better Vampires","BetterRewards","CapriCore","Curses Come First","Downfall","Minty Spire (QoL Compilation)","Quick Restart","READ ME - Guardian Mod","READ ME - Snecko Mod","Relic Stats","Say the Spire","Spicy Shops","StSLib","The Disciple","Waifu the Spire"],"gold_per_floor":[117,117,0,11,11,37,37,48,72,72,72,84,57,74,74,176,176,191,205,205,205,221,246,246,273,325,325,336,336,5,5,5,5,5],"floor_reached":33,"language":"POL","playtime":897,"items_purged":[],"score":625,"play_id":"add7920f-daef-4080-96f9-86f9244bdd33","local_time":"20210120085244","is_ascension_mode":true,"campfire_choices":[{"floor":7,"key":"REST"},{"floor":10,"key":"REST"},{"data":"1","floor":15,"key":"LIFT"},{"floor":24,"key":"REST"},{"floor":27,"key":"REST"},{"floor":32,"key":"REST"}],"circlet_count":0,"master_deck":["AscendersBane","Strike_G","Strike_G","Strike_G","Strike_G","Strike_G","Defend_G","Defend_G","Defend_G","Defend_G","Defend_G","Survivor+1","Neutralize","Mayhem+1","Predator","Deflect","Blade Dance","Blade Dance","Slice","Regret","Distraction","Footwork","Wraith Form v2","Malaise","Underhanded Strike+1","Flying Knee","Phantasmal Killer","Adrenaline","Riddle With Holes","Impatience","Dramatic Entrance","Deflect"],"relics":["Ring of the Snake","Girya","Singing Bowl","Bag of Marbles","Boot","Strawberry","The Courier","Orichalcum","bronze:MakeshiftBattery","Nloth\u0027s Gift","StrikeDummy","Bird Faced Urn","Lantern","Mango","Regal Pillow","HandDrill","CeramicFish","Juzu Bracelet"],"acts_visited":["Exordium","TheCity"],"potions_floor_usage":[16,16,25,33],"damage_taken":[{"damage":0.0,"enemies":"2 Louse","floor":1.0,"turns":2.0},{"damage":0,"enemies":"Small Slimes","floor":4,"turns":2},{"damage":5,"enemies":"Lagavulin","floor":6,"turns":5},{"damage":0,"enemies":"Jaw Worm","floor":8,"turns":1},{"damage":0,"enemies":"Looter","floor":12,"turns":1},{"damage":4,"enemies":"3 Louse","floor":14,"turns":2},{"damage":24,"enemies":"The Guardian","floor":16,"turns":11},{"damage":6,"enemies":"2 Thieves","floor":18,"turns":4},{"damage":7,"enemies":"Shell Parasite","floor":19,"turns":3},{"damage":23,"enemies":"3 Cultists","floor":22,"turns":6},{"damage":16,"enemies":"Book of Stabbing","floor":23,"turns":6},{"damage":21,"enemies":"Gremlin Leader","floor":25,"turns":6},{"damage":9,"enemies":"Snake Plant","floor":28,"turns":4},{"damage":123,"enemies":"Automaton","floor":33,"turns":12}],"seed_played":"-4473071764075980805","potions_obtained":[{"floor":4,"key":"LiquidBronze"},{"floor":8,"key":"Ancient Potion"},{"floor":12,"key":"Block Potion"},{"floor":18,"key":"GamblersBrew"},{"floor":22,"key":"Guardian:BlockOnCardUsePotion"},{"floor":28,"key":"Energy Potion"}],"is_trial":false,"path_per_floor":["M","?","?","M","$","E","R","M","T","R","?","M","$","M","R","B",null,"M","M","?","T","M","E","R","E","T","R","M","?","$","?","R","B"],"character_chosen":"THE_SILENT","items_purchased":["Girya","Singing Bowl","Mayhem","Bag of Marbles","Boot","Predator","Deflect","Footwork","Mango","Regal Pillow","HandDrill","Dramatic Entrance","Deflect"],"campfire_rested":5,"item_purchase_floors":[0,0,0,0,0,0,0,13,30,30,30,30,30],"current_hp_per_floor":[31,16,22,22,22,19,44,44,44,69,69,69,69,65,65,41,74,68,61,61,61,40,24,50,29,29,55,48,48,62,19,64,0,0],"gold":5,"neow_bonus":"","is_daily":false,"chose_seed":false,"campfire_upgraded":0,"win_rate":0.0,"timestamp":1611129164,"path_taken":["M","?","?","M","$","E","R","M","T","R","?","M","?","M","R","BOSS","M","M","?","?","M","E","R","E","T","R","M","?","$","?","R","BOSS"],"items_purchased_type":["Relic","Relic","Card","Relic","Relic","Card","Card","Card","Relic","Relic","Relic","Card","Card"],"build_version":"2020-12-22","purchased_purges":0,"victory":false,"max_hp_per_floor":[77,77,83,83,83,85,85,85,85,85,85,85,85,85,85,85,85,85,85,85,85,87,87,87,87,87,87,87,87,101,101,101,101,101],"relic_stats":{"Regal Pillow":15,"Singing Bowl":4,"counters":[64,300],"Bird Faced Urn":[8],"CeramicFish":0,"Nloth\u0027s Gift":2,"HandDrill":[50],"Juzu Bracelet":0,"Orichalcum":[102],"Boot":[133],"obtain_stats":[{"CeramicFish":9,"Vajra":21,"Spirit Poop":29,"HoveringKite":34,"Boot":0,"Sling":11,"Strawberry":0,"Philosopher\u0027s Stone":17,"HandDrill":0,"Kunai":12,"Girya":0,"Happy Flower":10,"Blue Candle":54,"Oddly Smooth Stone":53,"Eternal Feather":26,"Paper Crane":40,"Question Card":9,"Akabeko":41,"Shuriken":9,"Bronze Scales":9,"Bird Faced Urn":25,"Nloth\u0027s Gift":20,"StrikeDummy":23,"bronze:MakeshiftBattery":17,"Darkstone Periapt":0,"Regal Pillow":9,"Lantern":0,"Singing Bowl":0,"Mango":30,"Bag of Preparation":27,"Juzu Bracelet":47,"Ancient Tea Set":11,"Matryoshka":6,"Ninja Scroll":11,"Toolbox":41,"Tiny Chest":11,"Ring of the Snake":0,"The Specimen":0,"Golden Idol":2,"betterThird:NestCultRelic":28,"PreservedInsect":0,"The Courier":6,"Orichalcum":0,"Frozen Egg 2":41,"White Beast Statue":26,"Cauldron":21,"sneckomod:BabySnecko":22,"Anchor":24,"Bag of Marbles":0,"Bottled Lightning":7,"Toy Ornithopter":12},{"CeramicFish":24,"Vajra":35,"Spirit Poop":39,"HoveringKite":41,"Boot":26,"Sling":30,"Strawberry":50,"Philosopher\u0027s Stone":14,"HandDrill":26,"Kunai":30,"Girya":50,"Happy Flower":11,"Blue Candle":49,"Oddly Smooth Stone":48,"Eternal Feather":16,"Paper Crane":45,"Question Card":6,"Akabeko":45,"Shuriken":30,"Bronze Scales":6,"Bird Faced Urn":62,"Nloth\u0027s Gift":59,"StrikeDummy":61,"bronze:MakeshiftBattery":57,"Darkstone Periapt":26,"Regal Pillow":10,"Lantern":26,"Singing Bowl":50,"Mango":63,"Bag of Preparation":38,"Juzu Bracelet":47,"Ancient Tea Set":24,"Matryoshka":6,"Ninja Scroll":54,"Toolbox":45,"Tiny Chest":30,"Ring of the Snake":0,"The Specimen":26,"Golden Idol":27,"betterThird:NestCultRelic":16,"PreservedInsect":19,"The Courier":53,"Orichalcum":7,"Frozen Egg 2":45,"White Beast Statue":37,"Cauldron":16,"sneckomod:BabySnecko":16,"Anchor":36,"Bag of Marbles":50,"Bottled Lightning":10,"Toy Ornithopter":25},{"CeramicFish":102,"Vajra":160,"Spirit Poop":174,"HoveringKite":184,"Boot":121,"Sling":135,"Strawberry":235,"Philosopher\u0027s Stone":64,"HandDrill":121,"Kunai":135,"Girya":235,"Happy Flower":49,"Blue Candle":226,"Oddly Smooth Stone":221,"Eternal Feather":72,"Paper Crane":206,"Question Card":24,"Akabeko":206,"Shuriken":135,"Bronze Scales":24,"Bird Faced Urn":284,"Nloth\u0027s Gift":266,"StrikeDummy":278,"bronze:MakeshiftBattery":259,"Darkstone Periapt":121,"Regal Pillow":41,"Lantern":121,"Singing Bowl":235,"Mango":288,"Bag of Preparation":171,"Juzu Bracelet":215,"Ancient Tea Set":102,"Matryoshka":24,"Ninja Scroll":245,"Toolbox":206,"Tiny Chest":135,"Ring of the Snake":0,"The Specimen":121,"Golden Idol":124,"betterThird:NestCultRelic":72,"PreservedInsect":89,"The Courier":244,"Orichalcum":28,"Frozen Egg 2":206,"White Beast Statue":166,"Cauldron":72,"sneckomod:BabySnecko":72,"Anchor":164,"Bag of Marbles":235,"Bottled Lightning":41,"Toy Ornithopter":105}],"Ring of the Snake":[126]},"card_choices":[{"not_picked":["Prepared","Dagger Throw"],"picked":"Blade Dance","floor":1.0},{"not_picked":["Skewer","Expertise"],"picked":"Blade Dance","floor":4},{"not_picked":["Deflect","Reflex","Slice"],"picked":"Singing Bowl","floor":6},{"not_picked":["Sucker Punch","Tactician"],"picked":"Slice","floor":8},{"not_picked":["Slice","Backflip"],"picked":"Distraction","floor":12},{"not_picked":["Caltrops","Poisoned Stab"],"picked":"Wraith Form v2","floor":14},{"not_picked":["A Thousand Cuts","Glass Knife"],"picked":"Malaise","floor":16},{"not_picked":["Slice","Outmaneuver"],"picked":"Underhanded Strike+1","floor":18},{"not_picked":["Skewer","Backflip+1"],"picked":"Flying Knee","floor":19},{"not_picked":["Prepared","Deflect","Deadly Poison"],"picked":"Singing Bowl","floor":22},{"not_picked":["Setup","Leg Sweep"],"picked":"Phantasmal Killer","floor":23},{"not_picked":["Infinite Blades","Predator"],"picked":"Adrenaline","floor":25},{"not_picked":["Flying Knee+1","PiercingWail+1"],"picked":"Riddle With Holes","floor":28}],"player_experience":416290,"relics_obtained":[{"floor":6,"key":"The Courier"},{"floor":9,"key":"Orichalcum"},{"floor":23,"key":"StrikeDummy"},{"floor":25,"key":"Bird Faced Urn"},{"floor":26,"key":"Lantern"}],"event_choices":[{"damage_healed":31,"gold_gain":0,"player_choice":"Upgrade","damage_taken":15,"max_hp_gain":0,"max_hp_loss":77,"event_name":"betterThird:BetterShining","floor":2,"gold_loss":0,"cards_upgraded":["Survivor","Mayhem"]},{"damage_healed":0,"gold_gain":0,"player_choice":"RENOUNCE","damage_taken":117,"max_hp_gain":0,"max_hp_loss":0,"event_name":"betterThird:BetterSerpent","floor":3,"gold_loss":117,"cards_obtained":["Enlightenment"]},{"damage_healed":0,"gold_gain":0,"player_choice":"Box","damage_taken":0,"relics_obtained":["Ninja Scroll"],"max_hp_gain":0,"max_hp_loss":0,"event_name":"Big Fish","floor":11,"gold_loss":0,"cards_obtained":["Regret"]},{"damage_healed":0,"gold_gain":0,"player_choice":"Traded Relic","damage_taken":0,"relics_obtained":["Nloth\u0027s Gift"],"max_hp_gain":0,"max_hp_loss":0,"event_name":"N\u0027loth","floor":20,"relics_lost":["Ninja Scroll"],"gold_loss":0},{"damage_healed":0,"gold_gain":0,"cards_transformed":["Enlightenment"],"player_choice":"Transformed","damage_taken":0,"max_hp_gain":0,"max_hp_loss":0,"event_name":"Transmorgrifier","floor":29,"gold_loss":0,"cards_obtained":["Impatience"]},{"damage_healed":0,"gold_gain":0,"player_choice":"RE RE ","damage_taken":47,"relics_obtained":["CeramicFish","Juzu Bracelet"],"max_hp_gain":0,"max_hp_loss":0,"event_name":"betterSkull:BetterSkull","floor":31,"gold_loss":0,"cards_upgraded":[]}],"is_beta":false,"boss_relics":[{"not_picked":["Astrolabe","Tiny House"],"picked":"bronze:MakeshiftBattery"}],"items_purged_floors":[],"is_endless":false,"potions_floor_spawned":[4,8,12,18,22,28],"killed_by":"Automaton","ascension_level":10}}