{"host":"xzk9bt2l7avnb6n5","time":1611168785,"event":{"mods":["Aspiration","BaseMod","Conspire","Downfall","Highlight Path","Infinite Spire","Minty Spire (QoL Compilation)","Shop Mod","StSLib","The Wild Card"],"gold_per_floor":[99,116,116,134,159,159,159,1,29,29,45,55,55,81,96,191,191,91,109,122,143,143,168,168,68,2,2,2,2,2,2,28,127,127,27,49,42,42,56,56,82,82,82,114,114,141,141,141,160,160,160,160],"floor_reached":50,"language":"ENG","playtime":2955,"items_purged":[],"score":575,"play_id":"4e258089-0282-4747-918c-b119eb80caeb","local_time":"20210120115305","is_ascension_mode":false,"campfire_choices":[{"floor":1,"key":"RECALL"},{"floor":10,"key":"REST"},{"data":"hexamod:SpectersWail","floor":13,"key":"SMITH"},{"data":"hexamod:Float","floor":18,"key":"SMITH"},{"data":"hexamod:PhantomCloak","floor":25,"key":"SMITH"},{"floor":27,"key":"REST"},{"data":"hexamod:Sear","floor":35,"key":"SMITH"},{"floor":40,"key":"REST"},{"data":"infinitespire:Starlight","floor":47,"key":"SMITH"}],"circlet_count":0,"master_deck":["hexamod:Strike","hexamod:Strike","hexamod:Strike","hexamod:Strike","hexamod:Defend","hexamod:Defend","hexamod:Defend","hexamod:Defend","hexamod:Sear+1","hexamod:Float+1","hexamod:GhostShield","hexamod:GhostflameBarrier","hexamod:SpectersWail","hexamod:FlamesFromBeyond+1","hexamod:NightmareStrike+1","hexamod:WildfireWeapon","hexamod:SpectersWail+1","hexamod:GhostLash","hexamod:Hexaguard","hexamod:PhantomCloak+1","hexamod:Hexaguard","hexamod:WildfireWeapon","hexamod:HeatMetal+1","hexamod:NightmareStrike+1","hexamod:ThermalTransfer+1","hexamod:SpectersWail","hexamod:FirstSeal","hexamod:HeatMetal+1","hexamod:TimeWarp","CurseOfTheBell","hexamod:FlamesFromBeyond+1","hexamod:ThermalTransfer","hexamod:Firestarter","hexamod:FlamesFromBeyond+1","hexamod:FirstSeal","Clumsy","infinitespire:Starlight+1","hexamod:FlamesFromBeyond+1"],"relics":["hexamod:SpiritBrand","Juzu Bracelet","Mercury Hourglass","Anchor","infinitespire:FocusingShard","conspire:DecoderRing","hexamod:IceCube","downfall:HeartBlessingRed","Calling Bell","Potion Belt","Shuriken","Dead Branch","Bottled Lightning","downfall:HeartBlessingBlue","downfall:RedIOU","MutagenicStrength","Cursed Key","downfall:HeartBlessingGreen","Regal Pillow","Pear","Darkstone Periapt","hexamod:TheBrokenSeal"],"acts_visited":["Exordium","TheCity","TheBeyond"],"potions_floor_usage":[14,16,16,20,23,33,33,33,33,33,33,37,45,46,49,50,50],"damage_taken":[{"damage":4,"enemies":"Small Slimes","floor":2,"turns":4},{"damage":1,"enemies":"Jaw Worm","floor":4,"turns":4},{"damage":0,"enemies":"downfall:FleeingMerchant","floor":8,"turns":4},{"damage":9,"enemies":"3 Sentries","floor":9,"turns":6},{"damage":0,"enemies":"2 Louse","floor":11,"turns":2},{"damage":1,"enemies":"Large Slime","floor":12,"turns":5},{"damage":8,"enemies":"Gremlin Nob","floor":14,"turns":3},{"damage":0,"enemies":"3 Louse","floor":15,"turns":2},{"damage":50,"enemies":"DF_ARCHETYPE_STREAMLINE","floor":16,"turns":13},{"damage":0,"enemies":"Shell Parasite","floor":19,"turns":7},{"damage":8,"enemies":"3 Byrds","floor":20,"turns":4},{"damage":6,"enemies":"Snake Plant","floor":21,"turns":5},{"damage":5,"enemies":"Chosen and Byrds","floor":23,"turns":7},{"damage":9,"enemies":"downfall:FleeingMerchant","floor":26,"turns":4},{"damage":7,"enemies":"Centurion and Healer","floor":32,"turns":4},{"damage":13,"enemies":"IC_MUSHROOM_ARCHETYPE","floor":33,"turns":4},{"damage":0,"enemies":"3 Shapes","floor":36,"turns":3},{"damage":15,"enemies":"downfall:FleeingMerchant","floor":37,"turns":4},{"damage":9,"enemies":"Orb Walker","floor":39,"turns":3},{"damage":14,"enemies":"downfall:FleeingMerchant","floor":44,"turns":3},{"damage":0,"enemies":"Spire Growth","floor":45,"turns":1},{"damage":35,"enemies":"Maw","floor":46,"turns":8},{"damage":5,"enemies":"3 Darklings","floor":49,"turns":4},{"damage":164,"enemies":"SI_POISON_ARCHETYPE","floor":50,"turns":7}],"seed_played":"648272416073839685","potions_obtained":[{"floor":4,"key":"SteroidPotion"},{"floor":11,"key":"ColorlessPotion"},{"floor":15,"key":"FearPotion"},{"floor":15,"key":"Ancient Potion"},{"floor":16,"key":"BlessingOfTheForge"},{"floor":19,"key":"Guardian:BlockOnCardUsePotion"},{"floor":20,"key":"SmokeBomb"},{"floor":21,"key":"champ:CounterPotion"},{"floor":21,"key":"Slimebound:ThreeZeroPotion"},{"floor":23,"key":"Ancient Potion"},{"floor":32,"key":"EntropicBrew"},{"floor":36,"key":"AttackPotion"},{"floor":37,"key":"hexamod:EctoCoolerPotion"},{"floor":46,"key":"Strength Potion"},{"floor":49,"key":"Weak Potion"}],"is_trial":false,"path_per_floor":["R","M","?","M","T","?","T","$","E","R","M","M","R","E","M","B",null,"R","M","M","M","AVR","M","T","R","$","R","?","?","?","?","M","B",null,"R","M","$","?","M","R","T","AVR","?","$","M","M","R","?","M","B"],"character_chosen":"THE_SPIRIT","items_purchased":["Anchor","FearPotion","Darkstone Periapt","Block Potion"],"campfire_rested":3,"item_purchase_floors":[8,26,44,44],"current_hp_per_floor":[70,66,66,65,65,65,65,65,56,70,70,69,69,61,61,11,70,70,70,69,70,70,70,70,80,71,80,80,80,80,80,73,60,80,80,80,65,65,56,80,80,90,90,83,83,100,100,100,95,0,0,0],"gold":160,"neow_bonus":"RANDOM_COMMON_RELIC","is_daily":false,"chose_seed":false,"campfire_upgraded":5,"win_rate":0.0,"timestamp":1611168785,"path_taken":["R","M","?","M","?","?","T","$","E","R","M","M","R","E","M","BOSS","R","M","M","M","AVR","M","T","R","$","R","?","?","?","?","M","BOSS","R","M","$","?","M","R","T","AVR","?","?","M","M","R","?","M","BOSS"],"items_purchased_type":["Relic","Potion","Relic","Potion"],"build_version":"2020-12-22","purchased_purges":0,"victory":false,"max_hp_per_floor":[70,70,70,70,70,70,70,70,70,70,70,70,70,70,70,70,70,70,70,70,70,70,70,70,80,80,80,80,80,80,80,80,80,80,80,80,80,80,80,80,80,90,90,90,90,100,100,100,100,100,100,100],"card_choices":[{"not_picked":["hexamod:BurningTouch","hexamod:NightmareGuise"],"picked":"hexamod:ThirdSeal","floor":2},{"not_picked":["hexamod:StepThrough","hexamod:HeatShield"],"picked":"hexamod:GhostShield","floor":4},{"not_picked":["hexamod:SkipABeat","hexamod:PhantomFireball"],"picked":"hexamod:GhostflameBarrier","floor":4},{"not_picked":["hexamod:GhostOfSpirePast","hexamod:HeatShield"],"picked":"hexamod:SpectersWail","floor":8},{"not_picked":["hexamod:NightmareGuise","hexamod:GhostLash"],"picked":"hexamod:FlamesFromBeyond","floor":8},{"not_picked":["hexamod:FlamesFromBeyond","hexamod:GhostflameBarrier"],"picked":"hexamod:NightmareStrike","floor":9},{"not_picked":["hexamod:HauntingEcho","hexamod:Hexaguard"],"picked":"hexamod:WildfireWeapon","floor":9},{"not_picked":["hexamod:ShieldOfDarkness","hexamod:HauntingEcho"],"picked":"hexamod:SpectersWail","floor":11},{"not_picked":["hexamod:StepThrough","hexamod:Firestarter"],"picked":"hexamod:GhostLash","floor":12},{"not_picked":["hexamod:HauntingEcho","hexamod:ChargedBarrage"],"picked":"hexamod:Hexaguard","floor":12},{"not_picked":["hexamod:AdvancingGuard","hexamod:HeatMetal"],"picked":"hexamod:FourthSeal","floor":14},{"not_picked":["hexamod:HauntingEcho","hexamod:StepThrough"],"picked":"hexamod:PhantomCloak","floor":14},{"not_picked":["hexamod:SwordOfDarkness","hexamod:GhostShield"],"picked":"hexamod:Hexaguard","floor":15},{"not_picked":["hexamod:GhostflameInferno","hexamod:SearingWound"],"picked":"hexamod:WildfireWeapon","floor":16},{"not_picked":["hexamod:TimeWarp","hexamod:FlameSwitch"],"picked":"hexamod:FifthSeal","floor":16},{"not_picked":["hexamod:SixthSeal","hexamod:SecondSeal"],"picked":"hexamod:FirstSeal","floor":19},{"not_picked":["hexamod:Haunt+1","hexamod:Again+1"],"picked":"hexamod:HeatMetal+1","floor":19},{"not_picked":["hexamod:GhostLash+1","hexamod:RetreatToShadows"],"picked":"hexamod:NightmareStrike+1","floor":19},{"not_picked":["hexamod:GhostShield","hexamod:NightmareGuise"],"picked":"hexamod:ThermalTransfer+1","floor":20},{"not_picked":["hexamod:SixthSeal","hexamod:FourthSeal"],"picked":"hexamod:SecondSeal","floor":20},{"not_picked":["hexamod:WildfireWeapon","hexamod:ThermalTransfer"],"picked":"hexamod:SpectersWail","floor":20},{"not_picked":["hexamod:SecondSeal","hexamod:ThirdSeal"],"picked":"hexamod:FirstSeal","floor":21},{"not_picked":["hexamod:GhostLash","hexamod:SwordOfDarkness"],"picked":"hexamod:HeatMetal","floor":21},{"not_picked":["hexamod:SecondSeal","hexamod:NightmareGuise+1"],"picked":"hexamod:TimeWarp","floor":21},{"not_picked":["hexamod:BurningTouch","hexamod:Firestarter+1"],"picked":"hexamod:FlamesFromBeyond+1","floor":23},{"not_picked":["hexamod:FirstSeal","hexamod:ThirdSeal"],"picked":"hexamod:SixthSeal","floor":23},{"not_picked":["hexamod:HeatCrush","hexamod:SixthSeal"],"picked":"hexamod:ThermalTransfer","floor":23},{"not_picked":["hexamod:GhostOfSpirePresent","hexamod:AdvancingGuard","hexamod:ThirdSeal"],"picked":"SKIP","floor":26},{"not_picked":["hexamod:FourthSeal","hexamod:Hexaguard+1"],"picked":"hexamod:Firestarter","floor":32},{"not_picked":["hexamod:NightmareGuise","hexamod:ShieldOfDarkness+1"],"picked":"hexamod:FlamesFromBeyond+1","floor":32},{"not_picked":["hexamod:NecessarySacrifice","hexamod:ShieldOfDarkness+1","hexamod:NightmareGuise"],"picked":"SKIP","floor":36},{"not_picked":["hexamod:SixthSeal","hexamod:SecondSeal"],"picked":"hexamod:FirstSeal","floor":37},{"not_picked":["hexamod:FastForward+1","hexamod:StepThrough","hexamod:HauntingEcho"],"picked":"SKIP","floor":37},{"not_picked":["hexamod:FlamesFromBeyond+1","hexamod:Haunt+1","hexamod:InspiringFlames+1"],"picked":"SKIP","floor":39},{"not_picked":["hexamod:VolcanoVisage","hexamod:Haunt+1","hexamod:RainOfEmbers"],"picked":"SKIP","floor":44},{"not_picked":["hexamod:NightmareStrike+1","hexamod:Again","hexamod:StepThrough+1"],"picked":"SKIP","floor":46},{"not_picked":["hexamod:AdvancingGuard","hexamod:GhostOfSpirePast"],"picked":"hexamod:FlamesFromBeyond+1","floor":49}],"player_experience":481209,"relics_obtained":[{"floor":7,"key":"Mercury Hourglass"},{"floor":9,"key":"infinitespire:FocusingShard"},{"floor":14,"key":"conspire:DecoderRing"},{"floor":22,"key":"Potion Belt"},{"floor":22,"key":"Shuriken"},{"floor":22,"key":"Dead Branch"},{"floor":24,"key":"Bottled Lightning"},{"floor":41,"key":"Regal Pillow"}],"event_choices":[{"damage_healed":0,"gold_gain":0,"player_choice":"Disagree","damage_taken":0,"max_hp_gain":0,"max_hp_loss":0,"event_name":"conspire:LoneGhost","floor":3,"gold_loss":0},{"damage_healed":0,"gold_gain":0,"player_choice":"Leave","damage_taken":0,"max_hp_gain":0,"max_hp_loss":0,"event_name":"conspire:Investor","floor":28,"gold_loss":0},{"damage_healed":0,"gold_gain":0,"player_choice":"Inject Mutagens","damage_taken":0,"relics_obtained":["MutagenicStrength"],"max_hp_gain":0,"max_hp_loss":0,"event_name":"Drug Dealer","floor":30,"gold_loss":0},{"damage_healed":0,"gold_gain":0,"player_choice":"Ignored","damage_taken":0,"max_hp_gain":0,"max_hp_loss":0,"event_name":"Mysterious Sphere","floor":48,"gold_loss":0}],"is_beta":false,"boss_relics":[{"not_picked":["SlaversCollar","Sozu"],"picked":"hexamod:IceCube"},{"not_picked":["Runic Pyramid","aspiration:PoetsPen_weak"],"picked":"Cursed Key"}],"items_purged_floors":[],"is_endless":false,"potions_floor_spawned":[4,11,15,21,32,36,45,49],"killed_by":"SI_POISON_ARCHETYPE","ascension_level":0}}