{"host":"3ui03y3mxa3ndqsx","time":1611152199,"event":{"mods":["Act Like it!","BaseMod","Downfall","Minty Spire (QoL Compilation)","Quick Restart","StSLib","¡¾ÒÅÎï¿¨ÅÆ¡¿REMEMod"],"gold_per_floor":[0,12,162,180,280,305,305,323,341,353,253,238,238,238,254,254,254,254],"floor_reached":16,"language":"ZHS","playtime":919,"items_purged":[],"score":102,"play_id":"707b7a19-9435-435f-91a8-f62cc04ced9b","local_time":"20210120221639","is_ascension_mode":false,"campfire_choices":[{"data":"bronze:Shell","floor":1.0,"key":"SMITH"},{"floor":11.0,"key":"REST"},{"floor":13.0,"key":"REST"}],"circlet_count":0,"master_deck":["bronze:Strike","bronze:Strike","bronze:Strike","bronze:Defend","bronze:Defend","bronze:Defend","bronze:Replicate","bronze:Goto","bronze:Shell+1","bronze:Break","bronze:Frontload","downfall:Icky","bronze:ItsAFeature","bronze:ChildClass","bronze:ClassDefault","bronze:Fortify","bronze:DelayedGuard"],"relics":["bronze:BronzeCore","REME_ComplimentaryCards","White Beast Statue","PreservedInsect","downfall:HeartBlessingGreen"],"acts_visited":["Exordium"],"potions_floor_usage":[16,16],"damage_taken":[{"damage":0.0,"enemies":"Small Slimes","floor":2.0,"turns":4.0},{"damage":6.0,"enemies":"2 Louse","floor":4.0,"turns":3.0},{"damage":13.0,"enemies":"Lagavulin","floor":6.0,"turns":5.0},{"damage":1.0,"enemies":"Cultist","floor":8.0,"turns":4.0},{"damage":20.0,"enemies":"Gremlin Gang","floor":9.0,"turns":7.0},{"damage":12.0,"enemies":"Exordium Wildlife","floor":10.0,"turns":4.0},{"damage":0.0,"enemies":"downfall:FleeingMerchant","floor":12.0,"turns":4.0},{"damage":0.0,"enemies":"2 Fungi Beasts","floor":15.0,"turns":3.0},{"damage":74,"enemies":"SI_SHIV_ARCHETYPE","floor":16,"turns":11}],"seed_played":"7460875472218354216","potions_obtained":[{"floor":2.0,"key":"Strength Potion"},{"floor":4.0,"key":"DistilledChaos"},{"floor":8.0,"key":"bronze:BurnAndBuffPotion"},{"floor":9.0,"key":"FearPotion"},{"floor":10.0,"key":"Fruit Juice"},{"floor":12.0,"key":"ColorlessPotion"},{"floor":15,"key":"Explosive Potion"}],"is_trial":false,"path_per_floor":["R","M","?","M","?","E","T","M","M","M","R","$","R","?","M","B"],"character_chosen":"THE_AUTOMATON","items_purchased":[],"campfire_rested":2,"item_purchase_floors":[],"current_hp_per_floor":[70,70,70,64,64,51,51,50,30,18,45,45,67,67,67,0,0,0],"gold":254,"neow_bonus":"TRANSFORM_TWO_CARDS","is_daily":false,"chose_seed":false,"campfire_upgraded":1,"win_rate":0.0,"timestamp":1611152199,"path_taken":["R","M","?","M","?","E","T","M","M","M","R","$","R","?","M","BOSS"],"items_purchased_type":[],"build_version":"2020-12-22","purchased_purges":0,"victory":false,"max_hp_per_floor":[70,70,70,70,70,70,70,70,70,70,75,75,75,75,75,75,75,75],"card_choices":[{"not_picked":["bronze:Turbo","bronze:Overload"],"picked":"bronze:Frontload","floor":2.0},{"not_picked":["bronze:MaxOutput","bronze:Shield"],"picked":"bronze:ItsAFeature","floor":4.0},{"not_picked":["bronze:Return","bronze:OilSpill","bronze:DarkDash"],"picked":"SKIP","floor":6.0},{"not_picked":["bronze:Iterate","bronze:Overheat","bronze:Frontload"],"picked":"SKIP","floor":8.0},{"not_picked":["bronze:CutThrough","bronze:DarkDash"],"picked":"bronze:ChildClass","floor":9.0},{"not_picked":["bronze:Invalidate","bronze:BitShift"],"picked":"bronze:ClassDefault","floor":10.0},{"not_picked":["bronze:Safeguard","bronze:HardenedForm"],"picked":"bronze:Fortify","floor":12.0},{"not_picked":["bronze:GetLatest","bronze:Deprecate"],"picked":"bronze:DelayedGuard","floor":15}],"player_experience":218765,"relics_obtained":[{"floor":6.0,"key":"White Beast Statue"},{"floor":7.0,"key":"PreservedInsect"}],"event_choices":[{"damage_healed":0.0,"max_hp_gain":0.0,"max_hp_loss":0.0,"gold_gain":0.0,"event_name":"NoteForYourself","player_choice":"Ignored","floor":14.0,"gold_loss":0.0,"damage_taken":0.0}],"is_beta":false,"boss_relics":[],"items_purged_floors":[],"is_endless":false,"potions_floor_spawned":[2,4,8,9,10,12,15],"killed_by":"SI_SHIV_ARCHETYPE","ascension_level":0}}