{"host":"7sryglll1si3bc7f","time":1611139056,"event":{"mods":["AchievementEnabler","BaseMod","Card Forge","Colored Map","Colored Powertips","Custom Start","Downfall","Friendly Minions","Hermit","Mimic Mod","Minty Spire (QoL Compilation)","Quick Restart","StSLib","The Construct","The Hierophant"],"gold_per_floor":[116,128,128,128,128,159,159,124,147,147,147,222,254,263,263,361,361,379,379,403,403,403,403],"floor_reached":21,"language":"ENG","playtime":712,"items_purged":[],"score":265,"play_id":"811953c8-6bfa-4a8b-82ad-2f21b80523ce","local_time":"20210120123736","daily_mods":["Heirloom"],"is_ascension_mode":true,"campfire_choices":[{"data":"Slimebound:LivingWall","floor":11,"key":"SMITH"},{"floor":15,"key":"REST"}],"circlet_count":0,"master_deck":["sneckomod:Strike+1","sneckomod:Strike","sneckomod:Strike","sneckomod:Defend","sneckomod:Defend","sneckomod:Defend","sneckomod:TailWhip","sneckomod:SnekBite+1","sneckomod:Unknown","sneckomod:SoulRoll","sneckomod:SnakeSap+1","sneckomod:UnknownDraw","Slimebound:LivingWall+1","sneckomod:DiceCrush","sneckomod:WideSting","sneckomod:UnknownRareSkill","sneckomod:ImprovisedAttack","J.A.X."],"relics":["sneckomod:SuperSneckoSoul","Hammer of Thor","Seething Fire","Anvil of the Gods","Lizard Tail","Nunchaku","Whetstone","Kunai","Unceasing Top","Oddly Smooth Stone"],"acts_visited":["Exordium","TheCity"],"potions_floor_usage":[16,16],"damage_taken":[{"damage":0,"enemies":"2 Louse","floor":1,"turns":2},{"damage":15,"enemies":"Small Slimes","floor":2,"turns":3},{"damage":31,"enemies":"3 Sentries","floor":6,"turns":10},{"damage":34,"enemies":"Lagavulin","floor":13,"turns":6},{"damage":10,"enemies":"Cultist","floor":14,"turns":4},{"damage":63,"enemies":"The Guardian","floor":16,"turns":14},{"damage":66,"enemies":"Spheric Guardian","floor":18,"turns":6},{"damage":66,"enemies":"Chosen","floor":21,"turns":6}],"seed_played":"-7075275279380445159","potions_obtained":[{"floor":1,"key":"Strength Potion"},{"floor":6,"key":"Block Potion"}],"is_trial":true,"path_per_floor":["M","M","?","?","?","E","R","?","T","$","R","T","E","M","R","B",null,"M","?","T","M"],"character_chosen":"THE_SNECKO","items_purchased":[],"campfire_rested":1,"item_purchase_floors":[],"current_hp_per_floor":[81,66,66,66,90,59,59,81,81,81,81,81,47,47,74,11,70,4,4,4,0,0,0],"gold":403,"neow_bonus":"","is_daily":false,"chose_seed":false,"campfire_upgraded":1,"win_rate":0.0,"timestamp":1611139056,"path_taken":["M","M","?","?","?","E","R","?","T","$","R","?","E","M","R","BOSS","M","?","?","?"],"items_purchased_type":[],"build_version":"2020-12-22","purchased_purges":0,"victory":false,"max_hp_per_floor":[90,90,90,90,90,90,90,90,90,90,90,90,90,90,90,90,90,90,90,90,90,90,90],"card_choices":[{"not_picked":["sneckomod:TrashToTreasure","sneckomod:UnknownWeak"],"picked":"sneckomod:SoulRoll","floor":1},{"not_picked":["sneckomod:IronFang","sneckomod:UnknownCommonSkill"],"picked":"sneckomod:SnakeSap","floor":2},{"not_picked":["sneckomod:QuickBite","sneckomod:IronFang"],"picked":"sneckomod:UnknownDraw","floor":6},{"not_picked":["sneckomod:UnknownBlock","sneckomod:TrashToTreasure"],"picked":"sneckomod:DiceCrush","floor":13},{"not_picked":["sneckomod:Unknown1Cost","sneckomod:UnknownUncommonAttack"],"picked":"sneckomod:WideSting","floor":14},{"not_picked":["sneckomod:Cheat","sneckomod:DangerNoodle"],"picked":"sneckomod:UnknownRareSkill","floor":16},{"not_picked":["sneckomod:SoulDraw","sneckomod:DiceCrush+1"],"picked":"sneckomod:ImprovisedAttack","floor":18}],"player_experience":604522,"relics_obtained":[{"floor":6,"key":"Nunchaku"},{"floor":9,"key":"Whetstone"},{"floor":12,"key":"Kunai"},{"floor":13,"key":"Unceasing Top"},{"floor":20,"key":"Oddly Smooth Stone"}],"event_choices":[{"damage_healed":0,"gold_gain":0,"player_choice":"Grow","damage_taken":0,"max_hp_gain":0,"max_hp_loss":0,"event_name":"Living Wall","floor":3,"gold_loss":0,"cards_upgraded":["sneckomod:SnekBite"]},{"damage_healed":0,"gold_gain":0,"player_choice":"Ignored","damage_taken":0,"max_hp_gain":0,"max_hp_loss":0,"event_name":"Shining Light","floor":4,"gold_loss":0},{"damage_healed":30,"gold_gain":0,"player_choice":"Banana","damage_taken":0,"max_hp_gain":0,"max_hp_loss":0,"event_name":"Big Fish","floor":5,"gold_loss":0},{"damage_healed":22,"gold_gain":0,"player_choice":"Healed","damage_taken":0,"max_hp_gain":0,"max_hp_loss":0,"event_name":"The Cleric","floor":8,"gold_loss":35},{"damage_healed":0,"gold_gain":0,"player_choice":"Obtain J.A.X.","damage_taken":0,"max_hp_gain":0,"max_hp_loss":0,"event_name":"Drug Dealer","floor":19,"gold_loss":0,"cards_obtained":["J.A.X."]}],"is_beta":false,"boss_relics":[{"not_picked":["Sozu","SlaversCollar"],"picked":"sneckomod:SuperSneckoSoul"}],"items_purged_floors":[],"is_endless":true,"potions_floor_spawned":[1,6],"killed_by":"Chosen","ascension_level":9}}