{"host":"l84l8xigz5v5foa2","time":1611146230,"event":{"mods":["2.2 Compatiblity","AchievementEnabler","BaseMod","Better Note","Better Vampires","Card Filter","Colored Map","DeckTracker","Downfall","Gremlin Skip","Highlight Path","Keyboard Shortcuts","Minty Spire (QoL Compilation)","Permanent Neow","Quick Restart","Relic Filter","Relic Stats","StSLib","SuperFastMode","Transform Curses","Unknown Chances"],"gold_per_floor":[13,13,13,13,28,28,62,62,107,107,136,136,148,163,163,235,235,246,246,171,184,184,184,184,184,184],"floor_reached":24,"language":"ENG","playtime":561,"items_purged":["hexamod:Strike"],"score":504,"play_id":"17e577bc-315a-43aa-9c8b-e6e2e7cd8413","local_time":"20210120213710","is_ascension_mode":true,"campfire_choices":[{"data":"hexamod:Float","floor":6,"key":"SMITH"},{"data":"hexamod:RainOfEmbers","floor":8,"key":"SMITH"},{"data":"hexamod:SpectralSpark","floor":10,"key":"SMITH"},{"data":"hexamod:ThermalTransfer","floor":15,"key":"SMITH"},{"data":"hexamod:Rewind","floor":23,"key":"SMITH"}],"circlet_count":0,"master_deck":["AscendersBane","hexamod:Strike","hexamod:Strike","hexamod:Defend","hexamod:Defend","hexamod:Defend","hexamod:Sear","hexamod:Float+1","hexamod:RainOfEmbers+1","hexamod:SpectralSpark+1","hexamod:RetreatToShadows","hexamod:ShieldOfDarkness","hexamod:ThermalTransfer+1","hexamod:SearingWound","hexamod:Rewind+1","hexamod:RadiantFlame"],"relics":["hexamod:SpiritBrand","Bag of Preparation","Toy Ornithopter","Ornamental Fan","Nunchaku","Shuriken","hexamod:IceCube"],"acts_visited":["Exordium","TheCity"],"potions_floor_usage":[16,24],"damage_taken":[{"damage":0,"enemies":"Small Slimes","floor":1,"turns":4},{"damage":0,"enemies":"Cultist","floor":5,"turns":3},{"damage":10,"enemies":"Lagavulin","floor":7,"turns":6},{"damage":24,"enemies":"3 Sentries","floor":11,"turns":6},{"damage":0,"enemies":"2 Louse","floor":13,"turns":2},{"damage":0,"enemies":"Looter","floor":14,"turns":3},{"damage":0,"enemies":"Slime Boss","floor":16,"turns":4},{"damage":7,"enemies":"Spheric Guardian","floor":18,"turns":4},{"damage":20,"enemies":"Chosen","floor":21,"turns":4},{"damage":20,"enemies":"Slavers","floor":24,"turns":2}],"seed_played":"-7443732904176417079","potions_obtained":[{"floor":7,"key":"GamblersBrew"},{"floor":11,"key":"Swift Potion"},{"floor":12,"key":"CultistPotion"},{"floor":14,"key":"PowerPotion"},{"floor":16,"key":"SpeedPotion"},{"floor":21,"key":"Explosive Potion"}],"is_trial":false,"path_per_floor":["M","?","$","T","M","R","E","R","T","R","E","?","M","M","R","B",null,"M","?","$","M","?","R","E"],"character_chosen":"THE_SPIRIT","items_purchased":[],"campfire_rested":0,"item_purchase_floors":[],"current_hp_per_floor":[57,57,57,57,57,57,47,47,47,47,23,23,23,23,23,28,54,47,47,47,27,10,10,0,0,0],"gold":184,"neow_bonus":"REMOVE_TWO","is_daily":false,"chose_seed":false,"campfire_upgraded":5,"win_rate":0.0,"timestamp":1611146230,"path_taken":["M","?","$","?","M","R","E","R","T","R","E","?","?","M","R","BOSS","M","?","$","M","?","R","E"],"items_purchased_type":[],"build_version":"2020-12-22","purchased_purges":1,"victory":false,"max_hp_per_floor":[63,63,63,63,63,63,63,63,63,63,63,63,63,63,63,63,63,63,63,63,63,68,68,68,68,68],"relic_stats":{"Nunchaku":[3],"counters":[10,38],"Ornamental Fan":[4],"Shuriken":[1],"Bag of Preparation":[18],"obtain_stats":[{"Nunchaku":9,"Ornamental Fan":7,"Shuriken":11,"Bag of Preparation":2,"hexamod:SpiritBrand":0,"Toy Ornithopter":4,"hexamod:IceCube":17},{"Nunchaku":3,"Ornamental Fan":3,"Shuriken":4,"Bag of Preparation":1,"hexamod:SpiritBrand":0,"Toy Ornithopter":1,"hexamod:IceCube":7},{"Nunchaku":13,"Ornamental Fan":13,"Shuriken":19,"Bag of Preparation":4,"hexamod:SpiritBrand":0,"Toy Ornithopter":4,"hexamod:IceCube":28}],"Toy Ornithopter":10},"card_choices":[{"not_picked":["hexamod:BacktrackSmack","hexamod:GhostShield"],"picked":"hexamod:FastForward","floor":1},{"not_picked":["hexamod:FirstSeal","hexamod:BacktrackSmack"],"picked":"hexamod:RainOfEmbers","floor":5},{"not_picked":["hexamod:HeatShield","hexamod:ParanormalForm"],"picked":"hexamod:SpectralSpark","floor":7},{"not_picked":["hexamod:NightmareGuise","hexamod:EtherealExpedition"],"picked":"hexamod:RetreatToShadows","floor":11},{"not_picked":["hexamod:DynamicBlow","hexamod:PhantomFireball"],"picked":"hexamod:ShieldOfDarkness","floor":13},{"not_picked":["hexamod:ExtraCrispy","hexamod:HauntingEcho"],"picked":"hexamod:ThermalTransfer","floor":14},{"not_picked":["hexamod:GiftsFromTheDead","hexamod:ApocalypticArmor"],"picked":"hexamod:SearingWound","floor":16},{"not_picked":["hexamod:SoulSteal","hexamod:FlamesFromBeyond","hexamod:SpectralAdrenaline+1"],"picked":"SKIP","floor":18},{"not_picked":["hexamod:SkipABeat","hexamod:SoulSteal"],"picked":"hexamod:RadiantFlame","floor":21}],"player_experience":3318262,"relics_obtained":[{"floor":4,"key":"Toy Ornithopter"},{"floor":7,"key":"Ornamental Fan"},{"floor":9,"key":"Nunchaku"},{"floor":11,"key":"Shuriken"}],"event_choices":[{"cards_removed":["hexamod:FastForward"],"damage_healed":0,"gold_gain":0,"player_choice":"Gave Card","damage_taken":0,"relics_obtained":["Bag of Preparation"],"max_hp_gain":0,"max_hp_loss":0,"event_name":"WeMeetAgain","floor":2,"gold_loss":0},{"damage_healed":0,"gold_gain":0,"player_choice":"Got Potions","damage_taken":0,"max_hp_gain":0,"max_hp_loss":0,"event_name":"Lab","floor":12,"gold_loss":0},{"damage_healed":0,"gold_gain":0,"player_choice":"Read","damage_taken":0,"max_hp_gain":0,"max_hp_loss":0,"event_name":"The Library","floor":19,"gold_loss":0,"cards_obtained":["hexamod:Rewind"]},{"damage_healed":0,"gold_gain":0,"player_choice":"Shed Blood","damage_taken":22,"max_hp_gain":5,"max_hp_loss":0,"event_name":"Forgotten Altar","floor":22,"gold_loss":0}],"is_beta":false,"boss_relics":[{"not_picked":["SlaversCollar","Empty Cage"],"picked":"hexamod:IceCube"}],"items_purged_floors":[20],"is_endless":false,"potions_floor_spawned":[7,11,14,16,21],"killed_by":"Slavers","ascension_level":20}}