{"host":"o7j6aatxjwpw1421","time":1611155719,"event":{"mods":["2.2 Compatiblity","AchievementEnabler","BaseMod","Colored Map","DeckTracker","Highlight Path","Keyboard Shortcuts","Minty Spire (QoL Compilation)","Permanent Neow","Quick Restart","StSLib","SuperFastMode","everything is the same but u backflip on backflip"],"gold_per_floor":[114,39,39,4,24,54,54,54,103,103,103,123,123,139,139,216,216,229,129,149,74,74,74,103,61,86,86,86,118,118,0,0,0,0],"floor_reached":33,"language":"KOR","playtime":1158,"items_purged":["Strike_G","Defend_G"],"score":604,"play_id":"1905a104-57fb-4619-93ef-355ecd1cb98a","local_time":"20210121001519","is_ascension_mode":true,"campfire_choices":[{"data":"Footwork","floor":7.0,"key":"SMITH"},{"data":"Neutralize","floor":11.0,"key":"SMITH"},{"data":"Dash","floor":13.0,"key":"SMITH"},{"data":"Deadly Poison","floor":15.0,"key":"SMITH"},{"data":"Grand Finale","floor":23.0,"key":"SMITH"},{"floor":28.0,"key":"REST"},{"floor":32.0,"key":"REST"}],"circlet_count":0,"master_deck":["AscendersBane","Strike_G","Strike_G","Strike_G","Defend_G+1","Defend_G","Defend_G+1","Survivor","Neutralize+1","Footwork+1","Dash+1","Deadly Poison+1","Grand Finale+1","Dagger Throw","Backflip+1","Well Laid Plans+1"],"relics":["Ring of the Serpent","NeowsBlessing","MealTicket","Orichalcum","War Paint","Frozen Egg 2","Anchor","Juzu Bracelet","Bird Faced Urn"],"acts_visited":["Exordium","TheCity"],"potions_floor_usage":[33],"damage_taken":[{"damage":0.0,"enemies":"2 Louse","floor":1.0,"turns":1.0},{"damage":0.0,"enemies":"Cultist","floor":5.0,"turns":1.0},{"damage":0.0,"enemies":"3 Sentries","floor":6.0,"turns":2.0},{"damage":0.0,"enemies":"Jaw Worm","floor":12.0,"turns":8.0},{"damage":0.0,"enemies":"Blue Slaver","floor":14.0,"turns":4.0},{"damage":10.0,"enemies":"The Guardian","floor":16.0,"turns":13.0},{"damage":4.0,"enemies":"Chosen","floor":18.0,"turns":6.0},{"damage":16.0,"enemies":"3 Byrds","floor":20.0,"turns":9.0},{"damage":40.0,"enemies":"Slavers","floor":24.0,"turns":7.0},{"damage":2.0,"enemies":"Colosseum Slavers","floor":27.0,"turns":7.0},{"damage":37.0,"enemies":"Gremlin Leader","floor":29.0,"turns":7.0},{"damage":26,"enemies":"Champ","floor":33,"turns":8}],"seed_played":"-6527323650289247099","potions_obtained":[{"floor":12.0,"key":"Strength Potion"},{"floor":20.0,"key":"CunningPotion"},{"floor":24.0,"key":"CultistPotion"},{"floor":29.0,"key":"FearPotion"}],"is_trial":false,"path_per_floor":["M","$","?","?","M","E","R","$","T","?","R","M","R","M","R","B",null,"M","$","M","?","?","R","E","$","T","?","R","E","?","?","R","B"],"character_chosen":"THE_SILENT","items_purchased":["Well Laid Plans+1"],"campfire_rested":2,"item_purchase_floors":[25],"current_hp_per_floor":[59,59,14,30,30,30,30,45,45,45,45,45,45,45,45,35,58,54,66,50,50,50,50,10,25,25,23,42,5,5,5,24,2,2],"gold":0,"neow_bonus":"THREE_ENEMY_KILL","is_daily":false,"chose_seed":false,"campfire_upgraded":5,"win_rate":0.0,"timestamp":1611155719,"path_taken":["M","$","?","?","M","E","R","$","T","?","R","M","R","?","R","BOSS","M","$","M","?","?","R","E","$","T","?","R","E","?","?","R","BOSS"],"items_purchased_type":["Card"],"build_version":"2020-12-22","purchased_purges":2,"victory":false,"max_hp_per_floor":[66,66,66,66,66,66,66,66,66,66,66,66,66,66,66,66,66,66,66,66,66,66,66,66,66,66,66,66,66,66,66,66,66,66],"card_choices":[{"not_picked":["Bane","Caltrops"],"picked":"Footwork","floor":1.0},{"not_picked":["Underhanded Strike","Flying Knee","Cloak And Dagger"],"picked":"SKIP","floor":5.0},{"not_picked":["Underhanded Strike","PiercingWail"],"picked":"Deflect","floor":6.0},{"not_picked":["Expertise","Reflex"],"picked":"Dash","floor":12.0},{"not_picked":["Bullet Time","Calculated Gamble"],"picked":"Deadly Poison","floor":14.0},{"not_picked":["Phantasmal Killer","Corpse Explosion"],"picked":"Grand Finale","floor":16.0},{"not_picked":["Outmaneuver","Terror","Poisoned Stab"],"picked":"SKIP","floor":18.0},{"not_picked":["Calculated Gamble","Flying Knee"],"picked":"Dagger Throw","floor":20.0},{"not_picked":["Prepared","Blade Dance"],"picked":"Backflip+1","floor":24.0},{"not_picked":["Underhanded Strike","Wraith Form v2+1","Slice"],"picked":"SKIP","floor":29.0}],"player_experience":597781,"relics_obtained":[{"floor":6.0,"key":"Orichalcum"},{"floor":9.0,"key":"War Paint"},{"floor":24.0,"key":"Anchor"},{"floor":26.0,"key":"Juzu Bracelet"},{"floor":29.0,"key":"Bird Faced Urn"}],"event_choices":[{"damage_healed":0.0,"max_hp_gain":0.0,"max_hp_loss":0.0,"gold_gain":0.0,"event_name":"Scrap Ooze","player_choice":"Success","floor":3.0,"gold_loss":0.0,"damage_taken":45.0,"relics_obtained":["MealTicket"]},{"damage_healed":16.0,"max_hp_gain":0.0,"max_hp_loss":0.0,"gold_gain":0.0,"event_name":"The Cleric","player_choice":"Healed","floor":4.0,"gold_loss":35.0,"damage_taken":0.0},{"cards_removed":["Deflect"],"damage_healed":0.0,"max_hp_gain":0.0,"max_hp_loss":0.0,"gold_gain":0.0,"event_name":"WeMeetAgain","player_choice":"Gave Card","floor":10.0,"gold_loss":0.0,"damage_taken":0.0,"relics_obtained":["Frozen Egg 2"]},{"cards_removed":["Strike_G"],"damage_healed":0.0,"max_hp_gain":0.0,"max_hp_loss":0.0,"gold_gain":0.0,"event_name":"Beggar","player_choice":"Gave Gold","floor":21.0,"gold_loss":75.0,"damage_taken":0.0},{"cards_removed":["Defend_G"],"damage_healed":0.0,"max_hp_gain":0.0,"max_hp_loss":0.0,"gold_gain":0.0,"event_name":"Bonfire Elementals","player_choice":"Offered Basic","floor":22.0,"gold_loss":0.0,"damage_taken":0.0},{"damage_healed":0.0,"max_hp_gain":0.0,"max_hp_loss":0.0,"gold_gain":0.0,"event_name":"Colosseum","player_choice":"Fight","floor":27.0,"gold_loss":0.0,"damage_taken":0.0},{"damage_healed":0.0,"max_hp_gain":0.0,"max_hp_loss":0.0,"gold_gain":0.0,"event_name":"Colosseum","player_choice":"Fled From Nobs","floor":27.0,"gold_loss":0.0,"damage_taken":0.0},{"damage_healed":0.0,"max_hp_gain":0.0,"max_hp_loss":0.0,"gold_gain":0.0,"event_name":"Vampires","player_choice":"Ignored","floor":30.0,"gold_loss":0.0,"damage_taken":0.0},{"damage_healed":0.0,"max_hp_gain":0.0,"max_hp_loss":0.0,"gold_gain":0.0,"event_name":"Masked Bandits","player_choice":"Paid Fearfully","floor":31.0,"gold_loss":118.0,"damage_taken":0.0}],"is_beta":false,"boss_relics":[{"not_picked":["WristBlade","Cursed Key"],"picked":"Ring of the Serpent"}],"items_purged_floors":[2,19],"is_endless":false,"potions_floor_spawned":[12,20,24,29],"killed_by":"Champ","ascension_level":20}}