{"host":"q50ttuv713gicbhz","time":1611167147,"event":{"mods":["AchievementEnabler","BaseMod","Minty Spire (QoL Compilation)"],"gold_per_floor":[116,116,131,56,76,105,105,105,105,118,118,134,145,161,161,264,264,278,289,301,301,51,76,76,101,101,119,119,119,119],"floor_reached":29,"language":"ENG","playtime":2088,"items_purged":["Strike_B"],"score":267,"play_id":"89265eb1-c981-4d9b-a82e-75d0de6857d7","local_time":"20210120202547","is_ascension_mode":false,"campfire_choices":[{"floor":7,"key":"REST"},{"floor":15,"key":"REST"},{"data":"Hologram","floor":24,"key":"SMITH"}],"circlet_count":0,"master_deck":["Strike_B","Strike_B","Strike_B","Defend_B","Defend_B+1","Defend_B","Defend_B","Zap+1","Dualcast","Beam Cell","Conserve Battery","Go for the Eyes","FTL","Chaos+1","Sweeping Beam","Aggregate","Coolheaded","Biased Cognition","Heatsinks+1","Static Discharge","Hologram+1","Ball Lightning+1","Capacitor","BootSequence+1","Dramatic Entrance+1"],"relics":["Cracked Core","NeowsBlessing","Omamori","Bottled Lightning","Cursed Key","Enchiridion","Molten Egg 2","Calipers","Du-Vu Doll","Gambling Chip"],"acts_visited":["Exordium","TheCity"],"potions_floor_usage":[16,16,16,20,25,29],"damage_taken":[{"damage":0,"enemies":"Small Slimes","floor":1,"turns":1},{"damage":0,"enemies":"Jaw Worm","floor":3,"turns":1},{"damage":0,"enemies":"Cultist","floor":5,"turns":1},{"damage":39,"enemies":"Gremlin Nob","floor":6,"turns":5},{"damage":26,"enemies":"Gremlin Gang","floor":10,"turns":4},{"damage":0,"enemies":"Exordium Thugs","floor":12,"turns":5},{"damage":0,"enemies":"2 Fungi Beasts","floor":13,"turns":3},{"damage":6,"enemies":"Lots of Slimes","floor":14,"turns":2},{"damage":21,"enemies":"Hexaghost","floor":16,"turns":8},{"damage":10,"enemies":"Shell Parasite","floor":18,"turns":6},{"damage":0,"enemies":"Chosen","floor":19,"turns":3},{"damage":9,"enemies":"3 Cultists","floor":20,"turns":6},{"damage":11,"enemies":"Gremlin Leader","floor":23,"turns":7},{"damage":20,"enemies":"Slavers","floor":25,"turns":4},{"damage":0,"enemies":"Snecko","floor":27,"turns":3},{"damage":9,"enemies":"Cultist and Chosen","floor":29,"turns":4}],"seed_played":"-891663259172273410","potions_obtained":[{"floor":1,"key":"Dexterity Potion"},{"floor":5,"key":"CultistPotion"},{"floor":6,"key":"EssenceOfDarkness"},{"floor":16,"key":"SneckoOil"},{"floor":19,"key":"LiquidMemories"},{"floor":27,"key":"FocusPotion"}],"is_trial":false,"path_per_floor":["M","?","M","$","M","E","R","?","T","M","?","M","M","M","R","B",null,"M","M","M","?","$","E","R","E","T","M","?","M"],"character_chosen":"DEFECT","items_purchased":["Molten Egg 2"],"campfire_rested":2,"item_purchase_floors":[22],"current_hp_per_floor":[75,60,60,60,60,21,43,48,48,22,22,22,22,16,40,19,80,70,70,61,45,45,34,34,14,14,14,2,0,0],"gold":119,"neow_bonus":"THREE_ENEMY_KILL","is_daily":false,"chose_seed":false,"campfire_upgraded":1,"win_rate":0.0,"timestamp":1611167147,"path_taken":["M","?","M","$","M","E","R","?","T","M","?","?","M","M","R","BOSS","M","M","?","?","$","E","R","E","T","M","?","?"],"items_purchased_type":["Relic"],"build_version":"2020-12-22","purchased_purges":1,"victory":false,"max_hp_per_floor":[75,75,75,75,75,75,75,80,80,80,80,80,80,80,80,80,80,80,80,80,80,80,80,80,80,80,80,80,80,80],"card_choices":[{"not_picked":["Storm","Turbo"],"picked":"Beam Cell","floor":1},{"not_picked":["Go for the Eyes","Doom and Gloom"],"picked":"Conserve Battery","floor":3},{"not_picked":["Reprogram","Scrape"],"picked":"Go for the Eyes","floor":5},{"not_picked":["Stack","Turbo"],"picked":"FTL","floor":6},{"not_picked":["Go for the Eyes","Multi-Cast"],"picked":"Chaos","floor":10},{"not_picked":["Beam Cell","Consume"],"picked":"Sweeping Beam","floor":12},{"not_picked":["Stack","Streamline"],"picked":"Aggregate","floor":13},{"not_picked":["Gash","Thunder Strike"],"picked":"Coolheaded","floor":14},{"not_picked":["Core Surge","Reboot"],"picked":"Biased Cognition","floor":16},{"not_picked":["Skim","Turbo+1"],"picked":"Heatsinks+1","floor":18},{"not_picked":["Go for the Eyes+1","Barrage"],"picked":"Static Discharge","floor":19},{"not_picked":["Go for the Eyes","Sweeping Beam"],"picked":"Hologram","floor":20},{"not_picked":["Reinforced Body+1","Barrage+1"],"picked":"Ball Lightning+1","floor":23},{"not_picked":["Steam+1","Tempest"],"picked":"Capacitor","floor":25},{"not_picked":["Stack","Doom and Gloom+1"],"picked":"BootSequence+1","floor":27}],"player_experience":109282,"relics_obtained":[{"floor":6,"key":"Omamori"},{"floor":9,"key":"Bottled Lightning"},{"floor":21,"key":"Enchiridion"},{"floor":23,"key":"Calipers"},{"floor":25,"key":"Du-Vu Doll"},{"floor":26,"key":"Gambling Chip"}],"event_choices":[{"damage_healed":0,"gold_gain":0,"player_choice":"Entered Light","damage_taken":15,"max_hp_gain":0,"max_hp_loss":0,"event_name":"Shining Light","floor":2,"gold_loss":0,"cards_upgraded":["Defend_B","Zap"]},{"damage_healed":0,"gold_gain":0,"player_choice":"Donut","damage_taken":0,"max_hp_gain":5,"max_hp_loss":0,"event_name":"Big Fish","floor":8,"gold_loss":0},{"damage_healed":0,"gold_gain":0,"player_choice":"Forge","damage_taken":0,"max_hp_gain":0,"max_hp_loss":0,"event_name":"Accursed Blacksmith","floor":11,"gold_loss":0,"cards_upgraded":["Chaos"]},{"damage_healed":0,"gold_gain":0,"player_choice":"Obtained Book","damage_taken":16,"max_hp_gain":0,"max_hp_loss":0,"event_name":"Cursed Tome","floor":21,"gold_loss":0},{"damage_healed":0,"gold_gain":0,"player_choice":"CARD ","damage_taken":12,"max_hp_gain":0,"max_hp_loss":0,"event_name":"Knowing Skull","floor":28,"potions_obtained":[],"gold_loss":0,"cards_obtained":["Dramatic Entrance"]}],"is_beta":false,"boss_relics":[{"not_picked":["SlaversCollar","Fusion Hammer"],"picked":"Cursed Key"}],"items_purged_floors":[4],"is_endless":false,"potions_floor_spawned":[1,5,6,13,16,19,27],"killed_by":"Cultist and Chosen","ascension_level":0}}