{"host":"9kesdg97wkrx2bva","time":1611175895,"event":{"mods":["AchievementEnabler","BaseMod","Colored Map","GifTheSpireLib","Infinite Spire","Minty Spire (QoL Compilation)","Replay The Spire","StSLib"],"gold_per_floor":[119,129,149,149,149,149,74,74,125,153,172,72,85,101,101,175,175,190,18,18,118,133,166,166,166,166],"floor_reached":25,"language":"ENG","playtime":892,"items_purged":["Strike_G","Strike_G"],"score":461,"play_id":"8ab6ed33-dc0a-4e2f-9fdf-995005418f09","local_time":"20210120145135","is_ascension_mode":true,"campfire_choices":[{"data":"Bane","floor":6,"key":"SMITH"},{"data":"Deflect","floor":8,"key":"SMITH"}],"circlet_count":0,"master_deck":["AscendersBane","Strike_G+1","Strike_G","Defend_G","Defend_G","Defend_G+1","Defend_G","Defend_G","Survivor","Neutralize","Die Die Die","Slice+1","Bane+1","Deflect+1","Terror+1","Deadly Poison","ReplayTheSpireMod:Scrap Shanks","Deadly Poison","Glass Knife","Cloak And Dagger","ReplayTheSpireMod:Scrap Shanks","ReplayTheSpireMod:Scrap Shanks","Poisoned Stab+1","Deflect","Languid"],"relics":["Ring of the Snake","Simple Rune","Replay:WaspNest","WristBlade","Membership Card","Blue Doll","CaptainsWheel"],"acts_visited":["Exordium","TheCity"],"potions_floor_usage":[10,10,16,23,23],"damage_taken":[{"damage":0,"enemies":"Jaw Worm","floor":1,"turns":6},{"damage":0,"enemies":"2 Louse","floor":2,"turns":2},{"damage":0,"enemies":"Cultist","floor":3,"turns":3},{"damage":0,"enemies":"3 Sentries","floor":10,"turns":10},{"damage":8,"enemies":"Looter","floor":11,"turns":2},{"damage":5,"enemies":"Red Slaver","floor":13,"turns":2},{"damage":1,"enemies":"2 Fungi Beasts","floor":14,"turns":3},{"damage":18,"enemies":"Hexaghost","floor":16,"turns":5},{"damage":9,"enemies":"2 Thieves","floor":18,"turns":4},{"damage":10,"enemies":"3 Byrds","floor":22,"turns":1},{"damage":0,"enemies":"Gremlin Leader","floor":23,"turns":7},{"damage":37,"enemies":"Slavers","floor":25,"turns":2}],"seed_played":"8834837267579680355","potions_obtained":[{"floor":1,"key":"Energy Potion"},{"floor":3,"key":"EssenceOfSteel"},{"floor":10,"key":"Reflective Coating"},{"floor":11,"key":"CunningPotion"},{"floor":18,"key":"Milkshake"}],"is_trial":false,"path_per_floor":["M","M","M","?","?","R","$","R","T","E","M","$","M","M","R_BF","B",null,"M","$","$","?","M","E","?","E"],"character_chosen":"THE_SILENT","items_purchased":["Membership Card","ReplayTheSpireMod:Scrap Shanks"],"campfire_rested":0,"item_purchase_floors":[19,19],"current_hp_per_floor":[44,44,44,37,37,37,37,37,37,37,29,29,24,23,42,24,56,47,47,47,47,37,37,37,0,0],"gold":166,"neow_bonus":"THREE_RARE_CARDS","is_daily":false,"chose_seed":false,"campfire_upgraded":2,"win_rate":0.0,"timestamp":1611175895,"path_taken":["M","M","M","?","?","R","$","R","T","E","M","$","M","M","R_BF","BOSS","M","?","$","?","?","E","?","E"],"items_purchased_type":["Relic","Card"],"build_version":"2020-12-22","purchased_purges":2,"victory":false,"max_hp_per_floor":[66,66,66,66,66,66,66,66,66,66,66,66,66,66,66,66,66,66,66,66,66,66,66,66,66,66],"card_choices":[{"not_picked":["Poison Darts","ReplayTheSpireMod:Necrosis"],"picked":"Die Die Die","floor":0},{"not_picked":["Cloak And Dagger","Eviscerate"],"picked":"Slice","floor":1},{"not_picked":["Slice","Backflip"],"picked":"Bane","floor":2},{"not_picked":["Acrobatics","Dodge and Roll"],"picked":"Deflect","floor":3},{"not_picked":["Concentrate","Flechettes"],"picked":"Terror","floor":10},{"not_picked":["Flechettes","Flying Knee"],"picked":"Deadly Poison","floor":11},{"not_picked":["Glass Knife","Sneak Up"],"picked":"ReplayTheSpireMod:Scrap Shanks","floor":13},{"not_picked":["Hidden Blade","Prepared"],"picked":"Deadly Poison","floor":14},{"not_picked":["After Image","Unload"],"picked":"Glass Knife","floor":16},{"not_picked":["Heel Hook","Backflip"],"picked":"Cloak And Dagger","floor":18},{"not_picked":["Underhanded Strike","Acrobatics"],"picked":"Poisoned Stab+1","floor":22},{"not_picked":["Finisher","Riddle With Holes"],"picked":"Deflect","floor":23}],"player_experience":943458,"relics_obtained":[{"floor":9,"key":"Simple Rune"},{"floor":10,"key":"Replay:WaspNest"},{"floor":23,"key":"Blue Doll"}],"event_choices":[{"cards_removed":["Strike_G"],"damage_healed":0,"gold_gain":0,"player_choice":"Card Removal","damage_taken":7,"max_hp_gain":0,"max_hp_loss":0,"event_name":"Golden Wing","floor":4,"gold_loss":0},{"damage_healed":0,"gold_gain":0,"player_choice":"Upgraded","damage_taken":0,"max_hp_gain":0,"max_hp_loss":0,"event_name":"Upgrade Shrine","floor":5,"gold_loss":0,"cards_upgraded":["Slice"]},{"damage_healed":0,"gold_gain":100,"player_choice":"Pray","damage_taken":0,"max_hp_gain":0,"max_hp_loss":0,"event_name":"Golden Shrine","floor":21,"gold_loss":0}],"is_beta":false,"boss_relics":[{"not_picked":["Replay:Wanted Poster","Ring of Chaos"],"picked":"WristBlade"}],"items_purged_floors":[7,12],"is_endless":false,"potions_floor_spawned":[1,3,10,11,18],"killed_by":"Slavers","ascension_level":14}}