{"host":"iphsb0ccnjx0pfn6","time":1611125152,"event":{"mods":["2.2 Compatiblity","AchievementEnabler","BaseMod","Colored Map","DeckTracker","Keyboard Shortcuts","Minty Spire (QoL Compilation)","Permanent Neow","Quick Restart","Relic Stats","StSLib","SuperFastMode","Uncapped","everything is the same but u backflip on backflip"],"gold_per_floor":[14,14,14,14,34,34,69,119,119,153,153,174,174,215,215,308,308,328,253,5,44,44,44,78,94,94,130,150,183,91,106,106,195,195,219,219,179,193,208,208,208],"floor_reached":40,"language":"KOR","playtime":1628,"items_purged":[],"score":920,"play_id":"7d16dcd7-b5be-49d2-9823-c4d5c87a1805","local_time":"20210120154552","is_ascension_mode":true,"campfire_choices":[{"data":"Apotheosis","floor":6.0,"key":"SMITH"},{"floor":11.0,"key":"REST"},{"data":"Noxious Fumes","floor":13.0,"key":"SMITH"},{"floor":15,"key":"RECALL"},{"floor":23,"key":"REST"},{"floor":32,"key":"REST"}],"circlet_count":0,"master_deck":["AscendersBane","Survivor+1","Neutralize","Apotheosis+1","Noxious Fumes+1","Blade Dance","Footwork","Cloak And Dagger","Malaise","A Thousand Cuts","Dash","Masterful Stab","Escape Plan","Burst","Finisher","Corpse Explosion","Footwork","Storm of Steel","Infinite Blades","Choke","Acrobatics","Dodge and Roll","Prepared","Reflex","Accuracy","Blade Dance","Venomology","Madness","Madness","Accuracy+1"],"relics":["Ring of the Snake","Golden Idol","War Paint","Bottled Lightning","Question Card","Meat on the Bone","Pandora\u0027s Box","Regal Pillow","Red Mask","Tingsha","The Courier","Centennial Puzzle","Dream Catcher","Runic Dome"],"acts_visited":["Exordium","TheCity","TheBeyond"],"potions_floor_usage":[21,24,29,33,39,40],"damage_taken":[{"damage":7.0,"enemies":"Small Slimes","floor":1.0,"turns":4.0},{"damage":6.0,"enemies":"2 Louse","floor":5.0,"turns":4.0},{"damage":11.0,"enemies":"Lagavulin","floor":7.0,"turns":9.0},{"damage":18.0,"enemies":"Gremlin Nob","floor":10.0,"turns":5.0},{"damage":0.0,"enemies":"Cultist","floor":12.0,"turns":4.0},{"damage":4.0,"enemies":"Lagavulin","floor":14.0,"turns":7.0},{"damage":20,"enemies":"The Guardian","floor":16,"turns":11},{"damage":13,"enemies":"2 Thieves","floor":18,"turns":3},{"damage":21,"enemies":"Masked Bandits","floor":21,"turns":4},{"damage":45,"enemies":"Gremlin Leader","floor":24,"turns":8},{"damage":1,"enemies":"Chosen","floor":25,"turns":5},{"damage":31,"enemies":"Book of Stabbing","floor":27,"turns":7},{"damage":6,"enemies":"Centurion and Healer","floor":28,"turns":4},{"damage":42,"enemies":"Slavers","floor":29,"turns":4},{"damage":11,"enemies":"Snake Plant","floor":31,"turns":3},{"damage":24,"enemies":"Collector","floor":33,"turns":7},{"damage":28,"enemies":"3 Darklings","floor":35,"turns":3},{"damage":3,"enemies":"3 Shapes","floor":38,"turns":3},{"damage":3,"enemies":"Sphere and 2 Shapes","floor":39,"turns":4},{"damage":39,"enemies":"Giant Head","floor":40,"turns":5}],"seed_played":"1517998092013923697","potions_obtained":[{"floor":5.0,"key":"LiquidMemories"},{"floor":10.0,"key":"Swift Potion"},{"floor":24,"key":"FairyPotion"},{"floor":27,"key":"SpeedPotion"},{"floor":31,"key":"Weak Potion"},{"floor":33,"key":"LiquidBronze"},{"floor":37,"key":"CultistPotion"}],"is_trial":false,"path_per_floor":["M","?","?","?","M","R","E","?","T","E","R","M","R","E","R","B",null,"M","?","$","?","$","R","E","M","T","E","M","E","$","M","R","B",null,"M","?","?","M","M","E"],"character_chosen":"THE_SILENT","items_purchased":["Infinite Blades","Regal Pillow","Accuracy","Blade Dance"],"campfire_rested":3,"item_purchase_floors":[20,20,30,30],"current_hp_per_floor":[52,52,57,57,51,51,40,40,40,22,41,41,41,37,37,29,56,43,43,43,34,34,65,32,43,43,24,30,31,31,32,65,41,59,43,31,31,40,37,0,0],"gold":208,"neow_bonus":"RANDOM_COLORLESS_2","is_daily":false,"chose_seed":false,"campfire_upgraded":2,"win_rate":0.0,"timestamp":1611125152,"path_taken":["M","?","?","?","M","R","E","?","T","E","R","?","R","E","R","BOSS","M","?","$","?","?","R","E","M","T","E","M","E","?","?","R","BOSS","M","?","?","?","M","E"],"items_purchased_type":["Card","Relic","Card","Card"],"build_version":"2020-12-22","purchased_purges":0,"victory":false,"max_hp_per_floor":[66,60,65,65,65,65,65,65,65,65,65,65,65,65,65,65,65,65,65,65,65,65,65,65,65,65,65,65,65,65,65,65,65,65,65,65,65,65,65,65,65],"relic_stats":{"Regal Pillow":26,"Centennial Puzzle":[24],"Dream Catcher":1,"counters":[20,104],"Golden Idol":121,"Pandora\u0027s Box":["Dash","Masterful Stab","Escape Plan","Tools of the Trade","Burst","Finisher","Corpse Explosion","Footwork","Storm of Steel"],"Tingsha":[144],"War Paint":["Survivor","Defend_G"],"Question Card":16,"obtain_stats":[{"Regal Pillow":20,"Golden Idol":2,"Tingsha":24,"The Courier":26,"War Paint":7,"Question Card":10,"Runic Dome":34,"Centennial Puzzle":27,"Dream Catcher":29,"Pandora\u0027s Box":17,"Red Mask":21,"Bottled Lightning":9,"Ring of the Snake":0,"Meat on the Bone":14},{"Regal Pillow":8,"Golden Idol":1,"Tingsha":10,"The Courier":11,"War Paint":3,"Question Card":4,"Runic Dome":16,"Centennial Puzzle":12,"Dream Catcher":14,"Pandora\u0027s Box":7,"Red Mask":9,"Bottled Lightning":3,"Ring of the Snake":0,"Meat on the Bone":6},{"Regal Pillow":47,"Golden Idol":4,"Tingsha":59,"The Courier":64,"War Paint":17,"Question Card":22,"Runic Dome":89,"Centennial Puzzle":71,"Dream Catcher":79,"Pandora\u0027s Box":44,"Red Mask":51,"Bottled Lightning":17,"Ring of the Snake":0,"Meat on the Bone":33}],"Ring of the Snake":[40],"Meat on the Bone":120},"card_choices":[{"not_picked":["Panache","Secret Technique"],"picked":"Apotheosis","floor":0.0},{"not_picked":["Masterful Stab","Dagger Throw"],"picked":"Noxious Fumes","floor":1.0},{"not_picked":["Outmaneuver","Prepared"],"picked":"Blade Dance","floor":5.0},{"not_picked":["Dagger Throw","Calculated Gamble"],"picked":"Footwork","floor":7.0},{"not_picked":["Setup","Die Die Die","Concentrate"],"picked":"SKIP","floor":10.0},{"not_picked":["Dagger Throw","Quick Slash","Tactician"],"picked":"Cloak And Dagger","floor":12.0},{"not_picked":["Bane","Heel Hook","Sucker Punch"],"picked":"Malaise","floor":14.0},{"not_picked":["Bullet Time","Grand Finale","Glass Knife"],"picked":"A Thousand Cuts","floor":16},{"not_picked":["Dodge and Roll","Footwork","Flechettes","Poisoned Stab+1"],"picked":"SKIP","floor":18},{"not_picked":["Prepared","Slice+1","Heel Hook"],"picked":"Choke","floor":21},{"not_picked":["Masterful Stab","Cloak And Dagger","Dagger Spray"],"picked":"Acrobatics","floor":24},{"not_picked":["Masterful Stab","Sucker Punch","Flying Knee"],"picked":"Dodge and Roll","floor":25},{"not_picked":["Slice","Storm of Steel","Masterful Stab"],"picked":"Prepared","floor":27},{"not_picked":["Cloak And Dagger","Flying Knee","Distraction","Masterful Stab"],"picked":"SKIP","floor":28},{"not_picked":["Footwork","Masterful Stab+1","Slice"],"picked":"Reflex","floor":29},{"not_picked":["Deadly Poison","Outmaneuver","Sucker Punch+1","Skewer"],"picked":"SKIP","floor":31},{"not_picked":["Phantasmal Killer","Grand Finale","Envenom"],"picked":"Venomology","floor":33},{"not_picked":["PiercingWail+1","Dagger Throw","Backstab","Choke+1"],"picked":"SKIP","floor":35},{"not_picked":["Cloak And Dagger+1","Leg Sweep+1","Deadly Poison","Infinite Blades"],"picked":"SKIP","floor":38},{"not_picked":["Tactician","Slice","Quick Slash"],"picked":"Accuracy+1","floor":39}],"player_experience":1271261,"relics_obtained":[{"floor":7.0,"key":"War Paint"},{"floor":9.0,"key":"Bottled Lightning"},{"floor":10.0,"key":"Question Card"},{"floor":14.0,"key":"Meat on the Bone"},{"floor":21,"key":"Red Mask"},{"floor":24,"key":"Tingsha"},{"floor":26,"key":"The Courier"},{"floor":27,"key":"Centennial Puzzle"},{"floor":29,"key":"Dream Catcher"}],"event_choices":[{"damage_healed":0.0,"max_hp_gain":0.0,"max_hp_loss":6.0,"gold_gain":0.0,"event_name":"Golden Idol","player_choice":"Lose Max HP","floor":2.0,"gold_loss":0.0,"damage_taken":0.0,"relics_obtained":["Golden Idol"]},{"damage_healed":0.0,"max_hp_gain":5.0,"max_hp_loss":0.0,"gold_gain":0.0,"event_name":"Big Fish","player_choice":"Donut","floor":3.0,"gold_loss":0.0,"damage_taken":0.0},{"cards_removed":["Strike_G"],"damage_healed":0.0,"max_hp_gain":0.0,"max_hp_loss":0.0,"gold_gain":0.0,"event_name":"Living Wall","player_choice":"Forget","floor":4.0,"gold_loss":0.0,"damage_taken":0.0},{"damage_healed":0.0,"max_hp_gain":0.0,"max_hp_loss":0.0,"gold_gain":50.0,"event_name":"Golden Shrine","player_choice":"Pray","floor":8.0,"gold_loss":0.0,"damage_taken":0.0},{"cards_removed":["Tools of the Trade"],"damage_healed":0,"gold_gain":0,"player_choice":"Gave Gold","damage_taken":0,"max_hp_gain":0,"max_hp_loss":0,"event_name":"Beggar","floor":19,"gold_loss":75},{"damage_healed":0,"gold_gain":0,"player_choice":"Fought Bandits","damage_taken":0,"max_hp_gain":0,"max_hp_loss":0,"event_name":"Masked Bandits","floor":21,"gold_loss":0},{"damage_healed":0,"gold_gain":0,"player_choice":"Embrace Madness","damage_taken":12,"max_hp_gain":0,"max_hp_loss":0,"event_name":"Winding Halls","floor":36,"gold_loss":0,"cards_obtained":["Madness","Madness"]},{"damage_healed":0,"gold_gain":0,"player_choice":"Bought 3 Potions","damage_taken":0,"max_hp_gain":0,"max_hp_loss":0,"event_name":"The Woman in Blue","floor":37,"gold_loss":0}],"is_beta":false,"boss_relics":[{"not_picked":["Ectoplasm","Empty Cage"],"picked":"Pandora\u0027s Box"},{"not_picked":["Snecko Eye","Runic Pyramid"],"picked":"Runic Dome"}],"items_purged_floors":[],"is_endless":false,"potions_floor_spawned":[5,10,16,24,27,28,31,33,35,38],"killed_by":"Giant Head","ascension_level":20}}