{"host":"840yoaz69lavfcgt","time":1611186156,"event":{"mods":["BaseMod","Colored Powertips","DeckTracker","Highlight Path","Minty Spire (QoL Compilation)","Synergy Search"],"gold_per_floor":[117,128,140,140,155,185,202,215,238,238,313,326,326,339,339,440,490,507,507,507,55,67,101,2,27,27,27,41,74,74,74,74,172,172,191,206,27,27,39,39,73,88,88,88,119,130,184,209,209,209,209],"floor_reached":50,"language":"ENG","playtime":4136,"items_purged":[],"score":717,"play_id":"df680108-faba-4749-8ef8-55c844aa89f9","local_time":"20210120184236","is_ascension_mode":false,"campfire_choices":[{"floor":10,"key":"REST"},{"data":"Electrodynamics","floor":13,"key":"SMITH"},{"data":"Defragment","floor":15,"key":"SMITH"},{"floor":27,"key":"REST"},{"data":"Redo","floor":30,"key":"SMITH"},{"data":"Redo","floor":32,"key":"SMITH"},{"data":"Echo Form","floor":40,"key":"SMITH"},{"data":"Fission","floor":44,"key":"SMITH"},{"data":"Buffer","floor":49,"key":"SMITH"}],"circlet_count":0,"master_deck":["Strike_B","Strike_B","Strike_B","Strike_B","Defend_B+1","Defend_B","Defend_B+1","Defend_B","Zap","Dualcast+1","Electrodynamics+1","Genetic Algorithm","Defragment+1","Beam Cell","Redo+1","Self Repair","Redo+1","BootSequence","Beam Cell","Buffer+1","Hello World","Compile Driver","Steam","Ball Lightning+1","White Noise+1","Chill","Go for the Eyes+1","Cold Snap+1","Redo+1","Echo Form+1","Blizzard+1","Ball Lightning+1","Hello World","Regret","Parasite","Auto Shields","Fission+1","Go for the Eyes+1","BootSequence+1","Barrage+1","Rebound+1"],"relics":["Cracked Core","White Beast Statue","FossilizedHelix","Regal Pillow","Tiny House","MutagenicStrength","DataDisk","Molten Egg 2","StrikeDummy","InkBottle","Kunai","Eternal Feather","Sozu","Ancient Tea Set","Anchor","Dead Branch","Boot","War Paint","Toy Ornithopter"],"acts_visited":["Exordium","TheCity","TheBeyond"],"potions_floor_usage":[6,8,16,16,18,23,23,24,29,33,33,33,41],"damage_taken":[{"damage":1,"enemies":"Cultist","floor":1,"turns":3},{"damage":10,"enemies":"Jaw Worm","floor":2,"turns":3},{"damage":8,"enemies":"Small Slimes","floor":3,"turns":3},{"damage":6,"enemies":"Exordium Wildlife","floor":5,"turns":2},{"damage":29,"enemies":"Gremlin Nob","floor":6,"turns":3},{"damage":0,"enemies":"2 Fungi Beasts","floor":7,"turns":3},{"damage":0,"enemies":"Lots of Slimes","floor":8,"turns":2},{"damage":6,"enemies":"Large Slime","floor":12,"turns":4},{"damage":0,"enemies":"Gremlin Gang","floor":14,"turns":3},{"damage":41,"enemies":"Hexaghost","floor":16,"turns":9},{"damage":4,"enemies":"2 Thieves","floor":18,"turns":4},{"damage":4,"enemies":"Shell Parasite","floor":22,"turns":5},{"damage":40,"enemies":"Slavers","floor":23,"turns":4},{"damage":64,"enemies":"Book of Stabbing","floor":25,"turns":6},{"damage":0,"enemies":"Centurion and Healer","floor":28,"turns":5},{"damage":8,"enemies":"Gremlin Leader","floor":29,"turns":5},{"damage":0,"enemies":"Champ","floor":33,"turns":10},{"damage":9,"enemies":"3 Shapes","floor":35,"turns":3},{"damage":0,"enemies":"3 Darklings","floor":36,"turns":3},{"damage":2,"enemies":"Writhing Mass","floor":39,"turns":5},{"damage":13,"enemies":"Reptomancer","floor":41,"turns":4},{"damage":1,"enemies":"Sphere and 2 Shapes","floor":42,"turns":5},{"damage":26,"enemies":"Giant Head","floor":45,"turns":9},{"damage":7,"enemies":"4 Shapes","floor":46,"turns":5},{"damage":1,"enemies":"Nemesis","floor":48,"turns":7},{"damage":90,"enemies":"Time Eater","floor":50,"turns":11}],"seed_played":"-3975413331604330965","potions_obtained":[{"floor":1,"key":"LiquidBronze"},{"floor":5,"key":"FairyPotion"},{"floor":6,"key":"SkillPotion"},{"floor":7,"key":"GamblersBrew"},{"floor":8,"key":"Fruit Juice"},{"floor":12,"key":"SkillPotion"},{"floor":14,"key":"FocusPotion"},{"floor":16,"key":"FocusPotion"},{"floor":17,"key":"AttackPotion"},{"floor":18,"key":"AttackPotion"},{"floor":23,"key":"GamblersBrew"},{"floor":25,"key":"Weak Potion"},{"floor":28,"key":"Energy Potion"},{"floor":29,"key":"Block Potion"},{"floor":33,"key":"EssenceOfSteel"}],"is_trial":false,"path_per_floor":["M","M","M","T","M","E","M","M","T","R","?","M","R","M","R","B",null,"M","?","?","$","M","E","$","E","T","R","M","E","R","?","R","B",null,"M","M","$","?","M","R","E","M","T","R","E","M","T","E","R","B"],"character_chosen":"DEFECT","items_purchased":["DataDisk","Molten Egg 2","Steam","Ball Lightning+1","Fruit Juice","Ancient Tea Set","Hello World"],"campfire_rested":2,"item_purchase_floors":[21,21,21,21,24,37,37],"current_hp_per_floor":[74,64,56,56,50,21,28,33,33,72,61,62,62,69,69,28,85,81,81,81,81,84,44,49,22,22,64,71,70,88,88,90,90,90,88,90,90,90,90,90,84,90,90,90,78,71,71,84,90,0,0],"gold":209,"neow_bonus":"ONE_RANDOM_RARE_CARD","is_daily":false,"chose_seed":false,"campfire_upgraded":7,"win_rate":0.0,"timestamp":1611186156,"path_taken":["M","?","M","?","?","E","?","M","T","R","?","M","R","M","R","BOSS","M","?","?","$","M","E","?","E","T","R","M","E","R","?","R","BOSS","M","M","?","?","?","R","E","M","T","R","E","M","?","E","R","BOSS"],"items_purchased_type":["Relic","Relic","Card","Card","Potion","Relic","Card"],"build_version":"2020-12-22","purchased_purges":0,"victory":false,"max_hp_per_floor":[75,75,75,75,75,75,75,80,80,80,80,80,80,80,80,80,85,85,85,85,85,85,85,90,90,90,90,90,90,90,90,90,90,90,90,90,90,90,90,90,90,90,90,90,90,90,90,90,90,90,90],"card_choices":[{"not_picked":["Blizzard","Steam"],"picked":"Genetic Algorithm","floor":1},{"not_picked":["Steam Power","Steam"],"picked":"Defragment","floor":2},{"not_picked":["Steam","Stack"],"picked":"Beam Cell","floor":3},{"not_picked":["Leap","Cold Snap"],"picked":"Redo","floor":5},{"not_picked":["Cold Snap","Auto Shields"],"picked":"Self Repair","floor":6},{"not_picked":["Rip and Tear","Undo"],"picked":"Redo","floor":7},{"not_picked":["Rip and Tear","Blizzard"],"picked":"Buffer","floor":8},{"not_picked":["Barrage","Go for the Eyes"],"picked":"BootSequence","floor":12},{"not_picked":["Streamline","Reinforced Body"],"picked":"Beam Cell","floor":14},{"not_picked":["Electrodynamics","Core Surge"],"picked":"Buffer","floor":16},{"not_picked":["Compile Driver","Coolheaded"],"picked":"Hello World","floor":17},{"not_picked":["Turbo","Darkness+1"],"picked":"Compile Driver","floor":18},{"not_picked":["Force Field","Melter+1"],"picked":"White Noise+1","floor":22},{"not_picked":["Undo","Gash+1"],"picked":"Chill","floor":23},{"not_picked":["Undo","Storm"],"picked":"Go for the Eyes+1","floor":25},{"not_picked":["Leap","Hologram"],"picked":"Cold Snap+1","floor":28},{"not_picked":["Barrage+1","Glacier"],"picked":"Redo","floor":29},{"not_picked":["Creative AI","Core Surge+1"],"picked":"Echo Form","floor":33},{"not_picked":["Rebound+1","Conserve Battery"],"picked":"Blizzard+1","floor":35},{"not_picked":["Scrape+1","Barrage+1"],"picked":"Ball Lightning+1","floor":36},{"not_picked":["Force Field","Compile Driver+1"],"picked":"Auto Shields","floor":39},{"not_picked":["Heatsinks+1","Rebound+1"],"picked":"Fission","floor":41},{"not_picked":["Melter+1","Consume"],"picked":"Go for the Eyes+1","floor":42},{"not_picked":["Coolheaded","Darkness+1"],"picked":"BootSequence+1","floor":45},{"not_picked":["Hello World","Turbo+1"],"picked":"Barrage+1","floor":46},{"not_picked":["Biased Cognition","Coolheaded+1"],"picked":"Rebound+1","floor":48}],"player_experience":233996,"relics_obtained":[{"floor":4,"key":"White Beast Statue"},{"floor":6,"key":"FossilizedHelix"},{"floor":9,"key":"Regal Pillow"},{"floor":23,"key":"StrikeDummy"},{"floor":25,"key":"InkBottle"},{"floor":26,"key":"Kunai"},{"floor":29,"key":"Eternal Feather"},{"floor":41,"key":"Anchor"},{"floor":43,"key":"Dead Branch"},{"floor":45,"key":"Boot"},{"floor":47,"key":"War Paint"},{"floor":48,"key":"Toy Ornithopter"}],"event_choices":[{"damage_healed":0,"gold_gain":75,"player_choice":"Gather Gold","damage_taken":11,"max_hp_gain":0,"max_hp_loss":0,"event_name":"World of Goop","floor":11,"gold_loss":0},{"damage_healed":0,"gold_gain":0,"player_choice":"Ignored","damage_taken":0,"max_hp_gain":0,"max_hp_loss":0,"event_name":"Beggar","floor":19,"gold_loss":0},{"damage_healed":0,"gold_gain":0,"player_choice":"Inject Mutagens","damage_taken":0,"relics_obtained":["MutagenicStrength"],"max_hp_gain":0,"max_hp_loss":0,"event_name":"Drug Dealer","floor":20,"gold_loss":0},{"damage_healed":0,"gold_gain":0,"player_choice":"Upgraded","damage_taken":0,"max_hp_gain":0,"max_hp_loss":0,"event_name":"Upgrade Shrine","floor":31,"gold_loss":0,"cards_upgraded":["Redo"]},{"cards_removed":["Buffer"],"damage_healed":0,"gold_gain":0,"player_choice":"Took Card","damage_taken":0,"max_hp_gain":0,"max_hp_loss":0,"event_name":"NoteForYourself","floor":38,"gold_loss":0,"cards_obtained":["Regret"]}],"is_beta":false,"boss_relics":[{"not_picked":["Busted Crown","Philosopher\u0027s Stone"],"picked":"Tiny House"},{"not_picked":["Fusion Hammer","Coffee Dripper"],"picked":"Sozu"}],"items_purged_floors":[],"is_endless":false,"potions_floor_spawned":[1,5,6,7,8,12,14,16,18,22,23,25,28,29,33,35,36,39,41,42,45,46,48],"killed_by":"Time Eater","ascension_level":0}}