{"host":"fkig9nrckec4xsh0","time":1611178557,"event":{"mods":["BaseMod","Colored Map","Minty Spire (QoL Compilation)","Quick Restart","Replay The Spire","StSLib"],"gold_per_floor":[110,110,110,110,110,122,272,297,317,348,348,380,396,396,425,440,440,440,440],"floor_reached":18,"language":"ENG","playtime":635,"items_purged":[],"score":330,"play_id":"3a96583b-30ee-41e0-8329-6e469858418a","local_time":"20210120163557","is_ascension_mode":true,"campfire_choices":[{"data":"Anger","floor":14,"key":"SMITH"},{"data":"True Grit","floor":17,"key":"SMITH"}],"circlet_count":0,"master_deck":["AscendersBane","Strike_R","Strike_R","Strike_R+1","Strike_R+1","Strike_R","Defend_R","Defend_R","Defend_R","Defend_R","Bash","Anger+1","Limit Break","Doubt","Headbutt","Uppercut","Clash","Warcry","Impervious","True Grit+1"],"relics":["Burning Blood","NeowsBlessing","StoneCalendar","Iron Hammer","Replay:Wax Seal","Replay:Bottled Flurry"],"acts_visited":["Exordium"],"potions_floor_usage":[10,12,12,15,15,18],"damage_taken":[{"damage":0,"enemies":"2 Louse","floor":1,"turns":1},{"damage":0,"enemies":"Cultist","floor":6,"turns":1},{"damage":0,"enemies":"Lagavulin","floor":8,"turns":1},{"damage":7,"enemies":"Jaw Worm","floor":9,"turns":2},{"damage":27,"enemies":"3 Sentries","floor":10,"turns":7},{"damage":8,"enemies":"Gremlin Nob","floor":12,"turns":3},{"damage":0,"enemies":"Looter","floor":13,"turns":2},{"damage":12,"enemies":"3 Sentries","floor":15,"turns":7},{"damage":11,"enemies":"Exordium Wildlife","floor":16,"turns":4},{"damage":60,"enemies":"Fading Forest","floor":18,"turns":12}],"seed_played":"376364426440790277","potions_obtained":[{"floor":3,"key":"Energy Potion"},{"floor":3,"key":"Death Potion"},{"floor":10,"key":"SteroidPotion"},{"floor":12,"key":"ColorlessPotion"},{"floor":13,"key":"Block Potion"},{"floor":16,"key":"Dexterity Potion"}],"is_trial":false,"path_per_floor":["M","?","?","PTL","PTL","M","?","E","M","E","T","E","M","R","E","M","R","B"],"character_chosen":"IRONCLAD","items_purchased":[],"campfire_rested":0,"item_purchase_floors":[],"current_hp_per_floor":[74,51,51,51,51,57,57,63,62,41,41,39,45,45,39,34,34,0,0],"gold":440,"neow_bonus":"THREE_ENEMY_KILL","is_daily":false,"chose_seed":false,"campfire_upgraded":2,"win_rate":0.0,"timestamp":1611178557,"path_taken":["M","?","?","PTL","PTL","?","?","E","M","E","T","E","M","R","E","M","R","BOSS"],"items_purchased_type":[],"build_version":"2020-12-22","purchased_purges":0,"victory":false,"max_hp_per_floor":[75,75,75,75,75,75,75,75,75,75,75,75,75,75,75,75,75,75,75],"card_choices":[{"not_picked":["Havoc","Thunderclap"],"picked":"Anger","floor":1},{"not_picked":["Heavy Blade","Clothesline"],"picked":"Limit Break","floor":6},{"not_picked":["Power Through","Warcry","Blood for Blood"],"picked":"SKIP","floor":8},{"not_picked":["Clothesline","Warcry"],"picked":"Headbutt","floor":9},{"not_picked":["Pommel Strike","Life Link"],"picked":"Uppercut","floor":10},{"not_picked":["Havoc","ReplayTheSpireMod:Strike From Hell"],"picked":"Clash","floor":12},{"not_picked":["Searing Blow","ReplayTheSpireMod:LeadingStrike"],"picked":"Warcry","floor":13},{"not_picked":["Bludgeon","Sever Soul"],"picked":"Impervious","floor":15},{"not_picked":["Intimidate","Power Through"],"picked":"True Grit","floor":16}],"player_experience":372551,"relics_obtained":[{"floor":8,"key":"StoneCalendar"},{"floor":10,"key":"Iron Hammer"},{"floor":12,"key":"Replay:Wax Seal"},{"floor":15,"key":"Replay:Bottled Flurry"}],"event_choices":[{"damage_healed":0,"gold_gain":0,"player_choice":"Entered Light","damage_taken":23,"max_hp_gain":0,"max_hp_loss":0,"event_name":"Shining Light","floor":2,"gold_loss":0,"cards_upgraded":["Strike_R","Strike_R"]},{"damage_healed":0,"gold_gain":0,"player_choice":"Got Potions","damage_taken":0,"max_hp_gain":0,"max_hp_loss":0,"event_name":"Lab","floor":3,"gold_loss":0},{"damage_healed":0,"gold_gain":150,"player_choice":"AGREE","damage_taken":0,"max_hp_gain":0,"max_hp_loss":0,"event_name":"Liars Game","floor":7,"gold_loss":0,"cards_obtained":["Doubt"]}],"is_beta":false,"boss_relics":[],"items_purged_floors":[],"is_endless":false,"potions_floor_spawned":[10,12,13,16],"killed_by":"Fading Forest","ascension_level":20}}