{"host":"ftwnpa9ceeptmrn1","time":1611183299,"event":{"mods":["Aspiration","BaseMod","Colored Map","Colored Powertips","Conspire","Downfall","Hubris","Infinite Spire","Minty Spire (QoL Compilation)","Relic Stats","StSLib","Waifu the Spire","vexMod"],"gold_per_floor":[366,366,49,67,78,78,88,88,88,100,122,122,122,142,142,142,142],"floor_reached":16,"language":"ENG","playtime":1364,"items_purged":[],"score":97,"play_id":"d1541ee7-4a9e-4afa-b0ea-a596d8350505","local_time":"20210120165459","is_ascension_mode":true,"campfire_choices":[{"data":"conspire:Banana","floor":6,"key":"SMITH"},{"floor":13,"key":"RECALL"},{"floor":15,"key":"REST"}],"circlet_count":0,"master_deck":["Strike_B","Strike_B","Strike_B","Strike_B","Defend_B","Defend_B","Defend_B","Defend_B","Zap","Dualcast","Redo","conspire:Banana+1","Capacitor","Coolheaded","Loop","Rebound","Cold Snap","Force Field","hubris:Compulsion","Beam Cell","Hologram"],"relics":["Cracked Core","infinitespire:PuzzleCube","Odd Mushroom"],"acts_visited":["Exordium"],"potions_floor_usage":[11,11],"damage_taken":[{"damage":0,"enemies":"Small Slimes","floor":1,"turns":2},{"damage":3,"enemies":"Jaw Worm","floor":4,"turns":3},{"damage":0,"enemies":"2 Louse","floor":5,"turns":4},{"damage":19,"enemies":"Large Slime","floor":7,"turns":7},{"damage":14,"enemies":"Red Slaver","floor":10,"turns":5},{"damage":1,"enemies":"The Mushroom Lair","floor":11,"turns":4},{"damage":6,"enemies":"Looter","floor":14,"turns":3},{"damage":54,"enemies":"Slime Boss","floor":16,"turns":14}],"seed_played":"-1079970689130290209","potions_obtained":[{"floor":4,"key":"FocusPotion"},{"floor":7,"key":"Dexterity Potion"},{"floor":11,"key":"Ancient Potion"}],"is_trial":false,"path_per_floor":["M","?","$","M","M","R","M","?","T","M","?","?","R","M","R","B"],"character_chosen":"DEFECT","items_purchased":["conspire:Banana","Capacitor","infinitespire:PuzzleCube"],"campfire_rested":1,"item_purchase_floors":[3,3,3],"current_hp_per_floor":[54,54,54,52,53,53,36,36,36,24,25,25,25,21,46,0,0],"gold":142,"neow_bonus":"TWO_FIFTY_GOLD","is_daily":false,"chose_seed":false,"campfire_upgraded":1,"win_rate":0.0,"timestamp":1611183299,"path_taken":["M","?","$","M","M","R","M","?","T","M","?","?","R","M","R","BOSS"],"items_purchased_type":["Card","Card","Relic"],"build_version":"2020-12-22","purchased_purges":0,"victory":false,"max_hp_per_floor":[75,75,75,76,77,77,79,79,79,81,83,83,83,85,85,87,87],"relic_stats":{"counters":[8,42],"obtain_stats":[{"Odd Mushroom":11,"Cracked Core":0,"infinitespire:PuzzleCube":3},{"Odd Mushroom":6,"Cracked Core":0,"infinitespire:PuzzleCube":1},{"Odd Mushroom":25,"Cracked Core":0,"infinitespire:PuzzleCube":2}]},"card_choices":[{"not_picked":["Turbo","Auto Shields"],"picked":"Redo","floor":1},{"not_picked":["Leap","Streamline"],"picked":"Coolheaded","floor":4},{"not_picked":["Compile Driver","FTL"],"picked":"Loop","floor":5},{"not_picked":["Compile Driver","Lockon"],"picked":"Rebound","floor":7},{"not_picked":["Sweeping Beam","Stack"],"picked":"Cold Snap","floor":10},{"not_picked":["Coolheaded","hubris:DoWhile"],"picked":"Force Field","floor":11},{"not_picked":["Redo","aspiration:Polymerization"],"picked":"Hologram","floor":14}],"player_experience":252892,"relics_obtained":[{"floor":11,"key":"Odd Mushroom"}],"event_choices":[{"damage_healed":0,"gold_gain":0,"player_choice":"Leave","damage_taken":0,"max_hp_gain":0,"max_hp_loss":0,"event_name":"conspire:Investor","floor":8,"gold_loss":0},{"damage_healed":0,"gold_gain":0,"player_choice":"Fought Mushrooms","damage_taken":0,"max_hp_gain":0,"max_hp_loss":0,"event_name":"Mushrooms","floor":11,"gold_loss":0},{"damage_healed":0,"gold_gain":0,"player_choice":"2 cards matched","damage_taken":0,"max_hp_gain":0,"max_hp_loss":0,"event_name":"Match and Keep!","floor":12,"gold_loss":0,"cards_obtained":["hubris:Compulsion","Beam Cell"]},{"damage_healed":0,"gold_gain":0,"player_choice":"2 cards matched","damage_taken":0,"max_hp_gain":0,"max_hp_loss":0,"event_name":"Match and Keep!","floor":12,"gold_loss":0,"cards_obtained":["hubris:Compulsion","Beam Cell"]}],"is_beta":false,"boss_relics":[],"items_purged_floors":[],"is_endless":false,"potions_floor_spawned":[4,7,11],"killed_by":"Slime Boss","ascension_level":1}}