{"host":"7tqog9fnhs0gxmti","time":1611145589,"event":{"mods":["AchievementEnabler","Act Like it!","Astrologer","BaseMod","Beaked The Cultist","CapriCore","Colored Map","Colored Powertips","Hermit","Highlight Path","Minty Spire (QoL Compilation)","Quick Restart","Random Character Button","Rare Cards Sparkle","Robot Space Explorer","StSLib","The Bug Knight","The Construct","The Cursed","The Disciple","The Gatherer","The Hayseed","The Marked","Wandering Minibosses","everything is the same but u backflip on backflip"],"gold_per_floor":[118,118,118,128,128,162,162,196,248,261,436,436,450,467,467,563,563,579,591,591,506,28,28,0,33,58,58,33,68,83,93,93,93,93],"floor_reached":33,"language":"ENG","playtime":1202,"items_purged":["Doubt"],"score":318,"play_id":"ab245c7f-74b8-497a-9499-101567720daa","local_time":"20210120202629","is_ascension_mode":false,"campfire_choices":[{"data":"HollowMod:FocusHealStart","floor":7,"key":"SMITH"},{"data":"HollowMod:VoidDash","floor":12,"key":"SMITH"},{"data":"HollowMod:DoubleDash","floor":15,"key":"SMITH"},{"data":"HollowMod:CloakDash","floor":23,"key":"SMITH"},{"floor":32,"key":"DIG"}],"circlet_count":0,"master_deck":["HollowMod:NailStrikeStart","HollowMod:NailStrikeStart","HollowMod:NailStrikeStart","HollowMod:QuickDashStart+1","HollowMod:QuickDashStart+1","HollowMod:QuickDashStart","HollowMod:QuickDashStart","HollowMod:FocusHealStart+1","HollowMod:PogoStrike+1","HollowMod:VengefulVoid","HollowMod:QuirrelsAssistance+1","HollowMod:VengefulVoid","HollowMod:CloakDash+1","HollowMod:VoidDash+1","HollowMod:SharpenedShadows+1","HollowMod:BlackTendrils","HollowMod:DoubleDash+1","HollowMod:DashSlash+1","HollowMod:SharpenedShadows+1","Writhe","HollowMod:SharpenedShadows+1","HollowMod:SiblingsShadow+1","HollowMod:CycloneSlash+1","HollowMod:NewJinnsSoul+1"],"relics":["HollowMod:VesselMask","NeowsBlessing","Frozen Egg 2","Whetstone","HollowMod:StagPassRelic","Happy Flower","Coffee Dripper","Ancient Tea Set","Molten Egg 2","Singing Bowl","HollowMod:LifeEnderRelic","Shovel","Bag of Marbles","HornCleat","Oddly Smooth Stone"],"acts_visited":["Exordium","TheCity"],"potions_floor_usage":[14,16,25,29,33,33],"damage_taken":[{"damage":0,"enemies":"Small Slimes","floor":1,"turns":1},{"damage":0,"enemies":"Jaw Worm","floor":4,"turns":1},{"damage":0,"enemies":"Lagavulin","floor":6,"turns":1},{"damage":17,"enemies":"Gremlin Nob","floor":8,"turns":5},{"damage":0,"enemies":"Cultist","floor":10,"turns":3},{"damage":9,"enemies":"3 Louse","floor":13,"turns":4},{"damage":12,"enemies":"Red Slaver","floor":14,"turns":3},{"damage":7,"enemies":"The Guardian","floor":16,"turns":12},{"damage":0,"enemies":"3 Byrds","floor":18,"turns":6},{"damage":3,"enemies":"Chosen","floor":19,"turns":4},{"damage":27,"enemies":"Slavers","floor":25,"turns":3},{"damage":36,"enemies":"Book of Stabbing","floor":29,"turns":6},{"damage":23,"enemies":"Centurion and Healer","floor":30,"turns":5},{"damage":6,"enemies":"Snake Plant","floor":31,"turns":5},{"damage":37,"enemies":"Champ","floor":33,"turns":8}],"seed_played":"-6756443711461268287","potions_obtained":[{"floor":8,"key":"Regen Potion"},{"floor":13,"key":"Energy Potion"},{"floor":14,"key":"Weak Potion"},{"floor":18,"key":"SpeedPotion"},{"floor":19,"key":"AttackPotion"},{"floor":30,"key":"SmokeBomb"},{"floor":31,"key":"ColorlessPotion"}],"is_trial":false,"path_per_floor":["M","?","T","M","?","E","R","E","T","M","?","R","M","M","R","B",null,"M","M","?","?","$","R","?","E","T","?","$","E","M","M","R","B"],"character_chosen":"THE_BUGKNIGHT","items_purchased":["HollowMod:SharpenedShadows+1","HollowMod:SiblingsShadow","Singing Bowl","HollowMod:CycloneSlash+1"],"campfire_rested":0,"item_purchase_floors":[22,22,22,28],"current_hp_per_floor":[75,60,60,60,60,60,60,49,49,55,55,55,52,57,57,66,75,75,72,72,72,72,72,72,53,53,53,53,29,16,18,18,0,0],"gold":93,"neow_bonus":"THREE_ENEMY_KILL","is_daily":false,"chose_seed":false,"campfire_upgraded":4,"win_rate":0.0,"timestamp":1611145589,"path_taken":["M","?","?","?","?","E","R","E","T","?","?","R","M","M","R","BOSS","M","M","?","?","$","R","?","E","T","?","$","E","?","M","R","BOSS"],"items_purchased_type":["Card","Card","Relic","Card"],"build_version":"2020-12-22","purchased_purges":1,"victory":false,"max_hp_per_floor":[75,75,75,75,75,75,75,75,75,75,75,75,75,75,75,75,75,75,75,75,75,75,75,75,77,77,77,77,79,79,81,81,81,81],"card_choices":[{"not_picked":["HollowMod:ChannelNail","HollowMod:SoulStrike"],"picked":"HollowMod:VengefulVoid","floor":1},{"not_picked":["HollowMod:SoulStrike","HollowMod:RecoilStrike"],"picked":"HollowMod:QuirrelsAssistance","floor":4},{"not_picked":["HollowMod:SoulSplash","HollowMod:HornetsHelp"],"picked":"HollowMod:CloakDash","floor":6},{"not_picked":["HollowMod:HuntersJournal","HollowMod:HeavyBlow"],"picked":"HollowMod:VoidDash","floor":8},{"not_picked":["HollowMod:FastStrike","HollowMod:HeavyBlow"],"picked":"HollowMod:SharpenedShadows+1","floor":10},{"not_picked":["HollowMod:TaintedHusks","HollowMod:NewGlowingWomb+1"],"picked":"HollowMod:BlackTendrils","floor":13},{"not_picked":["HollowMod:RecoilStrike","HollowMod:CloakDash"],"picked":"HollowMod:DoubleDash","floor":14},{"not_picked":["HollowMod:SoulStrike","HollowMod:VengefulSpirit"],"picked":"HollowMod:DashSlash+1","floor":18},{"not_picked":["HollowMod:InfectedCysts","HollowMod:NewLittleFool"],"picked":"HollowMod:SharpenedShadows+1","floor":19},{"not_picked":["HollowMod:CloakDash","HollowMod:FallenFury+1","HollowMod:MawleksShell"],"picked":"Singing Bowl","floor":25},{"not_picked":["HollowMod:SoulSplash+1","HollowMod:DashSlash+1","HollowMod:ChannelNail"],"picked":"Singing Bowl","floor":29},{"not_picked":["HollowMod:SoulSplash","HollowMod:CornifersMapStart"],"picked":"HollowMod:NewJinnsSoul+1","floor":30},{"not_picked":["HollowMod:AbyssShriek+1","HollowMod:theNailsmith","HollowMod:NewJinnsSoul+1"],"picked":"Singing Bowl","floor":31}],"player_experience":830781,"relics_obtained":[{"floor":3,"key":"Frozen Egg 2"},{"floor":6,"key":"Whetstone"},{"floor":8,"key":"HollowMod:StagPassRelic"},{"floor":9,"key":"Happy Flower"},{"floor":25,"key":"Shovel"},{"floor":26,"key":"Bag of Marbles"},{"floor":29,"key":"HornCleat"},{"floor":32,"key":"Oddly Smooth Stone"}],"event_choices":[{"damage_healed":0,"gold_gain":0,"player_choice":"Entered Light","damage_taken":15,"max_hp_gain":0,"max_hp_loss":0,"event_name":"Shining Light","floor":2,"gold_loss":0,"cards_upgraded":["HollowMod:QuickDashStart","HollowMod:QuickDashStart"]},{"damage_healed":0,"gold_gain":0,"cards_transformed":["HollowMod:NailStrikeStart"],"player_choice":"Transformed","damage_taken":0,"max_hp_gain":0,"max_hp_loss":0,"event_name":"Transmorgrifier","floor":5,"gold_loss":0,"cards_obtained":["HollowMod:VengefulVoid"]},{"damage_healed":0,"gold_gain":175,"player_choice":"AGREE","damage_taken":0,"max_hp_gain":0,"max_hp_loss":0,"event_name":"Liars Game","floor":11,"gold_loss":0,"cards_obtained":["Doubt"]},{"damage_healed":0,"gold_gain":0,"player_choice":"Opened","damage_taken":0,"relics_obtained":["Ancient Tea Set"],"max_hp_gain":0,"max_hp_loss":0,"event_name":"The Mausoleum","floor":20,"gold_loss":0,"cards_obtained":["Writhe"]},{"damage_healed":0,"gold_gain":0,"player_choice":"Obtained Relic","damage_taken":0,"relics_obtained":["Molten Egg 2"],"max_hp_gain":0,"max_hp_loss":0,"event_name":"Addict","floor":21,"gold_loss":85}],"is_beta":false,"boss_relics":[{"not_picked":["Snecko Eye","Black Star"],"picked":"Coffee Dripper"}],"items_purged_floors":[22],"is_endless":false,"potions_floor_spawned":[8,13,14,18,19,30,31],"killed_by":"Champ","ascension_level":0}}