{"host":"ftwnpa9ceeptmrn1","time":1611181923,"event":{"mods":["Aspiration","BaseMod","Colored Map","Colored Powertips","Conspire","Downfall","Hubris","Infinite Spire","Minty Spire (QoL Compilation)","Relic Stats","StSLib","Waifu the Spire","vexMod"],"gold_per_floor":[114,289,306,325,345,345,356,374,374,374,374,374,400,4,4,4,4],"floor_reached":16,"language":"ENG","playtime":1272,"items_purged":["Defend_B"],"score":107,"play_id":"fa3cb5b1-9160-426b-bdc3-03320cb0c52c","local_time":"20210120163203","is_ascension_mode":true,"campfire_choices":[{"data":"Aggregate","floor":6,"key":"SMITH"},{"floor":10,"key":"RECALL"},{"floor":12,"key":"REST"},{"data":"Redo","floor":15,"key":"SMITH"}],"circlet_count":0,"master_deck":["Strike_B","Strike_B","Strike_B","Defend_B","Defend_B","Zap","Dualcast","Ball Lightning","FTL","Aggregate+1","Coolheaded","Leap","Beam Cell","Cold Snap","Redo+1","Lockon","Rebound"],"relics":["Cracked Core","hubris:AstralHammer","infinitespire:PuzzleCube","conspire:TreasureMap"],"acts_visited":["Exordium"],"potions_floor_usage":[13,13,16,16],"damage_taken":[{"damage":0,"enemies":"2 Louse","floor":1,"turns":3},{"damage":0,"enemies":"conspire:RoseBush","floor":3,"turns":2},{"damage":1,"enemies":"Cultist","floor":4,"turns":3},{"damage":23,"enemies":"Large Slime","floor":5,"turns":5},{"damage":5,"enemies":"Looter","floor":7,"turns":2},{"damage":5,"enemies":"Lots of Slimes","floor":8,"turns":5},{"damage":10,"enemies":"Gremlin Nob","floor":13,"turns":5},{"damage":44,"enemies":"The Guardian","floor":16,"turns":7}],"seed_played":"7068588080923462794","potions_obtained":[{"floor":1,"key":"bronze:BurnAndBuffPotion"},{"floor":5,"key":"SpeedPotion"},{"floor":8,"key":"LiquidMemories"},{"floor":13,"key":"hexamod:SoulburnPotion"}],"is_trial":false,"path_per_floor":["M","?","M","M","M","R","M","M","T","R","?","R","E","$","R","B"],"character_chosen":"DEFECT","items_purchased":["conspire:TreasureMap","Redo","Lockon","Rebound"],"campfire_rested":1,"item_purchase_floors":[14,14,14,14],"current_hp_per_floor":[68,68,68,67,44,44,39,34,34,34,34,54,44,44,44,0,0],"gold":4,"neow_bonus":"REMOVE_TWO","is_daily":false,"chose_seed":false,"campfire_upgraded":2,"win_rate":0.0,"timestamp":1611181923,"path_taken":["M","?","M","M","M","R","M","M","T","R","?","R","E","$","R","BOSS"],"items_purchased_type":["Relic","Card","Card","Card"],"build_version":"2020-12-22","purchased_purges":1,"victory":false,"max_hp_per_floor":[68,68,68,68,68,68,68,68,68,68,68,68,68,68,68,68,68],"relic_stats":{"counters":[8,32],"obtain_stats":[{"conspire:TreasureMap":14,"hubris:AstralHammer":9,"Cracked Core":0,"infinitespire:PuzzleCube":13},{"conspire:TreasureMap":7,"hubris:AstralHammer":6,"Cracked Core":0,"infinitespire:PuzzleCube":7},{"conspire:TreasureMap":25,"hubris:AstralHammer":20,"Cracked Core":0,"infinitespire:PuzzleCube":25}]},"card_choices":[{"not_picked":["Sweeping Beam","Streamline"],"picked":"Ball Lightning","floor":1},{"not_picked":["Ball Lightning","Coolheaded"],"picked":"FTL","floor":3},{"not_picked":["hubris:Ukulele","Reinforced Body"],"picked":"Aggregate","floor":4},{"not_picked":["aspiration:Polymerization","hubris:DoWhile"],"picked":"Coolheaded","floor":5},{"not_picked":["Rebound","Ball Lightning"],"picked":"Leap","floor":7},{"not_picked":["Blizzard","Conserve Battery"],"picked":"Beam Cell","floor":8},{"not_picked":["Conserve Battery","Rainbow"],"picked":"Cold Snap","floor":13}],"player_experience":251620,"relics_obtained":[{"floor":9,"key":"hubris:AstralHammer"},{"floor":13,"key":"infinitespire:PuzzleCube"}],"event_choices":[{"damage_healed":0,"gold_gain":175,"player_choice":"AGREE","damage_taken":0,"max_hp_gain":0,"max_hp_loss":0,"event_name":"Liars Game","floor":2,"gold_loss":0,"cards_obtained":["Doubt"]},{"cards_removed":["Doubt"],"damage_healed":0,"gold_gain":0,"player_choice":"Purged","damage_taken":0,"max_hp_gain":0,"max_hp_loss":0,"event_name":"Purifier","floor":11,"gold_loss":0}],"is_beta":false,"boss_relics":[],"items_purged_floors":[14],"is_endless":false,"potions_floor_spawned":[1,5,8,13],"killed_by":"The Guardian","ascension_level":1}}