{"host":"vfh4a5lsno7fg1vy","time":1611157809,"event":{"mods":["BaseMod","Minty Spire (QoL Compilation)","StSLib","Synergy Search"],"gold_per_floor":[15,28,4,18,37,37,67,82,161,261,261,278,292,310,310,408,408,427,438,438,457,457,457],"floor_reached":22,"language":"KOR","playtime":1262,"items_purged":[],"score":211,"play_id":"295b9ea0-4e6c-46b6-912d-3de91bc6a648","local_time":"20210121005009","is_ascension_mode":true,"campfire_choices":[{"data":"Armaments","floor":6.0,"key":"SMITH"},{"floor":11.0,"key":"REST"},{"data":"Demon Form","floor":15.0,"key":"SMITH"}],"circlet_count":0,"master_deck":["Strike_R","Strike_R","Strike_R","Strike_R","Strike_R","Defend_R","Defend_R","Defend_R","Defend_R","Bash","Demon Form+1","Cleave","Armaments+1","Cleave","Anger","Reckless Charge","Armaments","Rage","Anger","Cleave","Twin Strike","Limit Break","Dropkick","Battle Trance","Sever Soul"],"relics":["Burning Blood","Sundial","Meat on the Bone","Cursed Key"],"acts_visited":["Exordium","TheCity"],"potions_floor_usage":[22,22],"damage_taken":[{"damage":12.0,"enemies":"Jaw Worm","floor":1.0,"turns":2.0},{"damage":6.0,"enemies":"Cultist","floor":2.0,"turns":4.0},{"damage":12.0,"enemies":"Small Slimes","floor":4.0,"turns":3.0},{"damage":15.0,"enemies":"Exordium Wildlife","floor":5.0,"turns":4.0},{"damage":27.0,"enemies":"Gremlin Nob","floor":7.0,"turns":4.0},{"damage":6.0,"enemies":"Looter","floor":8.0,"turns":2.0},{"damage":11.0,"enemies":"3 Louse","floor":12.0,"turns":2.0},{"damage":2.0,"enemies":"Exordium Thugs","floor":13.0,"turns":3.0},{"damage":0.0,"enemies":"Looter","floor":14.0,"turns":3.0},{"damage":66.0,"enemies":"The Guardian","floor":16.0,"turns":8.0},{"damage":19.0,"enemies":"Spheric Guardian","floor":18.0,"turns":4.0},{"damage":4.0,"enemies":"3 Byrds","floor":19.0,"turns":4.0},{"damage":65.0,"enemies":"Snecko","floor":21.0,"turns":6.0},{"damage":22,"enemies":"Chosen and Byrds","floor":22,"turns":5}],"seed_played":"5457713690997993425","potions_obtained":[{"floor":2.0,"key":"Swift Potion"},{"floor":4.0,"key":"Dexterity Potion"},{"floor":8.0,"key":"Dexterity Potion"},{"floor":21.0,"key":"BlessingOfTheForge"}],"is_trial":false,"path_per_floor":["M","M","$","M","M","R","E","M","T","?","R","M","M","M","R","B",null,"M","M","?","M","M"],"character_chosen":"IRONCLAD","items_purchased":["Cleave"],"campfire_rested":1,"item_purchase_floors":[3],"current_hp_per_floor":[74,74,74,68,59,59,38,38,38,38,62,57,61,67,67,19,80,67,69,69,22,0,0],"gold":457,"neow_bonus":"THREE_RARE_CARDS","is_daily":false,"chose_seed":false,"campfire_upgraded":2,"win_rate":0.0,"timestamp":1611157809,"path_taken":["M","M","$","M","M","R","E","M","T","?","R","?","M","M","R","BOSS","M","M","?","M","M"],"items_purchased_type":["Card"],"build_version":"2020-12-22","purchased_purges":0,"victory":false,"max_hp_per_floor":[80,80,80,80,80,80,80,80,80,80,80,80,80,80,80,80,80,80,80,80,80,80,80],"card_choices":[{"not_picked":["Impervious","Juggernaut"],"picked":"Demon Form","floor":0.0},{"not_picked":["Iron Wave","Feel No Pain"],"picked":"Cleave","floor":1.0},{"not_picked":["Battle Trance","Sever Soul"],"picked":"Armaments","floor":2.0},{"not_picked":["Warcry","Sword Boomerang"],"picked":"Anger","floor":4.0},{"not_picked":["Hemokinesis","Feel No Pain"],"picked":"Reckless Charge","floor":5.0},{"not_picked":["Fire Breathing","Clash"],"picked":"Armaments","floor":7.0},{"not_picked":["Warcry","Iron Wave"],"picked":"Rage","floor":8.0},{"not_picked":["Immolate","Pommel Strike"],"picked":"Anger","floor":12.0},{"not_picked":["Headbutt","Twin Strike"],"picked":"Cleave","floor":13.0},{"not_picked":["Dark Embrace","Sword Boomerang"],"picked":"Twin Strike","floor":14.0},{"not_picked":["Brutality","Offering"],"picked":"Limit Break","floor":16.0},{"not_picked":["Twin Strike","Iron Wave"],"picked":"Dropkick","floor":18.0},{"not_picked":["Wild Strike","Clash"],"picked":"Battle Trance","floor":19.0},{"not_picked":["Feel No Pain","Shrug It Off"],"picked":"Sever Soul","floor":21.0}],"player_experience":214953,"relics_obtained":[{"floor":7.0,"key":"Sundial"},{"floor":9.0,"key":"Meat on the Bone"}],"event_choices":[{"damage_healed":0.0,"max_hp_gain":0.0,"max_hp_loss":0.0,"gold_gain":100.0,"event_name":"Golden Shrine","player_choice":"Pray","floor":10.0,"gold_loss":0.0,"damage_taken":0.0},{"damage_healed":0.0,"max_hp_gain":0.0,"max_hp_loss":0.0,"gold_gain":0.0,"event_name":"Vampires","player_choice":"Ignored","floor":20.0,"gold_loss":0.0,"damage_taken":0.0}],"is_beta":false,"boss_relics":[{"not_picked":["SacredBark","Calling Bell"],"picked":"Cursed Key"}],"items_purged_floors":[],"is_endless":false,"potions_floor_spawned":[2,4,8,14,21],"killed_by":"Chosen and Byrds","ascension_level":2}}