{"host":"nxma0dbhh74lxenq","time":1611146630,"event":{"mods":["Astrologer","BaseMod","Beaked The Cultist","CapriCore","Colored Map","DeckTracker","Gremlin Mod","HololiveMod","KinomotoSakuraMod(ñÿîVñ{?)","Koishi","Mad Scientist","Minty Spire (QoL Compilation)","Prisma Mod","StSLib","SuperFastMode","The Bladedancer","The Cursed","The Immortal","The Mystic","YoumuÅiç∞ÈÆódöÎÅj"],"gold_per_floor":[217,229,154,154,173,201,201,232,283,283,295,310,310,24,24,24,24],"floor_reached":16,"language":"JPN","playtime":649,"items_purged":["Koishi:BasicStrike","Koishi:BasicStrike"],"score":165,"play_id":"3964e365-a9ad-43aa-ba8b-2a5519e0cb8a","local_time":"20210120214350","is_ascension_mode":true,"campfire_choices":[{"floor":10,"key":"REST"},{"data":"Koishi:JumpScare","floor":13,"key":"SMITH"},{"floor":15,"key":"REST"}],"circlet_count":0,"master_deck":["AscendersBane","Koishi:BasicStrike","Koishi:BasicStrike","Koishi:BasicDefend+1","Koishi:BasicDefend","Koishi:BasicDefend","Koishi:BasicDefend","Koishi:Provoke+1","Koishi:HauntingSlash","Koishi:DanmakuParanoia","Koishi:SubconsciousSweep","Koishi:GeneticsOfTheUnconscious","Koishi:SilentAndRestless","Koishi:JumpScare+1","Koishi:PhantomBarrier","Sadistic Nature"],"relics":["Koishi:ImaginaryFriend","Singing Bowl","Ancient Tea Set","War Paint"],"acts_visited":["Exordium"],"potions_floor_usage":[8,16,16],"damage_taken":[{"damage":10,"enemies":"Cultist","floor":1,"turns":4},{"damage":3,"enemies":"2 Louse","floor":2,"turns":4},{"damage":2,"enemies":"Jaw Worm","floor":5,"turns":4},{"damage":23,"enemies":"Lagavulin","floor":6,"turns":11},{"damage":45,"enemies":"Gremlin Nob","floor":8,"turns":5},{"damage":23,"enemies":"Gremlin Gang","floor":11,"turns":5},{"damage":2,"enemies":"Exordium Thugs","floor":12,"turns":4},{"damage":56,"enemies":"Hexaghost","floor":16,"turns":19}],"seed_played":"7498443457152783134","potions_obtained":[{"floor":1,"key":"FairyPotion"},{"floor":6,"key":"Strength Potion"},{"floor":11,"key":"SneckoOil"},{"floor":12,"key":"Swift Potion"}],"is_trial":false,"path_per_floor":["M","M","$","?","M","E","?","E","T","R","M","M","R","$","R","B"],"character_chosen":"KOISHI","items_purchased":["Sadistic Nature"],"campfire_rested":2,"item_purchase_floors":[14],"current_hp_per_floor":[46,44,44,44,43,24,60,17,17,35,17,19,19,19,37,0,0],"gold":24,"neow_bonus":"HUNDRED_GOLD","is_daily":false,"chose_seed":false,"campfire_upgraded":1,"win_rate":0.0,"timestamp":1611146630,"path_taken":["M","M","$","?","M","E","?","E","T","R","?","M","R","$","R","BOSS"],"items_purchased_type":["Card"],"build_version":"2020-12-22","purchased_purges":2,"victory":false,"max_hp_per_floor":[60,60,60,60,60,60,60,60,60,60,62,62,62,62,62,62,62],"card_choices":[{"not_picked":["Koishi:IdleWhim","Koishi:Possession"],"picked":"Koishi:DanmakuParanoia","floor":1},{"not_picked":["Koishi:TremblingHands","Koishi:RacingHeart"],"picked":"Koishi:SubconsciousSweep","floor":2},{"not_picked":["Koishi:RorschachInDanmaku","Koishi:EmbryosDream"],"picked":"Koishi:GeneticsOfTheUnconscious","floor":5},{"not_picked":["Koishi:DanmakuParanoia","Koishi:FadingMemory"],"picked":"Koishi:SilentAndRestless","floor":6},{"not_picked":["Koishi:StingingMind","Koishi:Jaunt"],"picked":"Koishi:JumpScare","floor":8},{"not_picked":["Koishi:ReflexRadar","Koishi:BloodcurdlingScream","Koishi:PhantomStrike"],"picked":"Singing Bowl","floor":11},{"not_picked":["Koishi:Possession","Koishi:BloodcurdlingScream"],"picked":"Koishi:PhantomBarrier","floor":12}],"player_experience":531136,"relics_obtained":[{"floor":6,"key":"Singing Bowl"},{"floor":8,"key":"Ancient Tea Set"},{"floor":9,"key":"War Paint"}],"event_choices":[{"damage_healed":0,"gold_gain":0,"player_choice":"Ignored","damage_taken":0,"max_hp_gain":0,"max_hp_loss":0,"event_name":"Liars Game","floor":4,"gold_loss":0},{"damage_healed":36,"gold_gain":0,"player_choice":"Full Heal","damage_taken":0,"max_hp_gain":0,"max_hp_loss":0,"event_name":"Wheel of Change","floor":7,"gold_loss":0}],"is_beta":false,"boss_relics":[],"items_purged_floors":[3,14],"is_endless":false,"potions_floor_spawned":[1,6,11,12],"killed_by":"Hexaghost","ascension_level":10}}