{"host":"nlowmoq7gy18n72d","time":1611134727,"event":{"mods":["BaseMod","Colored Powertips","Downfall","Hermit","Highlight Path","Infinite Spire","Jorbs\u0027s Wanderer Trilogy","Minty Spire (QoL Compilation)","StSLib","The Cursed"],"gold_per_floor":[349,25,40,140,140,165,165,183,213,225,256,267,267,287,305,404,404,404,424,439,451,59,159,159,159,59,59,70,104,104,104,124,227,227,227,238,248,264,5,24,49,67,79,90,90,90,90,125,25,25],"floor_reached":51,"language":"ENG","playtime":2543,"items_purged":["bronze:Strike","bronze:Strike","bronze:Optimize"],"score":1016,"play_id":"f1e59c28-460c-4f5c-a076-26b0ef1df8f4","local_time":"20210120122527","is_ascension_mode":true,"campfire_choices":[{"data":"bronze:Replicate","floor":1,"key":"SMITH"},{"floor":13,"key":"REST"},{"floor":18,"key":"RECALL"},{"floor":26,"key":"REST"},{"data":"bronze:DecaBeam","floor":35,"key":"SMITH"},{"data":"bronze:FineTuning","floor":45,"key":"SMITH"},{"data":"bronze:HardenedForm","floor":49,"key":"SMITH"}],"circlet_count":0,"master_deck":["bronze:Defend+1","bronze:Defend+1","bronze:Defend+1","bronze:Defend+1","bronze:Replicate+1","bronze:Goto+1","bronze:Invalidate+1","bronze:OilSpill+1","bronze:CloningBeam","bronze:CutThrough","bronze:BitShift","bronze:Flail","bronze:ClassDefault","bronze:FollowUp","bronze:ForLoop","bronze:HardenedForm+1","bronze:Overload","bronze:Backtrace","bronze:FineTuning+1","bronze:OilSpill+1","bronze:DecaBeam+1","bronze:Frontload","bronze:BronzeOrb+1","bronze:Shell","bronze:Repair+1","bronze:DarkDash+1","bronze:ItsAFeature+1","bronze:FineTuning+1"],"relics":["bronze:BronzeCore","Sling","Art of War","infinitespire:CheckeredPen","Omamori","infinitespire:CursedDice","Empty Cage","DollysMirror","infinitespire:BottledMercury","downfall:HeartBlessingRed","Torii","CultistMask","Cursed Key","Meat on the Bone","HandDrill","Mercury Hourglass","downfall:HeartBlessingGreen"],"acts_visited":["Exordium","TheCity","TheBeyond"],"potions_floor_usage":[9,15,16,16,19,19,22,22,23,29,33,39,39,39,44,44,50,50,50],"damage_taken":[{"damage":5,"enemies":"downfall:FleeingMerchant","floor":2,"turns":4},{"damage":0,"enemies":"Small Slimes","floor":3,"turns":3},{"damage":13,"enemies":"Lagavulin","floor":6,"turns":4},{"damage":0,"enemies":"Cultist","floor":8,"turns":2},{"damage":6,"enemies":"Gremlin Nob","floor":9,"turns":3},{"damage":0,"enemies":"2 Louse","floor":10,"turns":2},{"damage":8,"enemies":"Lagavulin","floor":11,"turns":3},{"damage":5,"enemies":"Blue Slaver","floor":12,"turns":3},{"damage":0,"enemies":"Large Slime","floor":14,"turns":2},{"damage":0,"enemies":"3 Louse","floor":15,"turns":1},{"damage":21,"enemies":"IC_STATUS_ARCHETYPE","floor":16,"turns":5},{"damage":11,"enemies":"3 Byrds","floor":19,"turns":4},{"damage":19,"enemies":"Shell Parasite","floor":20,"turns":3},{"damage":15,"enemies":"Snecko","floor":21,"turns":4},{"damage":7,"enemies":"downfall:FleeingMerchant","floor":22,"turns":4},{"damage":0,"enemies":"downfall:FleeingMerchant","floor":23,"turns":1},{"damage":0,"enemies":"Centurion and Healer","floor":28,"turns":3},{"damage":0,"enemies":"Slavers","floor":29,"turns":1},{"damage":9,"enemies":"Snake Plant","floor":32,"turns":3},{"damage":37,"enemies":"SI_MIRROR_ARCHETYPE","floor":33,"turns":16},{"damage":6,"enemies":"3 Shapes","floor":36,"turns":2},{"damage":21,"enemies":"3 Darklings","floor":37,"turns":5},{"damage":21,"enemies":"Spire Growth","floor":38,"turns":4},{"damage":0,"enemies":"downfall:FleeingMerchant","floor":39,"turns":3},{"damage":40,"enemies":"Transient","floor":40,"turns":5},{"damage":28,"enemies":"Maw","floor":42,"turns":7},{"damage":12,"enemies":"Sphere and 2 Shapes","floor":43,"turns":9},{"damage":19,"enemies":"Spire Growth","floor":44,"turns":5},{"damage":20,"enemies":"Giant Head","floor":48,"turns":8},{"damage":15,"enemies":"WA_ARCHETYPE_DIVINITY","floor":50,"turns":9}],"seed_played":"3208528244967179567","potions_obtained":[{"floor":3,"key":"hexamod:SoulburnPotion"},{"floor":6,"key":"Explosive Potion"},{"floor":10,"key":"DuplicationPotion"},{"floor":14,"key":"FearPotion"},{"floor":15,"key":"bronze:BurnAndBuffPotion"},{"floor":16,"key":"EntropicBrew"},{"floor":19,"key":"FairyPotion"},{"floor":23,"key":"BlessingOfTheForge"},{"floor":30,"key":"CultistPotion"},{"floor":32,"key":"DuplicationPotion"},{"floor":33,"key":"GamblersBrew"},{"floor":37,"key":"Slimebound:ThreeZeroPotion"},{"floor":40,"key":"BlessingOfTheForge"},{"floor":42,"key":"Swift Potion"},{"floor":44,"key":"CultistPotion"},{"floor":48,"key":"SkillPotion"}],"is_trial":false,"path_per_floor":["R","$","M","?","?","E","T","M","E","M","E","M","R","M","M","B",null,"R","M","M","M","$","?","T","?","R","?","M","E","?","?","M","B",null,"R","M","M","M","$","M","T","M","M","M","R","?","?","E","R","B",null],"character_chosen":"THE_AUTOMATON","items_purchased":["bronze:OilSpill","Sling","bronze:Optimize","DollysMirror","DistilledChaos","Fire Potion","Meat on the Bone","HandDrill","Energy Potion"],"campfire_rested":2,"item_purchase_floors":[2,2,2,22,22,22,39,39,39],"current_hp_per_floor":[49,44,44,44,44,31,31,31,25,25,17,12,33,33,33,12,70,70,59,40,25,18,18,18,18,39,39,39,39,39,39,30,21,70,70,64,70,59,59,31,31,25,35,38,38,38,80,80,80,65],"gold":25,"neow_bonus":"TWO_FIFTY_GOLD","is_daily":false,"chose_seed":false,"campfire_upgraded":4,"win_rate":0.0,"timestamp":1611134727,"path_taken":["R","$","M","?","?","E","T","M","E","?","E","M","R","?","M","BOSS","R","M","M","M","$","?","T","?","R","?","M","E","?","?","M","BOSS","R","M","M","?","$","?","T","M","?","M","R","?","?","E","R","BOSS"],"items_purchased_type":["Card","Relic","Card","Relic","Potion","Potion","Relic","Relic","Potion"],"build_version":"2020-12-22","purchased_purges":3,"victory":true,"max_hp_per_floor":[70,70,70,70,70,70,70,70,70,70,70,70,70,70,70,70,70,70,70,70,70,70,70,70,70,70,70,70,70,70,70,70,70,70,70,70,70,70,70,70,70,70,70,70,70,70,80,80,80,80],"card_choices":[{"not_picked":["bronze:Deprecate","bronze:Overheat"],"picked":"bronze:Invalidate","floor":2},{"not_picked":["bronze:Backtrace","bronze:CutThrough"],"picked":"bronze:CloningBeam","floor":3},{"not_picked":["bronze:InfiniteBeams","bronze:Constructor"],"picked":"bronze:CutThrough","floor":6},{"not_picked":["bronze:ChosenStrike","bronze:BugBarrage"],"picked":"bronze:BitShift","floor":8},{"not_picked":["bronze:Iterate","bronze:FollowUp"],"picked":"bronze:Flail","floor":9},{"not_picked":["bronze:FineTuning","bronze:DelayedSlice"],"picked":"bronze:ClassDefault","floor":10},{"not_picked":["bronze:Optimize","bronze:Shell"],"picked":"bronze:FollowUp","floor":11},{"not_picked":["bronze:Branch","bronze:CutThrough"],"picked":"bronze:ForLoop","floor":12},{"not_picked":["bronze:OilSpill","bronze:Shell","bronze:Separator"],"picked":"SKIP","floor":14},{"not_picked":["bronze:BronzeArmor","bronze:Deprecate","bronze:RecursiveStrike"],"picked":"SKIP","floor":15},{"not_picked":["bronze:Break","bronze:ShipIt"],"picked":"bronze:HardenedForm","floor":16},{"not_picked":["bronze:Invalidate","bronze:BitShift"],"picked":"bronze:Overload","floor":19},{"not_picked":["bronze:Invalidate+1","bronze:Frontload"],"picked":"bronze:Backtrace","floor":20},{"not_picked":["bronze:DarkDash","bronze:Invalidate+1"],"picked":"bronze:FineTuning","floor":21},{"not_picked":["bronze:Shield","bronze:Backtrace+1","bronze:CutThrough"],"picked":"SKIP","floor":22},{"not_picked":[],"picked":"bronze:DecaBeam","floor":23},{"not_picked":["bronze:CutThrough+1","bronze:Separator"],"picked":"bronze:Frontload","floor":23},{"not_picked":["bronze:Constructor","bronze:BronzeArmor","bronze:BugBarrage"],"picked":"SKIP","floor":28},{"not_picked":["bronze:WhirlingStrike","bronze:OilSpill+1"],"picked":"bronze:BronzeOrb+1","floor":29},{"not_picked":["bronze:WhirlingStrike","bronze:Separator"],"picked":"bronze:Shell","floor":32},{"not_picked":["bronze:Break","bronze:BurnOut"],"picked":"bronze:Mutator","floor":33},{"not_picked":["bronze:Frontload+1","bronze:BugBarrage+1"],"picked":"bronze:Repair+1","floor":36},{"not_picked":["bronze:WhirlingStrike+1","bronze:Shell+1"],"picked":"bronze:DarkDash+1","floor":37},{"not_picked":["bronze:ChildClass","bronze:Overheat+1","bronze:Branch"],"picked":"SKIP","floor":38},{"not_picked":["bronze:Terminator","bronze:Branch+1"],"picked":"bronze:ItsAFeature+1","floor":39},{"not_picked":["bronze:ChildClass","bronze:DelayedGuard","bronze:Safeguard+1"],"picked":"SKIP","floor":40},{"not_picked":["bronze:Constructor","bronze:OilSpill+1","bronze:DelayedGuard+1"],"picked":"SKIP","floor":42},{"not_picked":["bronze:BronzeOrb","bronze:WhirlingStrike","bronze:Constructor"],"picked":"SKIP","floor":43},{"not_picked":["bronze:TinkerersToolbox","bronze:BronzeArmor"],"picked":"bronze:FineTuning+1","floor":44},{"not_picked":["bronze:BugBarrage+1","bronze:BuggyMess+1","bronze:Branch+1"],"picked":"SKIP","floor":48}],"player_experience":694985,"relics_obtained":[{"floor":6,"key":"Art of War"},{"floor":7,"key":"infinitespire:CheckeredPen"},{"floor":9,"key":"Omamori"},{"floor":11,"key":"infinitespire:CursedDice"},{"floor":24,"key":"infinitespire:BottledMercury"},{"floor":29,"key":"Torii"},{"floor":48,"key":"Mercury Hourglass"}],"event_choices":[{"damage_healed":0,"gold_gain":0,"player_choice":"Ignored","damage_taken":0,"max_hp_gain":0,"max_hp_loss":0,"event_name":"Ghosts","floor":25,"gold_loss":0},{"damage_healed":0,"gold_gain":0,"player_choice":"Trade","damage_taken":0,"relics_obtained":["CultistMask"],"max_hp_gain":0,"max_hp_loss":0,"event_name":"FaceTrader","floor":31,"gold_loss":0}],"is_beta":false,"boss_relics":[{"not_picked":["Snecko Eye","Sozu"],"picked":"Empty Cage"},{"not_picked":["Tiny House","Black Star"],"picked":"Cursed Key"}],"items_purged_floors":[2,22,39],"is_endless":false,"potions_floor_spawned":[3,6,10,14,15,16,19,23,32,33,37,40,42,44,48],"ascension_level":1}}