{"host":"5dk97cf2ubw2v967","time":1611134255,"event":{"mods":["AlwaysNeverKeys","BaseMod","Better Altar","Better Vampires","Block Reminder","Colored Powertips","Downfall","Googly Eyes","Highlight Path","Minty Spire (QoL Compilation)","Permanent Neow","Potion Indicator Mod","Quick Restart","Relic Filter","Relic Stats","Say the Spire","Spicy Shops","StSLib","Waifu the Spire","everything is the same but u backflip on backflip"],"gold_per_floor":[99,114,289,63,73,89,115,115,130,30,55,55,40,140,153,257,257,257,268,268,282,312,312,312,312],"floor_reached":23,"language":"ENG","playtime":1294,"items_purged":["Doubt","Guardian:Defend_Guardian"],"score":299,"play_id":"26f14a78-1e4e-4f06-95ca-d76ee709aae9","local_time":"20210120091735","is_ascension_mode":true,"campfire_choices":[{"data":"Guardian:GemFinder","floor":1.0,"key":"SMITH"},{"floor":8,"key":"RECALL"},{"floor":10,"key":"REST"},{"data":"Guardian:Repulse","floor":18,"key":"SMITH"}],"circlet_count":0,"master_deck":["Guardian:Strike_Guardian","Guardian:Strike_Guardian+1","Guardian:Strike_Guardian","Guardian:Defend_Guardian","Guardian:Defend_Guardian","Guardian:CurlUp+1","Guardian:TwinSlam","Guardian:GemFinder+1","Guardian:PrismaticBarrier+1","Guardian:FuturePlans","Guardian:StasisField","Guardian:AncientConstruct","Guardian:Gem_Green","Guardian:Gem_Cyan","Guardian:Repulse+1","Guardian:Gem_Cyan","Guardian:ShieldCharger","Guardian:Gem_Cyan","Guardian:Gem_Orange","Guardian:Gem_Cyan","Guardian:FloatingOrbs+1","downfall:Aged","Guardian:WalkerClaw"],"relics":["Guardian:ModeShifter","Oddly Smooth Stone","downfall:HeartBlessingRed","Anchor","Philosopher\u0027s Stone","Red Mask"],"acts_visited":["Exordium","TheCity"],"potions_floor_usage":[9,16,22],"damage_taken":[{"damage":5.0,"enemies":"Small Slimes","floor":2.0,"turns":3.0},{"damage":2.0,"enemies":"downfall:FleeingMerchant","floor":4.0,"turns":4.0},{"damage":7,"enemies":"Jaw Worm","floor":5,"turns":4},{"damage":13,"enemies":"2 Louse","floor":6,"turns":4},{"damage":6,"enemies":"Lots of Slimes","floor":9,"turns":4},{"damage":21,"enemies":"Gremlin Nob","floor":11,"turns":5},{"damage":0,"enemies":"downfall:FleeingMerchant","floor":13,"turns":4},{"damage":8,"enemies":"Large Slime","floor":15,"turns":7},{"damage":13,"enemies":"IC_STATUS_ARCHETYPE","floor":16,"turns":15},{"damage":9,"enemies":"Chosen","floor":19,"turns":12},{"damage":1,"enemies":"Spheric Guardian","floor":21,"turns":6},{"damage":20,"enemies":"Masked Bandits","floor":22,"turns":6},{"damage":31,"enemies":"Slavers","floor":23,"turns":3}],"seed_played":"4179410988438462801","potions_obtained":[{"floor":2.0,"key":"Block Potion"},{"floor":5,"key":"BlessingOfTheForge"},{"floor":15,"key":"GamblersBrew"}],"is_trial":false,"path_per_floor":["R","M","?","$","M","M","T","R","M","R","E","?","$","?","M","B",null,"R","M","?","M","?","E"],"character_chosen":"GUARDIAN","items_purchased":["Guardian:FuturePlans"],"campfire_rested":1,"item_purchase_floors":[4],"current_hp_per_floor":[72,67,67,65,58,45,45,45,39,60,39,39,39,39,31,18,59,59,50,50,49,29,0,0,0],"gold":312,"neow_bonus":"THREE_RARE_CARDS","is_daily":false,"chose_seed":false,"campfire_upgraded":2,"win_rate":0.0,"timestamp":1611134255,"path_taken":["R","M","?","$","M","M","T","R","M","R","E","?","$","?","M","BOSS","R","M","?","?","?","E"],"items_purchased_type":["Card"],"build_version":"2020-12-22","purchased_purges":2,"victory":false,"max_hp_per_floor":[72,72,72,72,72,72,72,72,72,72,72,72,72,72,72,72,72,72,72,72,72,72,72,72,72],"relic_stats":{"counters":[13,77],"obtain_stats":[{"Anchor":11,"downfall:HeartBlessingRed":10,"Guardian:ModeShifter":0,"Oddly Smooth Stone":7,"Philosopher\u0027s Stone":17,"Red Mask":22},{"Anchor":6,"downfall:HeartBlessingRed":5,"Guardian:ModeShifter":0,"Oddly Smooth Stone":4,"Philosopher\u0027s Stone":9,"Red Mask":12},{"Anchor":24,"downfall:HeartBlessingRed":19,"Guardian:ModeShifter":0,"Oddly Smooth Stone":15,"Philosopher\u0027s Stone":50,"Red Mask":74}]},"card_choices":[{"not_picked":["Guardian:ConstructionForm","Guardian:GatlingBeam"],"picked":"Guardian:GemFinder","floor":0.0},{"not_picked":["Guardian:Gem_Green","Guardian:Gem_Red"],"picked":"Guardian:Gem_Cyan","floor":2.0},{"not_picked":["Guardian:PiercingHide","Guardian:BronzeArmor"],"picked":"Guardian:Gem_Yellow","floor":2.0},{"not_picked":["Guardian:Planning","Guardian:BodySlam"],"picked":"Guardian:PrismaticBarrier","floor":4.0},{"not_picked":["Guardian:Gem_Lightblue","Guardian:Gem_Green"],"picked":"Guardian:Gem_Cyan","floor":5},{"not_picked":["Guardian:Gem_Cyan","Guardian:TemporalStrike"],"picked":"Guardian:Gem_Fragmented","floor":5},{"not_picked":["Guardian:Gem_Lightblue","Guardian:Gem_Green"],"picked":"Guardian:Gem_Cyan","floor":6},{"not_picked":["Guardian:Reroute","Guardian:PrimingBeam"],"picked":"Guardian:StasisField","floor":6},{"not_picked":["Guardian:Incinerate","Guardian:Gem_Lightblue"],"picked":"Guardian:AncientConstruct","floor":9},{"not_picked":["Guardian:Gem_Green","Guardian:Gem_Lightblue"],"picked":"Guardian:Gem_Red","floor":9},{"not_picked":["Guardian:Gem_Red","Guardian:Gem_Lightblue"],"picked":"Guardian:Gem_Green","floor":11},{"not_picked":["Guardian:FierceBash","Guardian:BodySlam"],"picked":"Guardian:Gem_Cyan","floor":11},{"not_picked":["Guardian:Gem_Green","Guardian:VentSteam"],"picked":"Guardian:Repulse","floor":13},{"not_picked":["Guardian:Gem_Red","Guardian:Gem_Green"],"picked":"Guardian:Gem_Cyan","floor":15},{"not_picked":["Guardian:Gem_Crimson","Guardian:PiercingHide"],"picked":"Guardian:ShieldCharger","floor":15},{"not_picked":["Guardian:Gem_Red","Guardian:Gem_Lightblue"],"picked":"Guardian:Gem_Cyan","floor":16},{"not_picked":["Guardian:GemFire","Guardian:HyperBeam_Guardian"],"picked":"Guardian:Gem_Orange","floor":16},{"not_picked":["Guardian:Gem_Green","Guardian:Gem_Lightblue"],"picked":"Guardian:Gem_Cyan","floor":19},{"not_picked":["Guardian:Reroute","Guardian:CrystalBeam"],"picked":"Guardian:FloatingOrbs+1","floor":19},{"not_picked":["Guardian:SpikerProtocol","Guardian:Harden"],"picked":"Guardian:WalkerClaw","floor":21}],"player_experience":1238493,"relics_obtained":[{"floor":7,"key":"Oddly Smooth Stone"},{"floor":11,"key":"Anchor"},{"floor":22,"key":"Red Mask"}],"event_choices":[{"damage_healed":0,"gold_gain":0,"player_choice":"Fought Bandits","damage_taken":0,"max_hp_gain":0,"max_hp_loss":0,"event_name":"Masked Bandits","floor":22,"gold_loss":0}],"is_beta":false,"boss_relics":[{"not_picked":["Astrolabe","SacredBark"],"picked":"Philosopher\u0027s Stone"}],"items_purged_floors":[4,4],"is_endless":false,"potions_floor_spawned":[2,5,15],"killed_by":"Slavers","ascension_level":9}}