{"host":"fc97bmrl7qvj4ruk","time":1611173982,"event":{"mods":["AchievementEnabler","Act Like it!","BaseMod","Colored Map","Gensokyo","GifTheSpireLib","Hermit","Minty Spire (QoL Compilation)","Replay The Spire","Robot Space Explorer","StSLib","The Hayseed"],"gold_per_floor":[114,132,82,82,132,163,3,3,55,82,99,174,206,225,225,329,329,339,339,339,257,8,8,19,19,19,19,46,46,46],"floor_reached":29,"language":"ZHS","playtime":1367,"items_purged":["Sickly","Writhe"],"score":259,"play_id":"ede0c158-d8c3-4140-a035-97e84fba7e2c","local_time":"20210120161942","is_ascension_mode":false,"campfire_choices":[{"floor":15,"key":"REST"},{"data":"TheSimpletonMod:VineRipen","floor":23,"key":"SMITH"},{"data":"RitualDagger","floor":25,"key":"SMITH"},{"data":"TheSimpletonMod:Haymaker","floor":27,"key":"SMITH"}],"circlet_count":0,"master_deck":["TheSimpletonMod:Strike_TheSimpleton","TheSimpletonMod:Strike_TheSimpleton+1","TheSimpletonMod:Strike_TheSimpleton","TheSimpletonMod:Strike_TheSimpleton+1","TheSimpletonMod:Defend_TheSimpleton","TheSimpletonMod:Defend_TheSimpleton","TheSimpletonMod:Defend_TheSimpleton","TheSimpletonMod:Haymaker+1","TheSimpletonMod:ReapAndSow","TheSimpletonMod:Swelter","TheSimpletonMod:Squash","Mayhem","Mayhem","TheSimpletonMod:VolatileFumes+1","TheSimpletonMod:BuzzBomb","TheSimpletonMod:CloseScrape","TheSimpletonMod:CropRotation","TheSimpletonMod:Nettles","TheSimpletonMod:Gnats","TheSimpletonMod:Ferment","TheSimpletonMod:Surplus","TheSimpletonMod:VineRipen+1","RitualDagger+1","TheSimpletonMod:SeedCoat+1","PanicButton","TheSimpletonMod:Rototilling+1","TheSimpletonMod:StockTheCellar"],"relics":["TheSimpletonMod:NightSoil","TheSimpletonMod:TheHarvester","Busted Crown","Peace Pipe","Ring of Fury","Ring of Greed","Membership Card","Blue Doll","Snack Pack","Anchor","Replay:Baseball","Art of War","WristBlade","Ice Cream","Vajra","The Courier"],"acts_visited":["Exordium","TheCity"],"potions_floor_usage":[14,29],"damage_taken":[{"damage":1.0,"enemies":"Jaw Worm","floor":1.0,"turns":3.0},{"damage":0.0,"enemies":"Small Slimes","floor":2.0,"turns":3.0},{"damage":19.0,"enemies":"Lagavulin","floor":6.0,"turns":6.0},{"damage":15.0,"enemies":"Gremlin Nob","floor":10.0,"turns":4.0},{"damage":0.0,"enemies":"2 Louse","floor":11.0,"turns":1.0},{"damage":14.0,"enemies":"3 Sentries","floor":13.0,"turns":5.0},{"damage":10,"enemies":"Large Slime","floor":14,"turns":4},{"damage":30,"enemies":"Hexaghost","floor":16,"turns":7},{"damage":12,"enemies":"2 Thieves","floor":18,"turns":4},{"damage":35,"enemies":"Chosen","floor":21,"turns":7},{"damage":13,"enemies":"3 Cultists","floor":24,"turns":5},{"damage":24,"enemies":"Slavers","floor":28,"turns":5},{"damage":11,"enemies":"Colosseum Slavers","floor":29,"turns":1}],"seed_played":"3747194368083856157","potions_obtained":[{"floor":2.0,"key":"FairyPotion"},{"floor":13.0,"key":"PowerPotion"},{"floor":16,"key":"Ancient Potion"},{"floor":28,"key":"Fire Potion"}],"is_trial":false,"path_per_floor":["M","M","?","?","?","E","$","?","T","E","M","?","E","M","R","B",null,"M","?","?","M","$","R","M","R","T","R","E","?"],"character_chosen":"THE_SIMPLETON","items_purchased":["Mayhem","TheSimpletonMod:VolatileFumes+1","Ice Cream","PanicButton"],"campfire_rested":1,"item_purchase_floors":[7,7,22,22],"current_hp_per_floor":[75,75,75,42,42,27,27,12,12,3,7,22,14,12,34,18,75,69,69,63,32,32,32,27,27,27,27,11,0,0],"gold":46,"neow_bonus":"BOSS_RELIC","is_daily":false,"chose_seed":false,"campfire_upgraded":3,"win_rate":0.0,"timestamp":1611173982,"path_taken":["M","M","?","?","?","E","$","?","T","E","M","?","E","M","R","BOSS","M","?","?","?","$","R","M","R","T","R","E","?"],"items_purchased_type":["Card","Card","Relic","Card"],"build_version":"2020-12-22","purchased_purges":2,"victory":false,"max_hp_per_floor":[75,75,75,75,75,75,75,75,75,75,75,75,75,75,75,75,75,75,75,75,75,75,75,75,75,75,75,75,75,75],"card_choices":[{"not_picked":[],"picked":"TheSimpletonMod:Swelter","floor":1.0},{"not_picked":[],"picked":"TheSimpletonMod:Squash","floor":2.0},{"not_picked":["TheSimpletonMod:Aerate"],"picked":"SKIP","floor":6.0},{"not_picked":[],"picked":"TheSimpletonMod:BuzzBomb","floor":10.0},{"not_picked":[],"picked":"TheSimpletonMod:CloseScrape","floor":11.0},{"not_picked":[],"picked":"TheSimpletonMod:CropRotation","floor":13.0},{"not_picked":[],"picked":"TheSimpletonMod:Ferment","floor":14},{"not_picked":[],"picked":"TheSimpletonMod:Surplus","floor":16},{"not_picked":[],"picked":"TheSimpletonMod:VineRipen","floor":18},{"not_picked":[],"picked":"TheSimpletonMod:SeedCoat+1","floor":21},{"not_picked":[],"picked":"TheSimpletonMod:Rototilling+1","floor":24},{"not_picked":[],"picked":"TheSimpletonMod:StockTheCellar","floor":28}],"player_experience":166327,"relics_obtained":[{"floor":5.0,"key":"Ring of Fury"},{"floor":5.0,"key":"Ring of Greed"},{"floor":5.0,"key":"Membership Card"},{"floor":5.0,"key":"Blue Doll"},{"floor":6.0,"key":"Snack Pack"},{"floor":9.0,"key":"Anchor"},{"floor":10.0,"key":"Replay:Baseball"},{"floor":13.0,"key":"Art of War"},{"floor":26,"key":"Vajra"},{"floor":28,"key":"The Courier"}],"event_choices":[{"cards_removed":["TheSimpletonMod:Defend_TheSimpleton"],"damage_healed":0.0,"max_hp_gain":0.0,"max_hp_loss":0.0,"gold_gain":0.0,"event_name":"The Cleric","player_choice":"Card Removal","floor":3.0,"gold_loss":50.0,"damage_taken":0.0},{"damage_healed":0.0,"max_hp_gain":0.0,"max_hp_loss":0.0,"gold_gain":0.0,"event_name":"Scrap Ooze","player_choice":"Success","floor":4.0,"gold_loss":0.0,"damage_taken":33.0,"relics_obtained":["Peace Pipe"]},{"damage_healed":0.0,"max_hp_gain":0.0,"max_hp_loss":0.0,"gold_gain":0.0,"event_name":"Shining Light","player_choice":"Entered Light","floor":8.0,"gold_loss":0.0,"damage_taken":15.0,"cards_upgraded":["TheSimpletonMod:Strike_TheSimpleton","TheSimpletonMod:Strike_TheSimpleton"]},{"damage_healed":0.0,"max_hp_gain":0.0,"max_hp_loss":0.0,"gold_gain":75.0,"event_name":"World of Goop","player_choice":"Gather Gold","floor":12.0,"gold_loss":0.0,"damage_taken":11.0},{"damage_healed":0,"gold_gain":0,"player_choice":"Ignored","damage_taken":0,"max_hp_gain":0,"max_hp_loss":0,"event_name":"Ghosts","floor":19,"gold_loss":0},{"damage_healed":0,"gold_gain":0,"player_choice":"Joined the Cult","damage_taken":6,"max_hp_gain":0,"max_hp_loss":0,"event_name":"Nest","floor":20,"gold_loss":0,"cards_obtained":["RitualDagger"]},{"damage_healed":0,"gold_gain":0,"player_choice":"Fight","damage_taken":0,"max_hp_gain":0,"max_hp_loss":0,"event_name":"Colosseum","floor":29,"gold_loss":0}],"is_beta":false,"boss_relics":[{"not_picked":["Philosopher\u0027s Stone","Replay:Bronze Core"],"picked":"WristBlade"}],"items_purged_floors":[7,22],"is_endless":false,"potions_floor_spawned":[2,13,16,28],"killed_by":"Colosseum Slavers","ascension_level":0}}