{"host":"9jj9tzo2iym4bpat","time":1611170172,"event":{"mods":["Act Like it!","BaseMod","CapriCore","Colored Map","Dark Map","Luminous","Minty Spire (QoL Compilation)","Permanent Neow","StSLib","Td1madao Mod","The Animator","The Immortal","The Marked","The Servant 0.9.4","Yakumo Yukari mod"],"gold_per_floor":[117,117,117,117,135,135,165,165,165,165,196,196,216,239,239,362,362,381,381,53,67,67,67,166,189,189,189,202,217,230,230,230,230,230],"floor_reached":33,"language":"ENG","playtime":991,"items_purged":["Injury"],"score":294,"play_id":"a7d9d3ac-6c1f-4f35-8bcc-663148b834b3","local_time":"20210120131612","is_ascension_mode":true,"campfire_choices":[{"data":"Shrug It Off","floor":6,"key":"SMITH"},{"data":"Bash","floor":8,"key":"SMITH"},{"floor":12,"key":"REST"},{"floor":15,"key":"REST"},{"data":"Entrench","floor":23,"key":"SMITH"},{"floor":27,"key":"REST"},{"floor":32,"key":"REST"}],"circlet_count":0,"master_deck":["Bash+1","Flex+1","Hemokinesis","Shrug It Off+1","Sever Soul","Pommel Strike","Cleave","Reaper","Bludgeon","Fiend Fire","Dropkick","Immolate","Perfected Strike","Corruption","Armaments","Flame Barrier","Cleave","Flex+1","Entrench+1","Anger"],"relics":["Burning Blood","Pen Nib","Golden Idol","Meat on the Bone","Unceasing Top","White Beast Statue","Pandora\u0027s Box","Shuriken","HornCleat","Strawberry"],"acts_visited":["Exordium","TheCity"],"potions_floor_usage":[16,16,25,33],"damage_taken":[{"damage":8,"enemies":"Jaw Worm","floor":1,"turns":5},{"damage":2,"enemies":"2 Louse","floor":5,"turns":1},{"damage":23,"enemies":"3 Sentries","floor":11,"turns":8},{"damage":6,"enemies":"Small Slimes","floor":13,"turns":2},{"damage":42,"enemies":"Exordium Thugs","floor":14,"turns":6},{"damage":59,"enemies":"Hexaghost","floor":16,"turns":11},{"damage":2,"enemies":"Spheric Guardian","floor":18,"turns":1},{"damage":13,"enemies":"3 Byrds","floor":21,"turns":2},{"damage":60,"enemies":"Shelled Parasite and Fungi","floor":25,"turns":6},{"damage":0,"enemies":"Snecko","floor":28,"turns":3},{"damage":10,"enemies":"Snake Plant","floor":29,"turns":4},{"damage":26,"enemies":"Cultist and Chosen","floor":30,"turns":5},{"damage":87,"enemies":"Collector","floor":33,"turns":10}],"seed_played":"5305912043253831482","potions_obtained":[{"floor":13,"key":"Regen Potion"},{"floor":14,"key":"DistilledChaos"},{"floor":16,"key":"SkillPotion"},{"floor":18,"key":"SteroidPotion"},{"floor":21,"key":"SpeedPotion"},{"floor":25,"key":"Dexterity Potion"},{"floor":30,"key":"Energy Potion"}],"is_trial":false,"path_per_floor":["M","?","?","?","M","R","?","R","T","?","E","R","M","M","R","B",null,"M","?","$","M","?","R","?","M","T","R","M","M","M","?","R","B"],"character_chosen":"IRONCLAD","items_purchased":["Shuriken"],"campfire_rested":4,"item_purchase_floors":[20],"current_hp_per_floor":[78,78,78,78,80,80,80,80,80,64,47,71,71,47,71,35,80,80,80,80,73,73,73,73,35,35,59,65,73,53,60,86,0,0],"gold":230,"neow_bonus":"RANDOM_COMMON_RELIC","is_daily":false,"chose_seed":false,"campfire_upgraded":3,"win_rate":0.0,"timestamp":1611170172,"path_taken":["M","?","?","?","?","R","?","R","T","?","E","R","M","M","R","BOSS","M","?","$","M","?","R","?","M","T","R","M","M","M","?","R","BOSS"],"items_purchased_type":["Relic"],"build_version":"2020-12-22","purchased_purges":1,"victory":false,"max_hp_per_floor":[80,80,80,80,80,80,80,80,80,80,80,80,80,80,80,80,80,80,80,80,80,80,80,80,80,80,80,80,80,80,87,87,87,87],"card_choices":[{"not_picked":["Warcry","Clothesline"],"picked":"Flex","floor":1},{"not_picked":["Ghostly Armor","Havoc"],"picked":"Shrug It Off","floor":5},{"not_picked":["Hemokinesis","Warcry"],"picked":"Sever Soul","floor":11},{"not_picked":["Combust","Second Wind"],"picked":"Pommel Strike","floor":13},{"not_picked":["Shrug It Off","Burning Pact"],"picked":"Cleave","floor":14},{"not_picked":["Impervious","Offering"],"picked":"Reaper","floor":16},{"not_picked":["True Grit","Iron Wave"],"picked":"Cleave","floor":18},{"not_picked":["Ghostly Armor","Clash"],"picked":"Flex+1","floor":21},{"not_picked":["Evolve","Dual Wield+1","Sword Boomerang"],"picked":"SKIP","floor":25},{"not_picked":["Dual Wield","Fire Breathing","Clash"],"picked":"SKIP","floor":28},{"not_picked":["Cleave","Iron Wave+1","Headbutt+1"],"picked":"SKIP","floor":29},{"not_picked":["Thunderclap","Cleave+1"],"picked":"Anger","floor":30}],"player_experience":294062,"relics_obtained":[{"floor":9,"key":"Unceasing Top"},{"floor":11,"key":"White Beast Statue"},{"floor":26,"key":"HornCleat"}],"event_choices":[{"damage_healed":0,"gold_gain":0,"player_choice":"Leave","damage_taken":0,"max_hp_gain":0,"max_hp_loss":0,"event_name":"The Cleric","floor":2,"gold_loss":0},{"damage_healed":0,"gold_gain":0,"player_choice":"Take Wound","damage_taken":0,"relics_obtained":["Golden Idol"],"max_hp_gain":0,"max_hp_loss":0,"event_name":"Golden Idol","floor":3,"gold_loss":0,"cards_obtained":["Injury"]},{"damage_healed":0,"gold_gain":0,"cards_transformed":["Strike_R"],"player_choice":"Transformed","damage_taken":0,"max_hp_gain":0,"max_hp_loss":0,"event_name":"Transmorgrifier","floor":4,"gold_loss":0,"cards_obtained":["Hemokinesis"]},{"damage_healed":0,"gold_gain":30,"player_choice":"Searched \u00273\u0027 times","damage_taken":0,"relics_obtained":["Meat on the Bone"],"max_hp_gain":0,"max_hp_loss":0,"event_name":"Dead Adventurer","floor":7,"gold_loss":0},{"damage_healed":0,"gold_gain":0,"player_choice":"Entered Light","damage_taken":16,"max_hp_gain":0,"max_hp_loss":0,"event_name":"Shining Light","floor":10,"gold_loss":0,"cards_upgraded":["Defend_R","Flex"]},{"damage_healed":0,"gold_gain":0,"player_choice":"Ignored","damage_taken":0,"max_hp_gain":0,"max_hp_loss":0,"event_name":"Vampires","floor":19,"gold_loss":0},{"damage_healed":0,"gold_gain":0,"player_choice":"Read","damage_taken":0,"max_hp_gain":0,"max_hp_loss":0,"event_name":"The Library","floor":22,"gold_loss":0,"cards_obtained":["Entrench"]},{"damage_healed":0,"gold_gain":99,"player_choice":"Stole From Cult","damage_taken":0,"max_hp_gain":0,"max_hp_loss":0,"event_name":"Nest","floor":24,"gold_loss":0},{"damage_healed":0,"gold_gain":0,"player_choice":"Gave Potion","damage_taken":0,"relics_obtained":["Strawberry"],"max_hp_gain":0,"max_hp_loss":0,"event_name":"WeMeetAgain","floor":31,"gold_loss":0}],"is_beta":false,"boss_relics":[{"not_picked":["Ectoplasm","Velvet Choker"],"picked":"Pandora\u0027s Box"}],"items_purged_floors":[20],"is_endless":false,"potions_floor_spawned":[13,14,16,18,21,25,28,29,30],"killed_by":"Collector","ascension_level":4}}