{"host":"cdel65b26c76bdk4","time":1611171841,"event":{"mods":["BaseMod","Bestiary","Colored Map","Colored Powertips","Highlight Path","Minty Spire (QoL Compilation)","Quick Restart","Random Character Button","Relic Stats"],"gold_per_floor":[117,117,133,133,133,160,192,222,261,36,36,51,85,105,105,180,180,196,196,6,21,0,0,20,20,43,43,43,43,43,43],"floor_reached":30,"language":"ENG","playtime":1052,"items_purged":["Strike_G","Defend_G"],"score":473,"play_id":"53c50a6e-df93-4ff6-a65e-7d19c67715b5","local_time":"20210120134401","is_ascension_mode":true,"campfire_choices":[{"data":"Neutralize","floor":11,"key":"SMITH"},{"data":"Pommel Strike","floor":15,"key":"SMITH"},{"floor":23,"key":"REST"},{"data":"Reprogram","floor":25,"key":"SMITH"},{"data":"Footwork","floor":27,"key":"SMITH"}],"circlet_count":0,"master_deck":["AscendersBane","Strike_G","Strike_G","Strike_G","Strike_G","Defend_G","Defend_G","Defend_G","Defend_G","Survivor","Neutralize+1","Riddle With Holes+1","Dagger Spray","Dash","Cloak And Dagger","Warcry","Pommel Strike+1","Dramatic Entrance","Backflip","Footwork+1","Reprogram+1","Cloak And Dagger"],"relics":["Ring of the Snake","NeowsBlessing","Tough Bandages","MawBank","Happy Flower","PrismaticShard","Omamori","Calling Bell","Regal Pillow","Kunai","FossilizedHelix","Nilry\u0027s Codex","Strawberry","Anchor"],"acts_visited":["Exordium","TheCity"],"potions_floor_usage":[13,16,16],"damage_taken":[{"damage":0,"enemies":"2 Louse","floor":1,"turns":1},{"damage":0,"enemies":"Jaw Worm","floor":3,"turns":1},{"damage":0,"enemies":"Lagavulin","floor":6,"turns":1},{"damage":1,"enemies":"Small Slimes","floor":7,"turns":5},{"damage":5,"enemies":"Looter","floor":8,"turns":4},{"damage":5,"enemies":"Exordium Thugs","floor":12,"turns":5},{"damage":12,"enemies":"Gremlin Nob","floor":13,"turns":4},{"damage":8,"enemies":"Exordium Wildlife","floor":14,"turns":4},{"damage":38,"enemies":"The Guardian","floor":16,"turns":16},{"damage":0,"enemies":"Chosen","floor":18,"turns":6},{"damage":10,"enemies":"2 Thieves","floor":21,"turns":4},{"damage":25,"enemies":"Snecko","floor":24,"turns":7},{"damage":56,"enemies":"Gremlin Leader","floor":30,"turns":7}],"seed_played":"8611132429087376525","potions_obtained":[{"floor":3,"key":"AttackPotion"},{"floor":6,"key":"Block Potion"},{"floor":14,"key":"Regen Potion"}],"is_trial":false,"path_per_floor":["M","?","M","?","T","E","M","M","T","$","R","M","E","M","R","B",null,"M","?","$","M","?","R","M","R","T","R","$","?","E"],"character_chosen":"THE_SILENT","items_purchased":["PrismaticShard","Backflip","Footwork"],"campfire_rested":1,"item_purchase_floors":[10,20,20],"current_hp_per_floor":[59,59,59,64,64,64,63,58,58,58,58,53,41,33,33,10,56,56,35,35,25,25,61,36,36,43,43,43,43,0,0],"gold":43,"neow_bonus":"THREE_ENEMY_KILL","is_daily":false,"chose_seed":false,"campfire_upgraded":4,"win_rate":0.0,"timestamp":1611171841,"path_taken":["M","?","M","?","?","E","M","?","T","$","R","M","E","M","R","BOSS","M","?","$","M","?","R","M","R","T","R","$","?","E"],"items_purchased_type":["Relic","Card","Card"],"build_version":"2020-12-22","purchased_purges":2,"victory":false,"max_hp_per_floor":[66,66,66,71,71,71,71,71,71,71,71,71,71,71,71,71,71,71,71,71,71,71,71,71,71,78,78,78,78,78,78],"relic_stats":{"Tough Bandages":[42],"Regal Pillow":15,"Happy Flower":[17],"counters":[13,65],"Kunai":[8],"MawBank":48,"obtain_stats":[{"Regal Pillow":17,"NeowsBlessing":0,"Happy Flower":9,"Nilry\u0027s Codex":19,"Omamori":13,"MawBank":6,"PrismaticShard":10,"Calling Bell":17,"Tough Bandages":5,"Anchor":29,"Strawberry":26,"Kunai":17,"FossilizedHelix":17,"Ring of the Snake":0},{"Regal Pillow":9,"NeowsBlessing":0,"Happy Flower":5,"Nilry\u0027s Codex":10,"Omamori":7,"MawBank":3,"PrismaticShard":5,"Calling Bell":9,"Tough Bandages":2,"Anchor":12,"Strawberry":12,"Kunai":9,"FossilizedHelix":9,"Ring of the Snake":0},{"Regal Pillow":41,"NeowsBlessing":0,"Happy Flower":12,"Nilry\u0027s Codex":47,"Omamori":21,"MawBank":3,"PrismaticShard":12,"Calling Bell":41,"Tough Bandages":2,"Anchor":58,"Strawberry":58,"Kunai":41,"FossilizedHelix":41,"Ring of the Snake":0}],"Ring of the Snake":[26]},"card_choices":[{"not_picked":["Bane","Slice"],"picked":"Riddle With Holes","floor":1},{"not_picked":["Masterful Stab","Riddle With Holes"],"picked":"Dagger Spray","floor":3},{"not_picked":["Slice","Deadly Poison"],"picked":"Backflip","floor":6},{"not_picked":["Bane","Poisoned Stab"],"picked":"Dash","floor":7},{"not_picked":["Leg Sweep","Outmaneuver"],"picked":"Cloak And Dagger","floor":8},{"not_picked":["Hologram","Force Field","Darkness"],"picked":"SKIP","floor":12},{"not_picked":["Defragment","Stack"],"picked":"Warcry","floor":13},{"not_picked":["EmptyBody","Discovery"],"picked":"Pommel Strike","floor":14},{"not_picked":["Clothesline+1","EmptyFist"],"picked":"Dramatic Entrance","floor":18},{"not_picked":["Burning Pact","FTL"],"picked":"Reprogram","floor":21},{"not_picked":["Clothesline","Fire Breathing"],"picked":"Cloak And Dagger","floor":24}],"player_experience":509265,"relics_obtained":[{"floor":5,"key":"Tough Bandages"},{"floor":6,"key":"MawBank"},{"floor":9,"key":"Happy Flower"},{"floor":13,"key":"Omamori"},{"floor":17,"key":"Regal Pillow"},{"floor":17,"key":"Kunai"},{"floor":17,"key":"FossilizedHelix"},{"floor":19,"key":"Nilry\u0027s Codex"},{"floor":26,"key":"Strawberry"}],"event_choices":[{"damage_healed":0,"gold_gain":0,"player_choice":"Grow","damage_taken":0,"max_hp_gain":0,"max_hp_loss":0,"event_name":"Living Wall","floor":2,"gold_loss":0,"cards_upgraded":["Riddle With Holes"]},{"damage_healed":0,"gold_gain":0,"player_choice":"Donut","damage_taken":0,"max_hp_gain":5,"max_hp_loss":0,"event_name":"Big Fish","floor":4,"gold_loss":0},{"damage_healed":0,"gold_gain":0,"player_choice":"Obtained Book","damage_taken":21,"max_hp_gain":0,"max_hp_loss":0,"event_name":"Cursed Tome","floor":19,"gold_loss":0},{"damage_healed":0,"gold_gain":0,"player_choice":"Paid Fearfully","damage_taken":0,"max_hp_gain":0,"max_hp_loss":0,"event_name":"Masked Bandits","floor":22,"gold_loss":21},{"cards_removed":["Backflip"],"damage_healed":0,"gold_gain":0,"player_choice":"Gave Card","damage_taken":0,"relics_obtained":["Anchor"],"max_hp_gain":0,"max_hp_loss":0,"event_name":"WeMeetAgain","floor":29,"gold_loss":0}],"is_beta":false,"boss_relics":[{"not_picked":["Sozu","HoveringKite"],"picked":"Calling Bell"}],"items_purged_floors":[10,20],"is_endless":false,"potions_floor_spawned":[3,6,8,14],"killed_by":"Gremlin Leader","ascension_level":16}}