{"host":"17xjy7b7ubl548g2","time":1611113487,"event":{"mods":["2.2 Compatiblity","Act Like it!","Aspiration","Astrologer","Bard","BaseMod","Bestiary","Challenge The Spire","ChefMod","Colored Map","Colored Powertips","Conspire","Elementarium","Energized Spire","Gensokyo","GifTheSpireLib","Halation","Hallownest","Hubris","Infinite Spire","Jedi Mod","Jorbs\u0027s Wanderer Trilogy","Marisa（霧雨　魔理沙）","Marked Mod","Menagerie","Minty Spire (QoL Compilation)","Pale of the Ancients","Permanent Neow","Puzzle Mod","Replay The Spire","Robot Space Explorer","Spicy Shops","StSLib","Stuff the Spire","The Blue Laboratory","The Bug Knight","The Construct","The Disciple","The Factory","The Hayseed","The Hierophant","The Marked","The Runesmith","The Sage","TheFirefly"],"gold_per_floor":[118,118,218,237,237,237,37,37,62,62,62,95,20,20,157,157,157,157,157,157,157,157,157,157,157,157,157,157],"floor_reached":27,"language":"ENG","playtime":2116,"items_purged":["Strike_G","Strike_G"],"score":408,"play_id":"159b32fe-6f64-4109-9828-7427933441fa","local_time":"20210119223127","is_ascension_mode":true,"campfire_choices":[{"data":"Gensokyo:LochNessMonster","floor":8,"key":"SMITH"},{"data":"All Out Attack","floor":10,"key":"SMITH"},{"data":"Glass Knife","floor":17,"key":"SMITH"},{"data":"StuffTheSpire:Innocence","floor":25,"key":"SMITH"}],"circlet_count":0,"master_deck":["AscendersBane","Strike_G+1","Strike_G+1","Defend_G","Defend_G","Defend_G","Defend_G","Defend_G+1","Survivor+1","Neutralize+1","All Out Attack+1","Gensokyo:LochNessMonster+1","StuffTheSpire:Incantation","ReplayTheSpireMod:Speed Training","Glass Knife+1","StuffTheSpire:Innocence+1","Replay:Bag of Tricks","StuffTheSpire:Injection+1","Cloak And Dagger","Dodge and Roll","Hidden Blade+1"],"relics":["Ring of the Snake","Whetstone","Snack Pack","jedi:ominousloannote","aspiration:RitualDagger","Oddly Smooth Stone"],"acts_visited":["Exordium","Gensokyo:Gensokyo"],"potions_floor_usage":[9,27,27],"damage_taken":[{"damage":3,"enemies":"Gensokyo:Gryphon","floor":1,"turns":5},{"damage":3,"enemies":"Gensokyo:2_Kodama","floor":4,"turns":4},{"damage":10,"enemies":"Gensokyo:Cirno","floor":9,"turns":5},{"damage":6,"enemies":"Gensokyo:Aya","floor":12,"turns":4},{"damage":17,"enemies":"Gensokyo:Reimu","floor":18,"turns":9},{"damage":24,"enemies":"Gensokyo:3_Dogs","floor":20,"turns":6},{"damage":27,"enemies":"Gensokyo:CosmicMonolith","floor":22,"turns":3},{"damage":46,"enemies":"Gensokyo:Slime_Group","floor":23,"turns":4},{"damage":34,"enemies":"Gensokyo:Monolith_and_Dog","floor":24,"turns":5},{"damage":10,"enemies":"Gensokyo:Chomper_and_Gloop","floor":26,"turns":4},{"damage":45,"enemies":"Gensokyo:Tenshi","floor":27,"turns":2}],"seed_played":"5874504286519277501","potions_obtained":[{"floor":4,"key":"Explosive Potion"},{"floor":9,"key":"blueLaboratory:NullPotion"},{"floor":12,"key":"jedi:tentaclejuice"},{"floor":20,"key":"SteroidPotion"},{"floor":23,"key":"blueLaboratory:BottleOfRum"},{"floor":26,"key":"jedi:StrikingPotion"}],"is_trial":false,"path_per_floor":["M","?","?","M","PTL","PTL","COS","R","E","R","T","E","$","T","$","?","R","B",null,"M","?","M","M","M","R","M","E"],"character_chosen":"THE_SILENT","items_purchased":["jedi:ominousloannote","Glass Knife"],"campfire_rested":0,"item_purchase_floors":[15,15],"current_hp_per_floor":[56,56,56,53,53,53,53,53,43,43,43,37,37,37,37,37,37,24,56,34,14,66,37,16,16,25,0,0],"gold":157,"neow_bonus":"REMOVE_CARD","is_daily":false,"chose_seed":false,"campfire_upgraded":4,"win_rate":0.0,"timestamp":1611113487,"path_taken":["M","?","?","?","PTL","PTL","COS","R","E","R","T","E","$","?","?","?","R","BOSS","M","?","?","?","M","R","M","E"],"items_purchased_type":["Relic","Card"],"build_version":"2020-12-22","purchased_purges":2,"victory":false,"max_hp_per_floor":[66,66,66,66,66,66,66,66,66,66,66,66,66,66,66,66,66,66,66,66,66,66,66,66,66,66,66,66],"card_choices":[{"not_picked":["Acrobatics","StuffTheSpire:Sprint"],"picked":"All Out Attack","floor":1},{"not_picked":["Expertise","StuffTheSpire:BumpUp","ReplayTheSpireMod:Exploit Weakness"],"picked":"SKIP","floor":4},{"not_picked":["StuffTheSpire:FinalStruggle","StuffTheSpire:BumpUp"],"picked":"StuffTheSpire:Incantation","floor":9},{"not_picked":["Cloak And Dagger","StuffTheSpire:BumpUp"],"picked":"ReplayTheSpireMod:Speed Training","floor":12},{"not_picked":["StuffTheSpire:BrainWave","StuffTheSpire:Perfection"],"picked":"StuffTheSpire:Innocence","floor":16},{"not_picked":["Tools of the Trade","jedi:studyshivs"],"picked":"Replay:Bag of Tricks","floor":18},{"not_picked":["Reflex","PiercingWail"],"picked":"StuffTheSpire:Injection+1","floor":20},{"not_picked":["hubris:SlightOfHand","StuffTheSpire:ClusterCrunch","jedi:poisonivy"],"picked":"SKIP","floor":22},{"not_picked":["Prepared","Sucker Punch"],"picked":"Cloak And Dagger","floor":23},{"not_picked":["Glass Knife","Bane"],"picked":"Dodge and Roll","floor":24},{"not_picked":["StuffTheSpire:ClusterCrunch","StuffTheSpire:Injection"],"picked":"Hidden Blade+1","floor":26}],"player_experience":1848594,"relics_obtained":[{"floor":9,"key":"Whetstone"},{"floor":12,"key":"War Paint"},{"floor":14,"key":"Snack Pack"}],"event_choices":[],"is_beta":false,"boss_relics":[{"not_picked":["conspire:RunicOctahedron","halation:SmartPhone"],"picked":"aspiration:RitualDagger"}],"items_purged_floors":[13,15],"is_endless":false,"potions_floor_spawned":[4,9,12,20,23,26],"killed_by":"Gensokyo:Tenshi","ascension_level":19}}