{"host":"iphsb0ccnjx0pfn6","time":1611106675,"event":{"mods":["2.2 Compatiblity","AchievementEnabler","BaseMod","Colored Map","DeckTracker","Keyboard Shortcuts","Minty Spire (QoL Compilation)","Permanent Neow","Quick Restart","Relic Stats","StSLib","SuperFastMode","Uncapped","everything is the same but u backflip on backflip"],"gold_per_floor":[368,368,58,58,72,72,83,83,83,107,139,139,39,71,71,71,71],"floor_reached":16,"language":"KOR","playtime":242,"items_purged":["Clumsy","Strike_G"],"score":212,"play_id":"0911d682-c1ff-41a7-bc06-048e3cb73bba","local_time":"20210120103755","is_ascension_mode":true,"campfire_choices":[{"data":"Crippling Poison","floor":6,"key":"SMITH"},{"data":"Crippling Poison","floor":8,"key":"SMITH"},{"data":"Terror","floor":12,"key":"SMITH"},{"data":"Dagger Spray","floor":15,"key":"SMITH"}],"circlet_count":0,"master_deck":["AscendersBane","Strike_G","Strike_G+1","Strike_G","Defend_G+1","Defend_G","Defend_G","Defend_G","Defend_G","Survivor","Neutralize","Dagger Spray+1","Crippling Poison+1","Reflex","Crippling Poison+1","Terror+1","Adrenaline"],"relics":["Ring of the Snake","Pen Nib","Question Card","Omamori","MealTicket","Bag of Marbles"],"acts_visited":["Exordium"],"potions_floor_usage":[11,16],"damage_taken":[{"damage":0,"enemies":"2 Louse","floor":1,"turns":4},{"damage":0,"enemies":"Cultist","floor":5,"turns":4},{"damage":4,"enemies":"Jaw Worm","floor":7,"turns":4},{"damage":19,"enemies":"Gremlin Nob","floor":11,"turns":4},{"damage":14,"enemies":"Lagavulin","floor":14,"turns":7},{"damage":31,"enemies":"Slime Boss","floor":16,"turns":5}],"seed_played":"-7221472014504636115","potions_obtained":[{"floor":1,"key":"BlessingOfTheForge"},{"floor":11,"key":"Ancient Potion"}],"is_trial":false,"path_per_floor":["M","?","$","?","M","R","M","R","T","T","E","R","$","E","R","B"],"character_chosen":"THE_SILENT","items_purchased":["Pen Nib","Crippling Poison"],"campfire_rested":0,"item_purchase_floors":[3,3],"current_hp_per_floor":[59,39,39,39,39,39,35,35,35,35,16,16,31,17,17,0,0],"gold":71,"neow_bonus":"TWO_FIFTY_GOLD","is_daily":false,"chose_seed":false,"campfire_upgraded":4,"win_rate":0.0,"timestamp":1611106675,"path_taken":["M","?","$","?","?","R","M","R","T","?","E","R","$","E","R","BOSS"],"items_purchased_type":["Relic","Card"],"build_version":"2020-12-22","purchased_purges":2,"victory":false,"max_hp_per_floor":[66,66,66,66,66,66,66,66,66,66,66,66,66,66,66,66,66],"relic_stats":{"counters":[6,28],"MealTicket":15,"Pen Nib":[3],"Question Card":2,"obtain_stats":[{"MealTicket":11,"Pen Nib":3,"Omamori":10,"Bag of Marbles":14,"Question Card":9,"Ring of the Snake":0},{"MealTicket":4,"Pen Nib":1,"Omamori":3,"Bag of Marbles":5,"Question Card":3,"Ring of the Snake":0},{"MealTicket":16,"Pen Nib":4,"Omamori":12,"Bag of Marbles":23,"Question Card":12,"Ring of the Snake":0}],"Ring of the Snake":[12]},"card_choices":[{"not_picked":["Backstab","Accuracy"],"picked":"Dagger Spray","floor":1},{"not_picked":["Sucker Punch","Distraction"],"picked":"Reflex","floor":5},{"not_picked":["Deflect","Footwork"],"picked":"Crippling Poison","floor":7},{"not_picked":["Flechettes","Sucker Punch","Backstab"],"picked":"Terror","floor":11},{"not_picked":["Masterful Stab","Dodge and Roll","Slice"],"picked":"Adrenaline","floor":14}],"player_experience":1265772,"relics_obtained":[{"floor":9,"key":"Question Card"},{"floor":10,"key":"Omamori"},{"floor":11,"key":"MealTicket"},{"floor":14,"key":"Bag of Marbles"}],"event_choices":[{"damage_healed":0,"gold_gain":0,"player_choice":"Entered Light","damage_taken":20,"max_hp_gain":0,"max_hp_loss":0,"event_name":"Shining Light","floor":2,"gold_loss":0,"cards_upgraded":["Defend_G","Strike_G"]},{"cards_removed":["Strike_G"],"damage_healed":0,"gold_gain":0,"player_choice":"Purged","damage_taken":0,"max_hp_gain":0,"max_hp_loss":0,"event_name":"Purifier","floor":4,"gold_loss":0}],"is_beta":false,"boss_relics":[],"items_purged_floors":[3,13],"is_endless":false,"potions_floor_spawned":[1,11],"killed_by":"Slime Boss","ascension_level":20}}