{"host":"j05tanvorlbs2t7f","time":1611144789,"event":{"mods":["2.2 Compatiblity","AchievementEnabler","BaseMod","BetterRewards","Card Forge","Colored Powertips","Conspire","Minty Spire (QoL Compilation)","Permanent Neow","Replay The Spire","Shade Mod","StSLib","The Bug Knight","The Construct","The Cursed","The Forsaken","The Hierophant","The Sage","TheHeartMod"],"gold_per_floor":[119,136,136,136,150,178,178,213,213,231,231,231,249,268,418,496,496,513,513,513,513,523,555,555,567,567,601,51,101,126,145,145,220,320,331,331,346,376,431,431,466,416,416,434,484,495,518,538,538,538,538,538,538,501,531,531,531],"floor_reached":56,"language":"POL","playtime":3310,"items_purged":[],"score":2565,"play_id":"74d0b5fa-c239-465e-8541-7972743636ad","local_time":"20210120131309","is_ascension_mode":true,"campfire_choices":[{"floor":7.0,"key":"REST"},{"floor":24.0,"key":"REST"},{"floor":32.0,"key":"RECALL"},{"floor":40,"key":"REST"},{"floor":49,"key":"REST"},{"floor":53,"key":"REST"}],"circlet_count":0,"master_deck":["AscendersBane","Strike_B+1","Strike_B+1","Strike_B+1","Strike_B+1","Defend_B+1","Defend_B+1","Defend_B+1","Zap+1","Dualcast+1","Rebound+1","Cold Snap+1","Redo+1","Static Discharge","Go for the Eyes","Beam Cell","Leap+1","Electrodynamics+2","Conserve Battery+1","Hologram+1","conspire:SharedLibrary+1","Ball Lightning","Doubt","Mirror Shield+1","Hologram+1","theForsaken:PlagueCurse","Melter","Double Energy+1","Coolheaded+1","Ball Lightning","Coolheaded+1","Cold Snap+2","Loop+2","Double Energy+1","ReplayTheSpireMod:Dual Polarity+1","Ball Lightning+1","Electrodynamics","Redo+1","Machine Learning+1","Go for the Eyes+1","Turbo+1","CommonCold","Storm+1","Loop","ReplayTheSpireMod:Calculation Training+1","Leap+1","Leap+1","Coolheaded+1","BootSequence+1","Hologram+1","Storm+1","Thunder Strike+1","Ball Lightning+1","ReplayRNGCard+1"],"relics":["Cracked Core","Hammer of Thor","Seething Fire","Anvil of the Gods","Lee\u0027s Waffle","Toxic Egg 2","Gremlin Food","Darkstone Periapt","Toy Ornithopter","HollowMod:LifeEnderRelic","Cables","FaceOfCleric","Prayer Wheel","SlaversCollar","theForsaken:PlagueMask","Calipers","Replay:Ringing Soul","Replay:Rubber Ducky","Sling","War Paint","ReplayTheSpireMod:Ninjato","Replay:Wanted Poster","conspire:DecoderRing","conspire:InfiniteJournal","Incense Burner","Potion Belt","theForsaken:Lifeblossom"],"acts_visited":["Exordium","TheCity","TheBeyond","TheEnding"],"potions_floor_usage":[39,50,56],"damage_taken":[{"damage":7.0,"enemies":"2 Louse","floor":1.0,"turns":3.0},{"damage":0.0,"enemies":"conspire:RoseBush","floor":2.0,"turns":3.0},{"damage":0.0,"enemies":"Cultist","floor":5.0,"turns":3.0},{"damage":6.0,"enemies":"Lagavulin","floor":6.0,"turns":5.0},{"damage":4.0,"enemies":"HollowMod:MossKnight","floor":8.0,"turns":12.0},{"damage":4.0,"enemies":"3 Louse","floor":10.0,"turns":2.0},{"damage":10.0,"enemies":"Large Slime","floor":13.0,"turns":4.0},{"damage":0.0,"enemies":"Exordium Wildlife","floor":14.0,"turns":3.0},{"damage":5.0,"enemies":"Fading Forest","floor":16.0,"turns":13.0},{"damage":15.0,"enemies":"Spheric Guardian","floor":18.0,"turns":4.0},{"damage":9.0,"enemies":"Snake Plant","floor":22.0,"turns":3.0},{"damage":13.0,"enemies":"Book of Stabbing","floor":23.0,"turns":5.0},{"damage":0.0,"enemies":"Cultist and Chosen","floor":25.0,"turns":4.0},{"damage":15.0,"enemies":"HollowMod:Nosk","floor":27.0,"turns":7.0},{"damage":19.0,"enemies":"Gremlin Leader","floor":30.0,"turns":5.0},{"damage":0.0,"enemies":"3 Cultists","floor":31.0,"turns":4.0},{"damage":33.0,"enemies":"Collector","floor":33.0,"turns":9.0},{"damage":8.0,"enemies":"3 Darklings","floor":35.0,"turns":3.0},{"damage":32.0,"enemies":"3 Shapes","floor":37.0,"turns":2.0},{"damage":27.0,"enemies":"conspire:MimicChest","floor":38.0,"turns":8.0},{"damage":4,"enemies":"2 Orb Walkers","floor":39,"turns":2},{"damage":24,"enemies":"HollowMod:StalkingDevout","floor":41,"turns":5},{"damage":12,"enemies":"Maw","floor":44,"turns":7},{"damage":9,"enemies":"Jaw Worm Horde","floor":46,"turns":3},{"damage":0,"enemies":"4 Shapes","floor":48,"turns":4},{"damage":72,"enemies":"Awakened One","floor":50,"turns":9},{"damage":4,"enemies":"Donu and Deca","floor":51,"turns":6},{"damage":89,"enemies":"Shield and Spear","floor":55,"turns":9},{"damage":91,"enemies":"The Heart","floor":56,"turns":5}],"seed_played":"-1767974742595761583","potions_obtained":[{"floor":5.0,"key":"Ancient Potion"},{"floor":6.0,"key":"PotionOfCapacity"},{"floor":18.0,"key":"DuplicationPotion"},{"floor":38.0,"key":"Fruit Juice"},{"floor":41,"key":"PowerPotion"}],"is_trial":false,"path_per_floor":["M","M","?","?","M","E","R","E","T","M","?","?","M","M","R","B",null,"M","?","?","?","M","E","R","M","T","E","$","?","E","M","R","B",null,"M","?","M","?","?","R","E","?","T","M","?","M","T","M","R","B","B",null,"R","$","E","B"],"character_chosen":"DEFECT","items_purchased":["Lee\u0027s Waffle","Toxic Egg 2","Gremlin Food","Rebound+1","SkillPotion","Sling","War Paint","Loop+1","Double Energy+1","ReplayTheSpireMod:Dual Polarity+1","Elixir"],"campfire_rested":5,"item_purchase_floors":[0,0,0,0,0,28,28,28,28,28,54],"current_hp_per_floor":[71,71,60,60,60,54,77,73,73,69,69,69,60,61,67,87,87,73,73,79,79,71,59,87,88,88,77,80,80,65,69,69,40,97,93,102,74,56,61,104,84,84,84,76,76,71,71,75,123,57,54,137,164,164,79,0,0],"gold":531,"neow_bonus":"","is_daily":false,"chose_seed":false,"campfire_upgraded":0,"win_rate":0.0,"timestamp":1611144789,"path_taken":["M","M","?","?","M","E","R","E","T","M","?","?","?","M","R","BOSS","M","?","?","?","?","E","R","M","T","E","$","?","E","M","R","BOSS","M","?","M","?","?","R","E","?","T","?","?","?","?","M","R","BOSS","BOSS","R","$","E","BOSS"],"items_purchased_type":["Relic","Relic","Relic","Card","Potion","Relic","Relic","Card","Card","Card","Potion"],"build_version":"2020-12-22","purchased_purges":0,"victory":false,"max_hp_per_floor":[78,78,78,78,78,78,78,78,78,78,78,78,79,80,86,87,87,88,88,94,94,95,96,96,97,97,101,104,104,108,112,112,116,116,120,129,133,142,146,146,150,150,150,154,154,158,158,162,162,163,164,164,164,164,168,168,168],"card_choices":[{"not_picked":["Rebound","Lockon"],"picked":"Cold Snap","floor":1.0},{"not_picked":["BasicCrystalCard+1","Cold Snap"],"picked":"Redo+1","floor":2.0},{"not_picked":["ReplayTheSpireMod:Reroute Power+1","BasicCrystalCard+1"],"picked":"Static Discharge","floor":5.0},{"not_picked":["ReplayRNGCard+1","Gash"],"picked":"Go for the Eyes","floor":6.0},{"not_picked":["conspire:Rain+1","Rebound"],"picked":"Beam Cell","floor":8.0},{"not_picked":["Go for the Eyes","Genetic Algorithm+1"],"picked":"Leap+1","floor":10.0},{"not_picked":["Beam Cell","ReplayTheSpireMod:Reroute Power+1"],"picked":"Conserve Battery+1","floor":13.0},{"not_picked":["Undo+1","Barrage"],"picked":"Hologram+1","floor":13.0},{"not_picked":["Coolheaded+1","Lockon"],"picked":"conspire:SharedLibrary","floor":14.0},{"not_picked":["All For One","FIFO Queue"],"picked":"Ball Lightning","floor":14.0},{"not_picked":["Reboot+1","All For One"],"picked":"Mirror Shield+1","floor":16.0},{"not_picked":["Compile Driver","Leap+1"],"picked":"Hologram+1","floor":18.0},{"not_picked":["Undo+1","Steam+1","Doom and Gloom"],"picked":"SKIP","floor":18.0},{"not_picked":["Leap+1","ReplayTheSpireMod:System Scan+1"],"picked":"Melter","floor":22.0},{"not_picked":["Go for the Eyes","Leap+1"],"picked":"Double Energy+1","floor":22.0},{"not_picked":["Heatsinks","Beam Cell"],"picked":"Coolheaded+1","floor":23.0},{"not_picked":["Sweeping Beam","Biased Cognition"],"picked":"Ball Lightning","floor":25.0},{"not_picked":["Doom and Gloom","ReplayGash"],"picked":"Coolheaded+1","floor":25.0},{"not_picked":["Compile Driver","Leap+1"],"picked":"Cold Snap","floor":27.0},{"not_picked":["Steam+1","Skim+1"],"picked":"Ball Lightning","floor":30.0},{"not_picked":["Compile Driver+1","BasicCrystalCard+1"],"picked":"Electrodynamics","floor":31.0},{"not_picked":["Static Discharge","Undo+1"],"picked":"Redo+1","floor":31.0},{"not_picked":["Meteor Strike","Mirror Shield+1"],"picked":"Machine Learning","floor":33.0},{"not_picked":["Streamline","Gash"],"picked":"Go for the Eyes","floor":35.0},{"not_picked":["Compile Driver","Streamline"],"picked":"Turbo+1","floor":35.0},{"not_picked":["Beam Cell","Glacier+1"],"picked":"Storm","floor":37.0},{"not_picked":["Thunder Strike","Coolheaded+1"],"picked":"Loop","floor":37.0},{"not_picked":["Crystallizer+1","BasicCrystalCard+1"],"picked":"ReplayTheSpireMod:Calculation Training+1","floor":38.0},{"not_picked":["conspire:Rain+1","Panic Button+1"],"picked":"Leap+1","floor":39},{"not_picked":["Time Bomb+1","Beam Cell"],"picked":"Leap+1","floor":41},{"not_picked":["ReplayTheSpireMod:Dual Polarity+1","Scrape"],"picked":"Coolheaded+1","floor":44},{"not_picked":["Melter","Steam Power+1"],"picked":"BootSequence+1","floor":44},{"not_picked":["Reinforced Body+1","Turbo+1"],"picked":"Hologram+1","floor":46},{"not_picked":["Leap+1","Conserve Battery+1"],"picked":"Storm+1","floor":46},{"not_picked":["Rebound","ReplayTheSpireMod:GoodbyeWorld+1"],"picked":"Thunder Strike","floor":48},{"not_picked":["Go for the Eyes","Static Discharge+1"],"picked":"Ball Lightning+1","floor":48},{"not_picked":["Compile Driver","Consume+1"],"picked":"ReplayRNGCard+1","floor":55}],"player_experience":439915,"relics_obtained":[{"floor":6.0,"key":"Toy Ornithopter"},{"floor":8.0,"key":"HollowMod:LifeEnderRelic"},{"floor":9.0,"key":"Cables"},{"floor":23.0,"key":"Calipers"},{"floor":26.0,"key":"Replay:Ringing Soul"},{"floor":27.0,"key":"Replay:Rubber Ducky"},{"floor":30.0,"key":"ReplayTheSpireMod:Ninjato"},{"floor":38.0,"key":"conspire:DecoderRing"},{"floor":39,"key":"conspire:InfiniteJournal"},{"floor":41,"key":"Incense Burner"},{"floor":47,"key":"Potion Belt"},{"floor":55,"key":"theForsaken:Lifeblossom"}],"event_choices":[{"damage_healed":0.0,"max_hp_gain":0.0,"max_hp_loss":0.0,"gold_gain":0.0,"event_name":"Scrap Ooze","player_choice":"Success","floor":3.0,"gold_loss":0.0,"damage_taken":11.0,"relics_obtained":["Darkstone Periapt"]},{"damage_healed":0.0,"max_hp_gain":0.0,"max_hp_loss":0.0,"gold_gain":0.0,"event_name":"Living Wall","player_choice":"Grow","floor":4.0,"gold_loss":0.0,"damage_taken":0.0,"cards_upgraded":["Zap"]},{"damage_healed":0.0,"max_hp_gain":0.0,"max_hp_loss":0.0,"gold_gain":0.0,"event_name":"FaceTrader","player_choice":"Trade","floor":12.0,"gold_loss":0.0,"damage_taken":0.0,"relics_obtained":["FaceOfCleric"]},{"damage_healed":0.0,"max_hp_gain":0.0,"max_hp_loss":0.0,"gold_gain":150.0,"event_name":"Liars Game","player_choice":"AGREE","floor":15.0,"gold_loss":0.0,"damage_taken":0.0,"cards_obtained":["Doubt"]},{"damage_healed":0.0,"max_hp_gain":0.0,"max_hp_loss":0.0,"gold_gain":0.0,"event_name":"Ghosts","player_choice":"Ignored","floor":19.0,"gold_loss":0.0,"damage_taken":0.0},{"damage_healed":0.0,"max_hp_gain":0.0,"max_hp_loss":0.0,"gold_gain":0.0,"event_name":"Plague Doctor","player_choice":"Obtain Plague Curse","floor":20.0,"gold_loss":0.0,"damage_taken":0.0,"cards_obtained":["theForsaken:PlagueCurse"]},{"damage_healed":0.0,"max_hp_gain":0.0,"max_hp_loss":0.0,"gold_gain":0.0,"event_name":"Back to Basics","player_choice":"Simplicity","floor":21.0,"gold_loss":0.0,"damage_taken":0.0,"cards_upgraded":["Strike_B","Strike_B","Strike_B","Defend_B","Defend_B","Defend_B"]},{"damage_healed":0.0,"max_hp_gain":0.0,"max_hp_loss":0.0,"gold_gain":50.0,"event_name":"Nest","player_choice":"Stole From Cult","floor":29.0,"gold_loss":0.0,"damage_taken":0.0},{"damage_healed":0,"gold_gain":0,"player_choice":"Fight","damage_taken":0,"max_hp_gain":0,"max_hp_loss":0,"event_name":"Mysterious Sphere","floor":39,"gold_loss":0},{"damage_healed":0,"gold_gain":0,"player_choice":"Upgraded Two","damage_taken":0,"max_hp_gain":0,"max_hp_loss":0,"event_name":"Designer","floor":42,"gold_loss":50,"cards_upgraded":["Machine Learning","Loop"]},{"damage_healed":0,"gold_gain":50,"player_choice":"Pray","damage_taken":0,"max_hp_gain":0,"max_hp_loss":0,"event_name":"Golden Shrine","floor":45,"gold_loss":0}],"is_beta":false,"boss_relics":[{"not_picked":["Empty Cage","Runic Dome"],"picked":"SlaversCollar"},{"not_picked":["Replay:Ancient Bell","Snecko Eye"],"picked":"Replay:Wanted Poster"}],"items_purged_floors":[],"is_endless":false,"potions_floor_spawned":[5,6,13,18,31,35,37,38,41],"killed_by":"The Heart","ascension_level":20}}