{"host":"xetj7e4h1njmphhb","time":1611168629,"event":{"mods":["BaseMod","Minty Spire (QoL Compilation)","SuperFastMode"],"gold_per_floor":[99,109,184,38,51,51,68,243,243,258,14,28,28,44,44,44,44],"floor_reached":16,"language":"ENG","playtime":458,"items_purged":[],"score":94,"play_id":"e64a3c22-8096-4184-bebf-043e5b1790d4","local_time":"20210120135029","is_ascension_mode":false,"campfire_choices":[{"data":"Zap","floor":6,"key":"SMITH"},{"floor":15,"key":"REST"}],"circlet_count":0,"master_deck":["Strike_B","Strike_B","Strike_B","Strike_B","Defend_B","Defend_B","Defend_B","Defend_B","Zap+1","Dualcast","Capacitor","Streamline","Gash","Double Energy","BootSequence","Recycle","Doom and Gloom","Compile Driver","Doubt","Storm","Capacitor","Ball Lightning"],"relics":["Cracked Core","NeowsBlessing","Orrery","Mercury Hourglass","Toolbox"],"acts_visited":[],"potions_floor_usage":[],"damage_taken":[{"damage":0.0,"enemies":"Jaw Worm","floor":1.0,"turns":1.0},{"damage":0,"enemies":"2 Louse","floor":2,"turns":1},{"damage":0,"enemies":"Cultist","floor":5,"turns":1},{"damage":10,"enemies":"Looter","floor":7,"turns":3},{"damage":27,"enemies":"Exordium Thugs","floor":10,"turns":4},{"damage":0,"enemies":"Large Slime","floor":12,"turns":4},{"damage":16,"enemies":"Exordium Wildlife","floor":14,"turns":4},{"damage":34,"enemies":"Hexaghost","floor":16,"turns":4}],"seed_played":"-6357690277791374176","potions_obtained":[{"floor":14,"key":"BlessingOfTheForge"}],"is_trial":false,"path_per_floor":["M","M","?","$","M","R","M","?","T","M","$","M","$","M","R","B"],"character_chosen":"DEFECT","items_purchased":["Orrery","Toolbox","BlessingOfTheForge","Energy Potion"],"campfire_rested":1,"item_purchase_floors":[4,11,11,11],"current_hp_per_floor":[75,75,64,64,64,64,54,54,54,27,27,27,27,11,33,0,0],"gold":44,"neow_bonus":"THREE_ENEMY_KILL","is_daily":false,"chose_seed":false,"campfire_upgraded":1,"win_rate":0.0,"timestamp":1611168629,"path_taken":["M","M","?","$","M","R","M","?","T","M","$","?","?","M","R","BOSS"],"items_purchased_type":["Relic","Relic","Potion","Potion"],"build_version":"2020-12-22","purchased_purges":0,"victory":false,"max_hp_per_floor":[75,75,75,75,75,75,75,75,75,75,75,75,75,75,75,75,75],"card_choices":[{"not_picked":["Doom and Gloom","Scrape","Sweeping Beam"],"picked":"SKIP","floor":1.0},{"not_picked":["Doom and Gloom","Scrape","Sweeping Beam"],"picked":"SKIP","floor":1.0},{"not_picked":["White Noise","Coolheaded"],"picked":"Capacitor","floor":2},{"not_picked":["Stack","Multi-Cast"],"picked":"Streamline","floor":4},{"not_picked":["Fusion","Hologram"],"picked":"Gash","floor":4},{"not_picked":["Chill","Hello World"],"picked":"Double Energy","floor":4},{"not_picked":["Chill","Hologram"],"picked":"BootSequence","floor":4},{"not_picked":["Genetic Algorithm","Cold Snap"],"picked":"Recycle","floor":4},{"not_picked":["Cold Snap","Aggregate"],"picked":"Doom and Gloom","floor":5},{"not_picked":["Steam Power","Sweeping Beam"],"picked":"Compile Driver","floor":7},{"not_picked":["Ball Lightning","Go for the Eyes"],"picked":"Storm","floor":10},{"not_picked":["Conserve Battery","Chill"],"picked":"Capacitor","floor":12},{"not_picked":["Loop","Turbo"],"picked":"Ball Lightning","floor":14}],"player_experience":20479,"relics_obtained":[{"floor":9,"key":"Mercury Hourglass"}],"event_choices":[{"damage_healed":0,"gold_gain":75,"player_choice":"Gather Gold","damage_taken":11,"max_hp_gain":0,"max_hp_loss":0,"event_name":"World of Goop","floor":3,"gold_loss":0},{"damage_healed":0,"gold_gain":175,"player_choice":"AGREE","damage_taken":0,"max_hp_gain":0,"max_hp_loss":0,"event_name":"Liars Game","floor":8,"gold_loss":0,"cards_obtained":["Doubt"]}],"is_beta":false,"boss_relics":[],"items_purged_floors":[],"is_endless":false,"potions_floor_spawned":[1,14],"killed_by":"Hexaghost","ascension_level":0}}