{"host":"vrsxkkch9ccrec7k","time":1611123748,"event":{"mods":["Act Like it!","BaseMod","Bestiary","Better Altar","Better Match","Better Note","Better Sensory Stone","Better Skull","Better Third Choice","Better Vampires","Downfall","Minty Spire (QoL Compilation)","Permanent Neow","Relic Stats","Spicy Shops","StSLib"],"gold_per_floor":[349,465,32,48,33,46,97,116,128,128,128,128],"floor_reached":10,"language":"ENG","playtime":839,"items_purged":["Guardian:Strike_Guardian"],"score":73,"play_id":"0e4bf807-07d7-4743-ab45-ec86397ec667","local_time":"20210120012228","is_ascension_mode":true,"campfire_choices":[{"data":"Guardian:TwinSlam","floor":1,"key":"SMITH"}],"circlet_count":0,"master_deck":["Guardian:Strike_Guardian","Guardian:Strike_Guardian","Guardian:Strike_Guardian","Guardian:Defend_Guardian","Guardian:Defend_Guardian","Guardian:Defend_Guardian","Guardian:Defend_Guardian","Guardian:CurlUp","Guardian:TwinSlam+1","Guardian:Gem_Cyan","Guardian:RefractedBeam","Guardian:BodySlam","Guardian:ChargeCore","Guardian:TemporalStrike","Guardian:FastForward","Guardian:TemporalShield"],"relics":["Guardian:ModeShifter","Anchor","Ice Cream"],"acts_visited":["Exordium"],"potions_floor_usage":[10,10],"damage_taken":[{"damage":5,"enemies":"downfall:FleeingMerchant","floor":3,"turns":4},{"damage":2,"enemies":"Jaw Worm","floor":4,"turns":3},{"damage":0,"enemies":"downfall:FleeingMerchant","floor":5,"turns":4},{"damage":3,"enemies":"Cultist","floor":6,"turns":3},{"damage":5,"enemies":"Small Slimes","floor":8,"turns":3},{"damage":10,"enemies":"Exordium Thugs","floor":9,"turns":4},{"damage":25,"enemies":"3 Sentries","floor":10,"turns":10}],"seed_played":"-1147588194718124013","potions_obtained":[{"floor":6,"key":"Block Potion"},{"floor":9,"key":"BlessingOfTheForge"}],"is_trial":false,"path_per_floor":["R","?","$","M","$","M","T","M","M","E"],"character_chosen":"GUARDIAN","items_purchased":["Ice Cream","Guardian:RefractedBeam"],"campfire_rested":0,"item_purchase_floors":[3,3],"current_hp_per_floor":[72,50,45,43,43,40,40,35,25,0,0,0],"gold":128,"neow_bonus":"TWO_FIFTY_GOLD","is_daily":false,"chose_seed":false,"campfire_upgraded":1,"win_rate":0.0,"timestamp":1611123748,"path_taken":["R","?","?","M","$","M","T","M","M","E"],"items_purchased_type":["Relic","Card"],"build_version":"2020-12-22","purchased_purges":1,"victory":false,"max_hp_per_floor":[72,72,72,72,72,72,72,72,72,72,72,72],"relic_stats":{"counters":[7,31],"obtain_stats":[{"Ice Cream":3,"Anchor":2,"Guardian:ModeShifter":0},{"Ice Cream":1,"Anchor":0,"Guardian:ModeShifter":0},{"Ice Cream":4,"Anchor":0,"Guardian:ModeShifter":0}]},"card_choices":[{"not_picked":["Guardian:GatlingBeam","Guardian:Recover"],"picked":"Guardian:Gem_Cyan","floor":3},{"not_picked":["Guardian:CrystalBeam","Guardian:WalkerClaw"],"picked":"Guardian:BodySlam","floor":4},{"not_picked":["Guardian:Gem_Crimson","Guardian:Planning"],"picked":"Guardian:ChargeCore","floor":5},{"not_picked":["Guardian:Orbwalk","Guardian:TemporalShield"],"picked":"Guardian:TemporalStrike","floor":6},{"not_picked":["Guardian:TemporalShield","Guardian:RefractedBeam"],"picked":"Guardian:FastForward","floor":8},{"not_picked":["Guardian:CrystalBeam","Guardian:Emergency"],"picked":"Guardian:TemporalShield","floor":9}],"player_experience":1642093,"relics_obtained":[],"event_choices":[{"damage_healed":0,"gold_gain":116,"player_choice":"RE GO ","damage_taken":25,"relics_obtained":["Anchor"],"max_hp_gain":0,"max_hp_loss":0,"event_name":"betterSkull:BetterSkull","floor":2,"gold_loss":0,"cards_upgraded":[]}],"is_beta":false,"boss_relics":[],"items_purged_floors":[3],"is_endless":false,"potions_floor_spawned":[6,9],"killed_by":"3 Sentries","ascension_level":5}}