{"host":"l8k579n63ej0vska","time":1611148869,"event":{"mods":["BaseMod","Colored Map","Infinite Spire","Minty Spire (QoL Compilation)","Replay The Spire","StSLib","The Bug Knight"],"gold_per_floor":[112,64,79,4,24,24,48,48,48,99,99,132,149,2,2,106,106,119,119,119,119,119,145,78,111,111,141,190,190,190,206,206],"floor_reached":31,"language":"ENG","playtime":2086,"items_purged":["Strike_R","Strike_R","Bash"],"score":506,"play_id":"ac09bd0c-0666-43af-a006-c8215560ebd3","local_time":"20210120142109","is_ascension_mode":true,"campfire_choices":[{"data":"Anger","floor":6,"key":"SMITH"},{"floor":8,"key":"REST"},{"data":"Rage","floor":11,"key":"SMITH"},{"data":"Entrench","floor":15,"key":"SMITH"},{"data":"infinitespire:TheBestDefense","floor":30,"key":"SMITH"}],"circlet_count":0,"master_deck":["AscendersBane","Strike_R","Strike_R","Strike_R","Defend_R","Clash","Bloodletting","Anger+1","Warcry","Rage+1","Iron Wave","Entrench+1","Flex","Exhume","Replay:Undeath\u0027s Touch","infinitespire:TheBestDefense","infinitespire:TheBestDefense+1","Seeing Red","Clash"],"relics":["Replay:Drink Me","Odd Mushroom","Bird Faced Urn","Potion Belt","Bag of Marbles","SlaversCollar","Coffee Dripper","Replay:Wax Seal","Replay:Bandana","Lantern","StrikeDummy","Incense Burner"],"acts_visited":["Exordium","TheCity"],"potions_floor_usage":[3,12,16],"damage_taken":[{"damage":16,"enemies":"Cultist","floor":1,"turns":4},{"damage":0,"enemies":"Jaw Worm","floor":3,"turns":3},{"damage":3,"enemies":"2 Louse","floor":5,"turns":2},{"damage":15,"enemies":"The Mushroom Lair","floor":7,"turns":3},{"damage":3,"enemies":"Gremlin Nob","floor":12,"turns":3},{"damage":7,"enemies":"Exordium Wildlife","floor":13,"turns":2},{"damage":20,"enemies":"Fading Forest","floor":16,"turns":11},{"damage":9,"enemies":"3 Byrds","floor":18,"turns":6},{"damage":11,"enemies":"Replay:Snechameleon","floor":23,"turns":6},{"damage":4,"enemies":"Gremlin Leader","floor":25,"turns":7},{"damage":6,"enemies":"Spheric Guardian","floor":27,"turns":4},{"damage":0,"enemies":"Nightmare","floor":28,"turns":6},{"damage":6,"enemies":"Replay:Snechameleon","floor":31,"turns":5}],"seed_played":"-3242916843529806458","potions_obtained":[{"floor":1,"key":"Block Potion"},{"floor":10,"key":"HeartOfIron"},{"floor":12,"key":"SpeedPotion"},{"floor":13,"key":"LifebloodPotion"},{"floor":18,"key":"Weak Potion"},{"floor":28,"key":"Weak Potion"}],"is_trial":false,"path_per_floor":["M","$","M","$","M","R","?","R","T","?","R","E","M","$","R","B",null,"M","?","?","AVR","?","E","$","E","T","M","NM","?","R","E"],"character_chosen":"IRONCLAD","items_purchased":["Clash","Flex","Seeing Red"],"campfire_rested":1,"item_purchase_floors":[2,14,24],"current_hp_per_floor":[44,44,44,44,41,41,26,44,44,44,44,41,34,34,34,22,51,42,42,42,42,27,16,16,12,12,6,6,6,6,0,0],"gold":206,"neow_bonus":"BOSS_RELIC","is_daily":false,"chose_seed":false,"campfire_upgraded":4,"win_rate":0.0,"timestamp":1611148869,"path_taken":["M","$","M","$","?","R","?","R","T","?","R","E","M","?","R","BOSS","M","?","?","AVR","?","E","?","E","T","?","NM","?","R","E"],"items_purchased_type":["Card","Card","Card"],"build_version":"2020-12-22","purchased_purges":3,"victory":false,"max_hp_per_floor":[60,60,60,60,60,60,60,60,60,60,60,60,60,60,60,60,60,60,60,60,60,60,60,60,60,60,60,60,60,60,60,60],"card_choices":[{"not_picked":["Sentinel","Cleave","Thunderclap"],"picked":"SKIP","floor":1},{"not_picked":["Dark Embrace","Battle Trance"],"picked":"Bloodletting","floor":3},{"not_picked":["ReplayTheSpireMod:Strike From Hell","Havoc"],"picked":"Anger","floor":5},{"not_picked":["Heavy Blade","Blood for Blood"],"picked":"Warcry","floor":7},{"not_picked":["Whirlwind","infinitespire:OneForAll"],"picked":"Rage","floor":10},{"not_picked":["Feed","Rupture"],"picked":"Iron Wave","floor":12},{"not_picked":["Anger","Heavy Blade"],"picked":"Entrench","floor":13},{"not_picked":["Eclipse","Offering"],"picked":"Exhume","floor":16},{"not_picked":["Sword Boomerang","Headbutt"],"picked":"Replay:Undeath\u0027s Touch","floor":18},{"not_picked":["ReplayTheSpireMod:Chaos Vortex","infinitespire:SealOfDarkness+"],"picked":"infinitespire:TheBestDefense","floor":22},{"not_picked":["Twin Strike+1","Offering","Evolve"],"picked":"SKIP","floor":23},{"not_picked":["True Grit","Perfected Strike+1","Abandon+1"],"picked":"SKIP","floor":25},{"not_picked":["Shockwave","Wild Strike+1"],"picked":"Clash","floor":27},{"not_picked":["Infernal Blade","Run Through","Shockwave"],"picked":"SKIP","floor":28}],"player_experience":1640939,"relics_obtained":[{"floor":7,"key":"Odd Mushroom"},{"floor":9,"key":"Bird Faced Urn"},{"floor":10,"key":"Potion Belt"},{"floor":12,"key":"Bag of Marbles"},{"floor":23,"key":"Replay:Wax Seal"},{"floor":25,"key":"Replay:Bandana"},{"floor":26,"key":"Lantern"},{"floor":28,"key":"StrikeDummy"}],"event_choices":[{"damage_healed":0,"gold_gain":0,"player_choice":"Fought Mushrooms","damage_taken":0,"max_hp_gain":0,"max_hp_loss":0,"event_name":"Mushrooms","floor":7,"gold_loss":0},{"damage_healed":0,"gold_gain":0,"player_choice":"Ignored","damage_taken":0,"max_hp_gain":0,"max_hp_loss":0,"event_name":"Vampires","floor":19,"gold_loss":0}],"is_beta":false,"boss_relics":[{"not_picked":["Fusion Hammer","Runic Cube"],"picked":"SlaversCollar"}],"items_purged_floors":[4,14,21],"is_endless":true,"potions_floor_spawned":[1,12,13,18,28],"killed_by":"Replay:Snechameleon","ascension_level":10}}