{"host":"79pwvnyrdes6uj7k","time":1611122758,"event":{"mods":["2.2 Compatiblity","Astrologer","BaseMod","Beaked The Cultist","Colored Powertips","Downfall","Exacting","Friendly Minions","HexUI Lib","Highlight Path","Hubris","Infinite Spire","JesterMod","Mad Scientist","Mimic Mod","Minty Spire (QoL Compilation)","Random Character Button","Reworked Bosses","Shop Mod","Somnambulant","StSLib","The Cursed","The Disciple","The Factory","The Judge","The Jungle","The Marked","The Poker Player","The Runesmith","TheHeartMod"],"gold_per_floor":[99,111,129,229,229,275,275,125,25,44,44,57,19,54,71,173,173,73,103,103,113,125,157,194,194,204,233,233,253,273,273,292,292,292,292],"floor_reached":33,"language":"ENG","playtime":2473,"items_purged":[],"score":389,"play_id":"c2531168-1500-45d3-9e3b-592a3207a9cc","local_time":"20210120000558","is_ascension_mode":false,"campfire_choices":[{"floor":1,"key":"RECALL"},{"data":"champ:PerfectedStrike","floor":9,"key":"SMITH"},{"data":"champ:HoldFirm","floor":18,"key":"SMITH"},{"data":"champ:PerfectedStrike","floor":25,"key":"SMITH"}],"circlet_count":0,"master_deck":["champ:Strike","champ:Strike","champ:Strike","champ:Strike","champ:Defend","champ:Defend","champ:Execute","champ:Taunt","champ:PerfectedStrike+1","champ:Backstep+1","champ:FaceSlap","champ:FocusedBerserking","champ:DefensiveShout","champ:ViciousMockery","champ:StanceDance","champ:DefensiveStyle","champ:BerserkersShout","champ:HoldFirm+1","champ:CrookedStrike","champ:AdrenalArmor","champ:PerfectedStrike+1","champ:FlashCut","champ:FanOfKnives","champ:RapidStrikes+1","champ:TornadoPunch+1"],"relics":["champ:ChampionCrownUpgraded","Strawberry","champ:LiftRelic","Torii","downfall:HeartBlessingRed","infinitespire:Satchel","downfall:HeartBlessingBlue","hubris:ToyBattleship","infinitespire:FocusingShard","infinitespire:Beetle Shell","hubris:64BitClover"],"acts_visited":["Exordium","TheCity"],"potions_floor_usage":[16,23,23,30,33,33],"damage_taken":[{"damage":20,"enemies":"Cultist","floor":2,"turns":4},{"damage":0,"enemies":"2 Louse","floor":3,"turns":3},{"damage":10,"enemies":"Jaw Worm","floor":10,"turns":3},{"damage":1,"enemies":"2 Fungi Beasts","floor":12,"turns":3},{"damage":20,"enemies":"downfall:FleeingMerchant","floor":13,"turns":4},{"damage":25,"enemies":"Gremlin Nob","floor":14,"turns":4},{"damage":0,"enemies":"Red Slaver","floor":15,"turns":2},{"damage":96,"enemies":"DF_ARCHETYPE_STREAMLINE","floor":16,"turns":8},{"damage":11,"enemies":"3 Byrds","floor":19,"turns":4},{"damage":15,"enemies":"Chosen","floor":21,"turns":3},{"damage":54,"enemies":"Snecko","floor":22,"turns":5},{"damage":0,"enemies":"Slavers","floor":23,"turns":1},{"damage":22,"enemies":"3 Cultists","floor":24,"turns":4},{"damage":32,"enemies":"3 Cultists","floor":26,"turns":5},{"damage":30,"enemies":"Book of Stabbing","floor":27,"turns":4},{"damage":15,"enemies":"Chosen and Byrds","floor":29,"turns":3},{"damage":20,"enemies":"Cultist and Chosen","floor":30,"turns":3},{"damage":6,"enemies":"Snake Plant","floor":32,"turns":2},{"damage":71,"enemies":"WA_ARCHETYPE_CALM","floor":33,"turns":10}],"seed_played":"5963620770854692471","potions_obtained":[{"floor":12,"key":"Guardian:BlockOnCardUsePotion"},{"floor":14,"key":"champ:OpenerPotion"},{"floor":15,"key":"DistilledChaos"},{"floor":16,"key":"EssenceOfSteel"},{"floor":21,"key":"infinitespire:BlackPotion"},{"floor":27,"key":"SpeedPotion"},{"floor":29,"key":"LiquidMemories"}],"is_trial":false,"path_per_floor":["R","M","M","?","?","T","T","?","R","M","?","M","$","E","M","B",null,"R","M","?","M","M","E","MIM","R","M","E","?","M","M","?","M","B"],"character_chosen":"THE_CHAMP","items_purchased":["champ:StanceDance"],"campfire_rested":0,"item_purchase_floors":[13],"current_hp_per_floor":[97,97,97,97,97,97,97,107,107,107,107,106,106,81,81,40,107,117,116,92,92,63,63,61,61,49,49,41,41,41,41,40,0,0,0],"gold":292,"neow_bonus":"RANDOM_COMMON_RELIC","is_daily":false,"chose_seed":false,"campfire_upgraded":3,"win_rate":0.0,"timestamp":1611122758,"path_taken":["R","M","M","?","?","?","T","?","R","?","?","?","?","E","M","BOSS","R","M","?","M","M","E","MIM","R","M","E","?","M","?","?","M","BOSS"],"items_purchased_type":["Card"],"build_version":"2020-12-22","purchased_purges":0,"victory":false,"max_hp_per_floor":[97,97,97,97,97,97,97,107,107,107,107,107,107,107,107,107,107,117,117,122,122,122,122,122,122,122,122,122,122,122,122,122,122,122,122],"card_choices":[{"not_picked":["champ:Encircle","champ:EnGarde"],"picked":"champ:PerfectedStrike","floor":2},{"not_picked":["champ:BringItOn","champ:PreciseThrust"],"picked":"champ:Backstep","floor":3},{"not_picked":["champ:Circumvent","champ:BringItOn"],"picked":"champ:FaceSlap","floor":10},{"not_picked":["champ:Shatter","champ:SwordSigil"],"picked":"champ:DefensiveShout","floor":12},{"not_picked":["champ:ShieldThrow","champ:DeathBlow"],"picked":"champ:ViciousMockery","floor":13},{"not_picked":["champ:FaceSlap","champ:SkillfulDodge"],"picked":"champ:DefensiveStyle","floor":14},{"not_picked":["champ:ShieldWall","champ:TornadoPunch"],"picked":"champ:BerserkersShout","floor":15},{"not_picked":["champ:DancingMaster","champ:IgnorePain"],"picked":"champ:HoldFirm","floor":16},{"not_picked":["champ:Circumvent","champ:TornadoPunch"],"picked":"champ:CrookedStrike","floor":19},{"not_picked":["champ:RageSigil","champ:DefensiveShout"],"picked":"champ:AdrenalArmor","floor":21},{"not_picked":["champ:EnGarde+1","champ:DancingMaster"],"picked":"champ:PerfectedStrike","floor":22},{"not_picked":["champ:DefensiveStyle","champ:SkillfulDodge"],"picked":"champ:FlashCut","floor":23},{"not_picked":["champ:PreciseThrust+1","champ:EnGarde"],"picked":"champ:FanOfKnives","floor":26},{"not_picked":["champ:ShieldThrow","champ:BerserkersShout","champ:HoldFirm"],"picked":"SKIP","floor":27},{"not_picked":["champ:Encircle","champ:SkillfulDodge+1"],"picked":"champ:RapidStrikes+1","floor":29},{"not_picked":["champ:ArenaPreparation","champ:FanOfKnives"],"picked":"champ:TornadoPunch+1","floor":30},{"not_picked":["champ:Circumvent","champ:EnragedBash+1","champ:FanOfKnives+1"],"picked":"SKIP","floor":32}],"player_experience":374243,"relics_obtained":[{"floor":7,"key":"Torii"},{"floor":14,"key":"infinitespire:Satchel"},{"floor":23,"key":"hubris:ToyBattleship"},{"floor":24,"key":"infinitespire:FocusingShard"},{"floor":27,"key":"infinitespire:Beetle Shell"}],"event_choices":[],"is_beta":false,"boss_relics":[{"not_picked":["Astrolabe","Runic Dome"],"picked":"champ:ChampionCrownUpgraded"}],"items_purged_floors":[],"is_endless":false,"potions_floor_spawned":[12,14,15,16,19,21,27,29],"killed_by":"WA_ARCHETYPE_CALM","ascension_level":0}}