{"host":"59efrpl3ft1ymrg4","time":1611136545,"event":{"mods":["AchievementEnabler","BaseMod","Infinite Spire","Minty Spire (QoL Compilation)","Replay The Spire","StSLib"],"gold_per_floor":[109,109,124,49,49,49,49,62,88,113,113,124,124,137,137,235,235,252,22,35,46,46,46,78,78,128,28,47,47,79,79,79,79,79],"floor_reached":33,"language":"ENG","playtime":2359,"items_purged":["Strike_G","Strike_G"],"score":283,"play_id":"0753d50b-f59d-4100-b3ba-6a038ba19a59","local_time":"20210120095545","daily_mods":["Heirloom","Flight"],"is_ascension_mode":false,"campfire_choices":[{"data":"Infinite Blades","floor":6.0,"key":"SMITH"},{"floor":7.0,"key":"REST"},{"data":"Replay:Bag of Tricks","floor":11.0,"key":"SMITH"},{"data":"RitualDagger","floor":23.0,"key":"SMITH"},{"floor":25.0,"key":"REST"},{"data":"Adrenaline","floor":32.0,"key":"SMITH"}],"circlet_count":0,"master_deck":["Strike_G","Strike_G","Defend_G","Defend_G+1","Defend_G","Defend_G","Defend_G+1","Survivor","Neutralize","Blur+1","Dagger Throw","Infinite Blades+1","Pot Of Greed","Pot Of Greed","Replay:Bag of Tricks+1","Leg Sweep","Slice","Adrenaline+1","Concentrate+1","Poisoned Stab","RitualDagger+1","Slice+1","ReplayTheSpireMod:Shiv Toss"],"relics":["Ring of the Snake","CaptainsWheel","Replay:Wax Seal","Grinning Jar","Juzu Bracelet","HoveringKite","Blood Vial","PreservedInsect","Happy Flower","Pondfish Scales"],"acts_visited":["Exordium","TheCity"],"potions_floor_usage":[33],"damage_taken":[{"damage":0.0,"enemies":"2 Louse","floor":1.0,"turns":3.0},{"damage":0.0,"enemies":"Cultist","floor":3.0,"turns":4.0},{"damage":0.0,"enemies":"Small Slimes","floor":8.0,"turns":3.0},{"damage":8.0,"enemies":"Gremlin Nob","floor":10.0,"turns":5.0},{"damage":0.0,"enemies":"Exordium Wildlife","floor":12.0,"turns":3.0},{"damage":8.0,"enemies":"Exordium Thugs","floor":14.0,"turns":6.0},{"damage":31.0,"enemies":"Hexaghost","floor":16.0,"turns":12.0},{"damage":0.0,"enemies":"Chosen","floor":18.0,"turns":4.0},{"damage":0.0,"enemies":"2 Thieves","floor":20.0,"turns":4.0},{"damage":1.0,"enemies":"Snecko","floor":21.0,"turns":6.0},{"damage":38.0,"enemies":"Book of Stabbing","floor":24.0,"turns":8.0},{"damage":0.0,"enemies":"3 Cultists","floor":28.0,"turns":6.0},{"damage":8.0,"enemies":"Nightmare","floor":30.0,"turns":7.0},{"damage":48,"enemies":"Collector","floor":33,"turns":6}],"seed_played":"-376243446663363526","potions_obtained":[{"floor":1.0,"key":"Block Potion"},{"floor":12.0,"key":"DuplicationPotion"},{"floor":14.0,"key":"Fire Potion"},{"floor":16.0,"key":"DuplicationPotion"},{"floor":21.0,"key":"Doom Potion"},{"floor":24.0,"key":"SkillPotion"}],"is_trial":true,"path_per_floor":["M","?","M","$","?","R","R","M","T","E","R","M","T","M","R","B",null,"M","$","M","M","?","R","E","R","T","$","M","AVR","NM","?","R","B"],"character_chosen":"THE_SILENT","items_purchased":["Infinite Blades","Blood Vial"],"campfire_rested":2,"item_purchase_floors":[4,19],"current_hp_per_floor":[70,70,70,70,56,56,70,70,70,62,62,62,62,54,70,39,70,70,70,70,69,63,63,27,48,48,48,50,50,44,44,44,0,0],"gold":79,"neow_bonus":"","is_daily":false,"chose_seed":false,"campfire_upgraded":4,"win_rate":0.0,"timestamp":1611136545,"path_taken":["M","?","?","$","?","R","R","M","T","E","R","M","?","M","R","BOSS","M","$","M","M","?","R","E","R","T","$","M","AVR","NM","?","R","BOSS"],"items_purchased_type":["Card","Relic"],"build_version":"2020-12-22","purchased_purges":2,"victory":false,"max_hp_per_floor":[70,70,70,70,70,70,70,70,70,70,70,70,70,70,70,70,70,70,70,70,70,70,70,70,70,70,70,70,70,70,70,70,70,70],"card_choices":[{"not_picked":["Quick Slash","Backstab"],"picked":"Blur","floor":1.0},{"not_picked":["Outmaneuver","Hidden Blade"],"picked":"Dagger Throw","floor":3.0},{"not_picked":["Sneak Up","Dagger Throw","Glass Knife"],"picked":"SKIP","floor":8.0},{"not_picked":["Poisoned Stab","Underhanded Strike"],"picked":"Replay:Bag of Tricks","floor":10.0},{"not_picked":["Tactician","Deflect"],"picked":"Leg Sweep","floor":12.0},{"not_picked":["Flying Knee","Outmaneuver"],"picked":"Slice","floor":14.0},{"not_picked":["infinitespire:Neurotoxin","A Thousand Cuts"],"picked":"Adrenaline","floor":16.0},{"not_picked":["Slice","Heel Hook"],"picked":"Concentrate+1","floor":18.0},{"not_picked":["Hidden Blade+1","Toxin Wave+1","Backflip+1"],"picked":"SKIP","floor":20.0},{"not_picked":["ReplayTheSpireMod:Tripwire","ReplayTheSpireMod:Exploit Weakness"],"picked":"Poisoned Stab","floor":21.0},{"not_picked":["Backflip","Sneak Up","ReplayTheSpireMod:Speed Training"],"picked":"SKIP","floor":24.0},{"not_picked":["Backflip","Sneak Up","ReplayTheSpireMod:Speed Training"],"picked":"SKIP","floor":24.0},{"not_picked":["Caltrops","Doppelganger"],"picked":"Slice+1","floor":28.0},{"not_picked":["Backflip","Flying Knee+1"],"picked":"ReplayTheSpireMod:Shiv Toss","floor":30.0}],"player_experience":71287,"relics_obtained":[{"floor":9.0,"key":"Replay:Wax Seal"},{"floor":10.0,"key":"Grinning Jar"},{"floor":13.0,"key":"Juzu Bracelet"},{"floor":24.0,"key":"PreservedInsect"},{"floor":26.0,"key":"Happy Flower"},{"floor":30.0,"key":"Pondfish Scales"}],"event_choices":[{"cards_removed":["Strike_G"],"damage_healed":0.0,"max_hp_gain":0.0,"max_hp_loss":0.0,"gold_gain":0.0,"event_name":"Wheel of Change","player_choice":"Card Removal","floor":2.0,"gold_loss":0.0,"damage_taken":0.0},{"damage_healed":0.0,"max_hp_gain":0.0,"max_hp_loss":0.0,"gold_gain":0.0,"event_name":"Shining Light","player_choice":"Entered Light","floor":5.0,"gold_loss":0.0,"damage_taken":14.0,"cards_upgraded":["Defend_G","Defend_G"]},{"damage_healed":0.0,"max_hp_gain":0.0,"max_hp_loss":0.0,"gold_gain":0.0,"event_name":"Nest","player_choice":"Joined the Cult","floor":22.0,"gold_loss":0.0,"damage_taken":6.0,"cards_obtained":["RitualDagger"]},{"damage_healed":0.0,"max_hp_gain":0.0,"max_hp_loss":0.0,"gold_gain":0.0,"event_name":"Ghosts","player_choice":"Ignored","floor":31.0,"gold_loss":0.0,"damage_taken":0.0}],"is_beta":false,"boss_relics":[{"not_picked":["Runic Pyramid","infinitespire:Cupcake"],"picked":"HoveringKite"}],"items_purged_floors":[19,27],"is_endless":true,"potions_floor_spawned":[1,12,14,16,21,24],"killed_by":"Collector","ascension_level":0}}