{"host":"Koishi","time":1611167970,"event":{"mods":["2.2 Compatiblity","AchievementEnabler","Act Like it!","BaseMod","Better Match","Better Note","Better Sensory Stone","Better Third Choice","Chen","Colored Powertips","Conspire","Downfall","Gensokyo","Hermit","Koishi","Lobotomy","LobotomyExtend","MarisaÅiñ∂âJÅ@ñÇóùçπÅj","Minty Spire (QoL Compilation)","Quick Restart","Rare Cards Sparkle","ReimuÅiîé??öÎÅj","Relic Stats","SCP261 Mod","Spicy Shops","StSLib","The Construct","The Gatherer","Åy?ï®?îvÅzREMEMod"],"gold_per_floor":[115,40,5,5,5,5,5],"floor_reached":6,"language":"ENG","playtime":277,"items_purged":[],"score":32,"play_id":"7f33dbed-6fc1-4968-8a33-f04d17bb4a87","local_time":"20210120133930","is_ascension_mode":false,"campfire_choices":[],"circlet_count":0,"master_deck":["Strike_Lin:ReiMu","Strike_Lin:ReiMu","Strike_Lin:ReiMu","Strike_Lin:ReiMu","Defend_Lin:ReiMu","Defend_Lin:ReiMu","Defend_Lin:ReiMu","Defend_Lin:ReiMu","NB:ReiMu","Stagnation:ReiMu","PassingAway:ReiMu","UniverseFragment","FoulBorder2:ReiMu+1","REME_FirmDetermination+1","SealNeedle:ReiMu"],"relics":["FlyPower:ReiMu","REME_ComplimentaryCards","CogitoBucket","LetterFromLob","Pear","Gensokyo:OccultBall"],"acts_visited":["Gensokyo:Gensokyo"],"potions_floor_usage":[],"damage_taken":[{"damage":8,"enemies":"Gensokyo:2_Kodama","floor":1,"turns":7},{"damage":56,"enemies":"Gensokyo:Mamizou","floor":6,"turns":16}],"seed_played":"5003540020353430312","potions_obtained":[],"is_trial":false,"path_per_floor":["M","?","$","?","?","E"],"character_chosen":"REIMU","items_purchased":["SealNeedle:ReiMu"],"campfire_rested":0,"item_purchase_floors":[3],"current_hp_per_floor":[57,57,57,52,52,0,0],"gold":5,"neow_bonus":"","is_daily":false,"chose_seed":false,"campfire_upgraded":0,"win_rate":0.0,"timestamp":1611167970,"path_taken":["M","?","$","?","?","E"],"items_purchased_type":["Card"],"build_version":"2020-12-18","purchased_purges":0,"victory":false,"max_hp_per_floor":[65,65,65,75,75,75,75],"relic_stats":{"counters":[2,23],"obtain_stats":[{"CogitoBucket":0,"Pear":4,"Gensokyo:OccultBall":5,"LetterFromLob":1,"FlyPower:ReiMu":0,"REME_ComplimentaryCards":0},{"CogitoBucket":0,"Pear":1,"Gensokyo:OccultBall":1,"LetterFromLob":1,"FlyPower:ReiMu":0,"REME_ComplimentaryCards":0},{"CogitoBucket":0,"Pear":7,"Gensokyo:OccultBall":7,"LetterFromLob":7,"FlyPower:ReiMu":0,"REME_ComplimentaryCards":0}]},"card_choices":[{"not_picked":["ForcedLanding:ReiMu","UpKicking:ReiMu"],"picked":"PassingAway:ReiMu","floor":1},{"not_picked":["MeatLantern","HappyTeddy"],"picked":"UniverseFragment","floor":1},{"not_picked":["BarrageOfMoneybags:ReiMu+1","KamiSacrifice:ReiMu+1"],"picked":"FoulBorder2:ReiMu+1","floor":2},{"not_picked":["REME_TheoryOfElimination+1","Blind+1"],"picked":"REME_FirmDetermination+1","floor":2}],"player_experience":222264,"relics_obtained":[{"floor":1,"key":"LetterFromLob"}],"event_choices":[{"damage_healed":0,"gold_gain":0,"player_choice":"2","damage_taken":0,"max_hp_gain":0,"max_hp_loss":0,"event_name":"betterMatch:BetterMatch","floor":2,"gold_loss":0,"cards_obtained":["betterMatch:UncommonCard","betterMatch:ColorlessUncommonCard"]}],"is_beta":true,"boss_relics":[],"items_purged_floors":[],"is_endless":false,"potions_floor_spawned":[],"killed_by":"Gensokyo:Mamizou","ascension_level":0}}