{"host":"q1ejl7hv5l3527la","time":1611129942,"event":{"mods":["Aspiration","Bard","BaseMod","Better Third Choice","Colored Powertips","Downfall","Energized Spire","Highlight Path","Infinite Spire","Minty Spire (QoL Compilation)","Shop Mod","StSLib","The Cursed","The Jungle","The Runesmith"],"gold_per_floor":[110,185,8,21,35,35,66,66,114,133,152,162,145,173,173,273,273,292,292,182,199,199,199,215,242,265,365,365,397,417,417,417,519,519,530,554,569,569,589,622,634,665,748,238,238,263,16,34,34,34],"floor_reached":51,"language":"ENG","playtime":2956,"items_purged":[],"score":784,"play_id":"146f7537-a31e-4db2-898c-f0f0599e104a","local_time":"20210120020542","is_ascension_mode":true,"campfire_choices":[{"floor":6,"key":"REST"},{"floor":8,"key":"REST"},{"floor":15,"key":"REST"},{"data":"Genetic Algorithm","floor":23,"key":"SMITH"},{"data":"Static Discharge","floor":32,"key":"SMITH"},{"floor":41,"key":"REST"},{"floor":49,"key":"REST"}],"circlet_count":0,"master_deck":["Strike_B+1","Strike_B+1","Strike_B+1","Strike_B+1","Defend_B+1","Defend_B+1","Defend_B+1","Defend_B+1","Zap","Dualcast","Redo","Gash","Gash","Go for the Eyes","Genetic Algorithm+1","All For One","Rebound","Skim","Melter","Beam Cell","Machine Learning","BootSequence+1","Streamline","Hologram","Rebound","Leap","Steam+1","infinitespire:Gouge","Go for the Eyes+1","Static Discharge+1","Electrodynamics","Rip and Tear+1","Conserve Battery+1","Streamline+1","Lockon+1","Hologram+1","Beam Cell","Go for the Eyes","Conserve Battery","Steam","Madness","Transmutation","The Bomb","Stack","Skim","Streamline+1"],"relics":["Sozu","Membership Card","PreservedInsect","infinitespire:Beetle Shell","infinitespire:Golems Mask","aspiration:PoetsPen_weak","Pen Nib","Kunai","Tiny Chest","infinitespire:PuzzleCube","energizedSpire:NeverEndingSparkler","infinitespire:Freezer","Black Star","MealTicket","MawBank","Boot","Question Card","StoneCalendar","Regal Pillow","OrangePellets","Orichalcum","Bronze Scales","Bottled Tornado"],"acts_visited":["Exordium","TheCity","TheBeyond"],"potions_floor_usage":[],"damage_taken":[{"damage":0,"enemies":"Small Slimes","floor":1,"turns":3},{"damage":1,"enemies":"Cultist","floor":4,"turns":4},{"damage":6,"enemies":"Jaw Worm","floor":5,"turns":2},{"damage":55,"enemies":"Gremlin Nob","floor":7,"turns":6},{"damage":16,"enemies":"Exordium Thugs","floor":10,"turns":4},{"damage":2,"enemies":"Blue Slaver","floor":11,"turns":3},{"damage":5,"enemies":"Exordium Wildlife","floor":12,"turns":4},{"damage":11,"enemies":"Lagavulin","floor":14,"turns":6},{"damage":28,"enemies":"The Guardian","floor":16,"turns":10},{"damage":0,"enemies":"3 Byrds","floor":18,"turns":4},{"damage":0,"enemies":"Spheric Guardian","floor":21,"turns":2},{"damage":13,"enemies":"Snake Plant","floor":24,"turns":3},{"damage":1,"enemies":"Book of Stabbing","floor":25,"turns":3},{"damage":5,"enemies":"Gremlin Leader","floor":29,"turns":4},{"damage":0,"enemies":"Cultist and Chosen","floor":30,"turns":4},{"damage":11,"enemies":"Collector","floor":33,"turns":5},{"damage":19,"enemies":"3 Darklings","floor":35,"turns":4},{"damage":0,"enemies":"Orb Walker","floor":37,"turns":2},{"damage":6,"enemies":"Writhing Mass","floor":39,"turns":4},{"damage":24,"enemies":"Nemesis","floor":40,"turns":5},{"damage":8,"enemies":"4 Shapes","floor":42,"turns":3},{"damage":5,"enemies":"Spire Growth","floor":48,"turns":3},{"damage":34,"enemies":"Awakened One","floor":50,"turns":8}],"seed_played":"-858739017360749680","potions_obtained":[],"is_trial":false,"path_per_floor":["M","?","$","M","M","R","E","R","T","M","M","M","$","E","R","B",null,"M","?","$","M","?","R","M","E","T","?","AVR","E","M","?","R","B",null,"M","T","M","?","M","E","R","M","T","$","?","T","$","M","R","B",null],"character_chosen":"DEFECT","items_purchased":["Membership Card","Gash","Melter","Streamline","Pen Nib","Hologram","StoneCalendar","Beam Cell","Go for the Eyes","Conserve Battery","Regal Pillow","Steam","OrangePellets","Madness","Transmutation","Bronze Scales","Bottled Tornado","Stack","Skim"],"campfire_rested":5,"item_purchase_floors":[3,3,13,20,20,20,44,44,44,44,44,44,44,44,44,47,47,47,47],"current_hp_per_floor":[75,64,64,63,57,75,20,42,42,26,24,19,19,8,30,2,75,75,75,75,75,75,75,62,61,61,61,61,56,56,75,75,64,75,56,56,56,56,50,26,48,40,40,55,55,55,70,65,75,41],"gold":34,"neow_bonus":"BOSS_RELIC","is_daily":false,"chose_seed":false,"campfire_upgraded":2,"win_rate":0.0,"timestamp":1611129942,"path_taken":["M","?","$","M","M","R","E","R","T","M","M","M","$","E","R","BOSS","M","?","$","M","?","R","M","E","T","?","AVR","E","?","?","R","BOSS","M","?","M","?","M","E","R","M","T","?","?","?","$","M","R","BOSS"],"items_purchased_type":["Relic","Card","Card","Card","Relic","Card","Relic","Card","Card","Card","Relic","Card","Relic","Card","Card","Relic","Relic","Card","Card"],"build_version":"2020-12-22","purchased_purges":0,"victory":true,"max_hp_per_floor":[75,75,75,75,75,75,75,75,75,75,75,75,75,75,75,75,75,75,75,75,75,75,75,75,75,75,75,75,75,75,75,75,75,75,75,75,75,75,75,75,75,75,75,75,75,75,75,75,75,75],"card_choices":[{"not_picked":["Ball Lightning","Capacitor"],"picked":"Redo","floor":1},{"not_picked":["Beam Cell","Ball Lightning"],"picked":"Gash","floor":4},{"not_picked":["Loop","Lockon"],"picked":"Go for the Eyes","floor":5},{"not_picked":["Barrage","Steam"],"picked":"Genetic Algorithm","floor":7},{"not_picked":["Rebound","Reinforced Body"],"picked":"All For One","floor":10},{"not_picked":["Hologram","Darkness"],"picked":"Rebound","floor":11},{"not_picked":["Coolheaded","Doom and Gloom"],"picked":"Skim","floor":12},{"not_picked":["Stack","Rebound"],"picked":"Beam Cell","floor":14},{"not_picked":["Buffer","All For One"],"picked":"Machine Learning","floor":16},{"not_picked":["Loop","Reprogram"],"picked":"BootSequence+1","floor":18},{"not_picked":["Reprogram+1","Loop"],"picked":"Rebound","floor":21},{"not_picked":["Defragment","Genetic Algorithm"],"picked":"Leap","floor":24},{"not_picked":["Turbo+1","BootSequence"],"picked":"Steam+1","floor":25},{"not_picked":["Compile Driver","Tempest"],"picked":"Go for the Eyes+1","floor":29},{"not_picked":["Cold Snap","Consume"],"picked":"Static Discharge","floor":30},{"not_picked":["Meteor Strike","Machine Learning"],"picked":"Electrodynamics","floor":33},{"not_picked":["Redo+1","Steam"],"picked":"Rip and Tear+1","floor":35},{"not_picked":["Streamline+1","Hello World+1"],"picked":"Conserve Battery+1","floor":37},{"not_picked":["Redo","Leap+1"],"picked":"Streamline+1","floor":39},{"not_picked":["Hello World","Meteor Strike"],"picked":"Lockon+1","floor":40},{"not_picked":["Reinforced Body","Melter+1"],"picked":"Hologram+1","floor":42},{"not_picked":["Panacea","Finesse","PanicButton"],"picked":"The Bomb","floor":45},{"not_picked":["Rebound+1","Leap+1","Conserve Battery"],"picked":"Streamline+1","floor":48}],"player_experience":100498,"relics_obtained":[{"floor":7,"key":"PreservedInsect"},{"floor":9,"key":"infinitespire:Beetle Shell"},{"floor":14,"key":"infinitespire:Golems Mask"},{"floor":25,"key":"Kunai"},{"floor":26,"key":"Tiny Chest"},{"floor":29,"key":"infinitespire:Freezer"},{"floor":36,"key":"MealTicket"},{"floor":40,"key":"MawBank"},{"floor":40,"key":"Boot"},{"floor":43,"key":"Question Card"},{"floor":46,"key":"Orichalcum"}],"event_choices":[{"damage_healed":0,"gold_gain":75,"player_choice":"Gold","damage_taken":11,"max_hp_gain":0,"max_hp_loss":0,"event_name":"betterThird:BetterGoop","floor":2,"gold_loss":0},{"damage_healed":0,"gold_gain":0,"player_choice":"Simplicity","damage_taken":0,"max_hp_gain":0,"max_hp_loss":8,"event_name":"betterThird:BetterWriting","floor":19,"gold_loss":0},{"damage_healed":0,"gold_gain":100,"player_choice":"Pray","damage_taken":0,"max_hp_gain":0,"max_hp_loss":0,"event_name":"Golden Shrine","floor":27,"gold_loss":0},{"damage_healed":25,"gold_gain":0,"player_choice":"Heal","damage_taken":0,"max_hp_gain":0,"max_hp_loss":0,"event_name":"The Library","floor":31,"gold_loss":0},{"damage_healed":0,"gold_gain":0,"player_choice":"Ignored","damage_taken":0,"max_hp_gain":0,"max_hp_loss":0,"event_name":"Tomb of Lord Red Mask","floor":38,"gold_loss":0},{"damage_healed":0,"gold_gain":0,"player_choice":"Memory 1","damage_taken":0,"max_hp_gain":0,"max_hp_loss":0,"event_name":"SensoryStone","floor":45,"gold_loss":0}],"is_beta":false,"boss_relics":[{"not_picked":["Snecko Eye","energizedSpire:HugeHouse"],"picked":"aspiration:PoetsPen_weak"},{"not_picked":["energizedSpire:OldTV","Fusion Hammer"],"picked":"Black Star"}],"items_purged_floors":[],"is_endless":false,"potions_floor_spawned":[4,7,11,16,18,25,29,35,37,42,48],"ascension_level":1}}