{"host":"8c7ixdz8x9d2d2wv","time":1611157718,"event":{"mods":["AYAYA","BaseMod","Better Altar","Better Sensory Stone","Better-Laid Plans","BetterRewards","Colored Map","Colored Powertips","Curses Come First","Dark Map","Defuse TimeMaze Blight","Emptier Cage","Highlight Path","Minty Spire (QoL Compilation)","Quick Restart","Rare Cards Sparkle","Relic Sorter","Shop Mod","StSLib","Transform Curses","Uncapped"],"gold_per_floor":[114,132,132,57,75,75,95,95,95,95,116,132,55,55,55,55,55],"floor_reached":16,"language":"ENG","playtime":748,"items_purged":["Defend_G"],"score":92,"play_id":"4dc069dc-fc35-42e5-a579-ca7d4bbdb991","local_time":"20210120164838","is_ascension_mode":false,"campfire_choices":[{"data":"Neutralize","floor":6,"key":"SMITH"},{"floor":10,"key":"RECALL"},{"data":"Caltrops","floor":15,"key":"SMITH"}],"circlet_count":0,"master_deck":["Strike_G","Strike_G","Strike_G","Strike_G","Defend_G","Defend_G","Defend_G","Defend_G","Survivor","Neutralize+1","Caltrops+1","Dodge and Roll","Footwork","Regret"],"relics":["Ring of the Snake","NeowsBlessing","Golden Idol","Lizard Tail"],"acts_visited":["Exordium"],"potions_floor_usage":[12,12,16],"damage_taken":[{"damage":0,"enemies":"Small Slimes","floor":1,"turns":1},{"damage":0,"enemies":"Jaw Worm","floor":2,"turns":1},{"damage":0,"enemies":"Cultist","floor":5,"turns":1},{"damage":0,"enemies":"Exordium Wildlife","floor":7,"turns":5},{"damage":0,"enemies":"2 Fungi Beasts","floor":11,"turns":5},{"damage":7,"enemies":"Large Slime","floor":12,"turns":9},{"damage":87,"enemies":"Slime Boss","floor":16,"turns":15}],"seed_played":"-9064226422649289670","potions_obtained":[{"floor":1,"key":"BlessingOfTheForge"},{"floor":5,"key":"Explosive Potion"},{"floor":12,"key":"LiquidBronze"}],"is_trial":false,"path_per_floor":["M","M","?","$","M","R","M","?","T","R","M","M","$","?","R","B"],"character_chosen":"THE_SILENT","items_purchased":["Footwork"],"campfire_rested":0,"item_purchase_floors":[13],"current_hp_per_floor":[70,70,70,70,70,70,70,53,53,53,53,46,46,46,46,0,0],"gold":55,"neow_bonus":"THREE_ENEMY_KILL","is_daily":false,"chose_seed":false,"campfire_upgraded":2,"win_rate":0.0,"timestamp":1611157718,"path_taken":["M","M","?","?","M","R","M","?","T","R","?","M","?","?","R","BOSS"],"items_purchased_type":["Card"],"build_version":"2020-12-22","purchased_purges":1,"victory":false,"max_hp_per_floor":[70,70,70,70,70,70,70,70,70,70,70,70,70,70,70,70,70],"card_choices":[{"not_picked":["Infinite Blades","Eviscerate","Leg Sweep"],"picked":"SKIP","floor":1},{"not_picked":["Dagger Spray","Underhanded Strike","Tactician"],"picked":"SKIP","floor":2},{"not_picked":["Flying Knee","Prepared","Tactician"],"picked":"SKIP","floor":5},{"not_picked":["Poisoned Stab","Endless Agony","Setup"],"picked":"SKIP","floor":7},{"not_picked":["Tactician","Prepared"],"picked":"Caltrops","floor":11},{"not_picked":["Escape Plan","Backflip"],"picked":"Dodge and Roll","floor":12}],"player_experience":655401,"relics_obtained":[],"event_choices":[{"cards_removed":["Strike_G"],"damage_healed":0,"gold_gain":0,"player_choice":"Forget","damage_taken":0,"max_hp_gain":0,"max_hp_loss":0,"event_name":"Living Wall","floor":3,"gold_loss":0},{"damage_healed":0,"gold_gain":0,"player_choice":"Take Damage","damage_taken":17,"relics_obtained":["Golden Idol"],"max_hp_gain":0,"max_hp_loss":0,"event_name":"Golden Idol","floor":8,"gold_loss":0},{"damage_healed":0,"gold_gain":0,"player_choice":"Box","damage_taken":0,"relics_obtained":["Lizard Tail"],"max_hp_gain":0,"max_hp_loss":0,"event_name":"Big Fish","floor":14,"gold_loss":0,"cards_obtained":["Regret"]}],"is_beta":false,"boss_relics":[],"items_purged_floors":[4],"is_endless":false,"potions_floor_spawned":[1,5,12],"killed_by":"Slime Boss","ascension_level":0}}