{"host":"vex7walpoxzv48nx","time":1611177413,"event":{"mods":["BaseMod","Bestiary","Minty Spire (QoL Compilation)","Permanent Neow","Quick Restart","Relic Stats"],"gold_per_floor":[367,379,390,5,23,52,69,87,112,112,137,137,7,22,22,126,126,126,66,66,66,66,66],"floor_reached":22,"language":"ENG","playtime":1886,"items_purged":["Strike_G"],"score":208,"play_id":"022f5c3b-f4a9-4081-9b29-cacffba2fc6f","local_time":"20210120221653","is_ascension_mode":true,"campfire_choices":[{"data":"Catalyst","floor":10,"key":"SMITH"},{"data":"Infinite Blades","floor":12,"key":"SMITH"},{"floor":15,"key":"REST"}],"circlet_count":0,"master_deck":["Strike_G","Strike_G","Strike_G","Strike_G","Defend_G","Defend_G","Defend_G","Defend_G","Defend_G","Survivor","Neutralize","Slice","Sucker Punch","Deadly Poison","Bouncing Flask","Infinite Blades+1","Catalyst+1","Dagger Spray","Noxious Fumes","Corpse Explosion","Blur","Noxious Fumes","Acrobatics","Calculated Gamble","Malaise","Escape Plan","Bouncing Flask","Crippling Poison"],"relics":["Ring of the Snake","Happy Flower","Ancient Tea Set","Potion Belt","Akabeko","Ectoplasm"],"acts_visited":["Exordium","TheCity"],"potions_floor_usage":[11,11,11,11,11,19,22],"damage_taken":[{"damage":0,"enemies":"Cultist","floor":1,"turns":4},{"damage":2,"enemies":"Small Slimes","floor":2,"turns":4},{"damage":0,"enemies":"Jaw Worm","floor":3,"turns":3},{"damage":8,"enemies":"Gremlin Gang","floor":5,"turns":5},{"damage":22,"enemies":"Gremlin Nob","floor":6,"turns":4},{"damage":4,"enemies":"Looter","floor":7,"turns":3},{"damage":4,"enemies":"Blue Slaver","floor":8,"turns":3},{"damage":1,"enemies":"3 Sentries","floor":11,"turns":5},{"damage":4,"enemies":"3 Louse","floor":14,"turns":2},{"damage":8,"enemies":"Slime Boss","floor":16,"turns":5},{"damage":3,"enemies":"Chosen","floor":18,"turns":4},{"damage":10,"enemies":"2 Thieves","floor":19,"turns":3},{"damage":30,"enemies":"Shelled Parasite and Fungi","floor":22,"turns":5}],"seed_played":"-1570030289123229529","potions_obtained":[{"floor":2,"key":"Regen Potion"},{"floor":5,"key":"EntropicBrew"},{"floor":8,"key":"SteroidPotion"},{"floor":11,"key":"Strength Potion"}],"is_trial":false,"path_per_floor":["M","M","M","$","M","E","M","M","T","R","E","R","$","M","R","B",null,"M","M","T","?","M"],"character_chosen":"THE_SILENT","items_purchased":["Happy Flower","Bouncing Flask","Infinite Blades","Noxious Fumes","Acrobatics"],"campfire_rested":1,"item_purchase_floors":[4,4,4,13,13],"current_hp_per_floor":[63,61,61,61,53,31,27,23,23,23,37,37,37,33,51,43,63,60,50,50,50,20,20],"gold":66,"neow_bonus":"TWO_FIFTY_GOLD","is_daily":false,"chose_seed":false,"campfire_upgraded":2,"win_rate":0.0,"timestamp":1611177413,"path_taken":["M","M","M","$","M","E","M","M","T","R","E","R","$","M","R","BOSS","M","M","?","?","M"],"items_purchased_type":["Relic","Card","Card","Card","Card"],"build_version":"2020-12-22","purchased_purges":1,"victory":false,"max_hp_per_floor":[63,63,63,63,63,63,63,63,63,63,63,63,63,63,63,63,63,63,63,63,63,63,63],"relic_stats":{"Happy Flower":[13],"counters":[13,50],"Ectoplasm":97,"obtain_stats":[{"Potion Belt":9,"Happy Flower":4,"Ectoplasm":17,"Ancient Tea Set":6,"Akabeko":11,"Ring of the Snake":0},{"Potion Belt":7,"Happy Flower":3,"Ectoplasm":10,"Ancient Tea Set":5,"Akabeko":8,"Ring of the Snake":0},{"Potion Belt":26,"Happy Flower":11,"Ectoplasm":38,"Ancient Tea Set":20,"Akabeko":31,"Ring of the Snake":0}],"Ring of the Snake":[26]},"card_choices":[{"not_picked":["Backflip","PiercingWail"],"picked":"Slice","floor":1},{"not_picked":["Outmaneuver","Flying Knee"],"picked":"Sucker Punch","floor":2},{"not_picked":["Acrobatics","Reflex"],"picked":"Deadly Poison","floor":3},{"not_picked":["Accuracy","Slice"],"picked":"Catalyst","floor":5},{"not_picked":["PiercingWail","Prepared"],"picked":"Dagger Spray","floor":6},{"not_picked":["Deadly Poison","Predator"],"picked":"Noxious Fumes","floor":7},{"not_picked":["Well Laid Plans","Flying Knee"],"picked":"Corpse Explosion","floor":8},{"not_picked":["Riddle With Holes","Cloak And Dagger"],"picked":"Blur","floor":11},{"not_picked":["Cloak And Dagger","Bane"],"picked":"Calculated Gamble","floor":14},{"not_picked":["Glass Knife","Phantasmal Killer"],"picked":"Malaise","floor":16},{"not_picked":["Finisher+1","Deflect"],"picked":"Escape Plan","floor":18},{"not_picked":["Dagger Throw","Quick Slash"],"picked":"Bouncing Flask","floor":19}],"player_experience":174902,"relics_obtained":[{"floor":6,"key":"Ancient Tea Set"},{"floor":9,"key":"Potion Belt"},{"floor":11,"key":"Akabeko"}],"event_choices":[{"damage_healed":0,"gold_gain":0,"player_choice":"Read","damage_taken":0,"max_hp_gain":0,"max_hp_loss":0,"event_name":"The Library","floor":21,"gold_loss":0,"cards_obtained":["Crippling Poison"]}],"is_beta":false,"boss_relics":[{"not_picked":["Snecko Eye","Black Star"],"picked":"Ectoplasm"}],"items_purged_floors":[4],"is_endless":false,"potions_floor_spawned":[2,5,8,11],"killed_by":"Shelled Parasite and Fungi","ascension_level":1}}