{"host":"7f01flv6y0vhl3vt","time":1611173288,"event":{"mods":["Act Like it!","BaseMod","Downfall","Minty Spire (QoL Compilation)","StSLib"],"gold_per_floor":[99,118,128,128,140,40,40,50,50,69,85,85,85,46,66,66,66,66],"floor_reached":16,"language":"ENG","playtime":1496,"items_purged":[],"score":94,"play_id":"40390391-84a7-4ee8-9b89-159a28ffb0df","local_time":"20210120150808","is_ascension_mode":false,"campfire_choices":[{"floor":1,"key":"RECALL"},{"floor":6,"key":"REST"},{"floor":9,"key":"REST"},{"floor":13,"key":"REST"}],"circlet_count":0,"master_deck":["bronze:Strike","bronze:Strike","bronze:Strike","bronze:Strike","bronze:Defend","bronze:Defend","bronze:Defend","bronze:Defend","bronze:Replicate","bronze:Goto","bronze:DarkDash","bronze:Branch","bronze:Spike","bronze:DazingPulse","bronze:Explode","bronze:Safeguard","bronze:Shell","bronze:NullPointer","bronze:Boost","bronze:Return","bronze:Flail","bronze:DelayedSlice","bronze:Break"],"relics":["bronze:BronzeCore","downfall:HeartBlessingRed","White Beast Statue"],"acts_visited":["Exordium"],"potions_floor_usage":[4,8,11,16,16,16],"damage_taken":[{"damage":7,"enemies":"Cultist","floor":2,"turns":5},{"damage":3,"enemies":"Jaw Worm","floor":3,"turns":3},{"damage":65,"enemies":"Jaw Worm","floor":4,"turns":7},{"damage":0,"enemies":"Small Slimes","floor":5,"turns":2},{"damage":2,"enemies":"Exordium Thugs","floor":8,"turns":2},{"damage":0,"enemies":"Blue Slaver","floor":10,"turns":2},{"damage":9,"enemies":"3 Louse","floor":11,"turns":4},{"damage":2,"enemies":"downfall:FleeingMerchant","floor":14,"turns":4},{"damage":0,"enemies":"Exordium Wildlife","floor":15,"turns":2},{"damage":58,"enemies":"DF_ARCHETYPE_STREAMLINE","floor":16,"turns":10}],"seed_played":"4524351938125584568","potions_obtained":[{"floor":2,"key":"BlessingOfTheForge"},{"floor":5,"key":"SpeedPotion"},{"floor":10,"key":"LiquidBronze"},{"floor":11,"key":"sneckomod:MuddlingPotion"},{"floor":14,"key":"sneckomod:MuddlingPotion"},{"floor":15,"key":"champ:CounterPotion"}],"is_trial":false,"path_per_floor":["R","M","M","?","M","R","T","M","R","M","M","T","R","$","M","B"],"character_chosen":"THE_AUTOMATON","items_purchased":["bronze:DelayedSlice"],"campfire_rested":3,"item_purchase_floors":[14],"current_hp_per_floor":[77,70,67,2,2,25,25,23,46,46,37,37,60,58,58,0,0,0],"gold":66,"neow_bonus":"TEN_PERCENT_HP_BONUS","is_daily":false,"chose_seed":false,"campfire_upgraded":0,"win_rate":0.0,"timestamp":1611173288,"path_taken":["R","M","?","?","M","R","T","M","R","M","M","?","R","$","M","BOSS"],"items_purchased_type":["Card"],"build_version":"2020-12-22","purchased_purges":0,"victory":false,"max_hp_per_floor":[77,77,77,77,77,77,77,77,77,77,77,77,77,77,77,77,77,77],"card_choices":[{"not_picked":["bronze:BitShift","bronze:Turbo"],"picked":"bronze:DarkDash","floor":2},{"not_picked":["bronze:DelayedGuard","bronze:FineTuning"],"picked":"bronze:Branch","floor":3},{"not_picked":[],"picked":"bronze:Spike","floor":4},{"not_picked":[],"picked":"bronze:DazingPulse","floor":4},{"not_picked":[],"picked":"bronze:Explode","floor":4},{"not_picked":["bronze:ItsAFeature","bronze:Backtrace"],"picked":"bronze:Safeguard","floor":4},{"not_picked":["bronze:FineTuning","bronze:Philosophize"],"picked":"bronze:Shell","floor":5},{"not_picked":["bronze:Return","bronze:ItsAFeature"],"picked":"bronze:NullPointer","floor":8},{"not_picked":["bronze:Philosophize","bronze:WildBeam"],"picked":"bronze:Boost","floor":10},{"not_picked":["bronze:Deprecate","bronze:Invalidate"],"picked":"bronze:Return","floor":11},{"not_picked":["bronze:BitShift","bronze:DelayedGuard"],"picked":"bronze:Flail","floor":14},{"not_picked":["bronze:Overload","bronze:WhirlingStrike"],"picked":"bronze:Break","floor":15}],"player_experience":1326788,"relics_obtained":[{"floor":12,"key":"White Beast Statue"}],"event_choices":[],"is_beta":false,"boss_relics":[],"items_purged_floors":[],"is_endless":false,"potions_floor_spawned":[2,5,10,11,14,15],"killed_by":"DF_ARCHETYPE_STREAMLINE","ascension_level":0}}