{"host":"36t3qd3wjvajtu1z","time":1611179400,"event":{"mods":["AchievementEnabler","BaseMod","Block Reminder","Colored Powertips","Minty Spire (QoL Compilation)","Permanent Neow","Quick Restart","Random Character Button","Rare Cards Sparkle","Relic Stats","Slay-I","StSLib"],"gold_per_floor":[114,134,152,152,164,164,5,34,34,34,48,78,78,109,109,204,204,223,223,243,261,19,19,19,19],"floor_reached":24,"language":"ENG","playtime":1321,"items_purged":["Strike_B"],"score":333,"play_id":"834c1e7c-e51f-42db-90da-b6a1004db618","local_time":"20210120135000","is_ascension_mode":true,"campfire_choices":[{"data":"Doom and Gloom","floor":6,"key":"SMITH"},{"data":"Rainbow","floor":10,"key":"SMITH"},{"floor":13,"key":"REST"},{"data":"Capacitor","floor":15,"key":"SMITH"},{"floor":23,"key":"REST"}],"circlet_count":0,"master_deck":["Strike_B","Strike_B","Strike_B","Defend_B","Defend_B","Defend_B","Defend_B","Zap","Dualcast","Conserve Battery","Cold Snap","Sweeping Beam","Doom and Gloom+1","Capacitor+1","Rainbow+1","Conserve Battery","FTL","Ball Lightning+1","Thunder Strike+1","Steam","Writhe","Hologram","FTL+1","Apotheosis","Defragment"],"relics":["Cracked Core","Strawberry","InkBottle","Regal Pillow","Bottled Tornado","Potion Belt","Molten Egg 2","Inserter","Blood Vial"],"acts_visited":["TheCity"],"potions_floor_usage":[5,8,16,16,21,24],"damage_taken":[{"damage":1,"enemies":"Cultist","floor":1,"turns":3},{"damage":0,"enemies":"Small Slimes","floor":2,"turns":2},{"damage":3,"enemies":"2 Louse","floor":3,"turns":2},{"damage":6,"enemies":"Gremlin Gang","floor":5,"turns":4},{"damage":12,"enemies":"3 Sentries","floor":8,"turns":7},{"damage":22,"enemies":"Large Slime","floor":11,"turns":5},{"damage":19,"enemies":"Lagavulin","floor":12,"turns":6},{"damage":22,"enemies":"3 Sentries","floor":14,"turns":5},{"damage":0,"enemies":"The Guardian","floor":16,"turns":8},{"damage":19,"enemies":"Spheric Guardian","floor":18,"turns":4},{"damage":5,"enemies":"Chosen","floor":20,"turns":4},{"damage":36,"enemies":"Shelled Parasite and Fungi","floor":21,"turns":5},{"damage":56,"enemies":"Book of Stabbing","floor":24,"turns":5}],"seed_played":"2205548991236680858","potions_obtained":[{"floor":2,"key":"LiquidMemories"},{"floor":3,"key":"AttackPotion"},{"floor":8,"key":"Swift Potion"},{"floor":14,"key":"FearPotion"},{"floor":21,"key":"SkillPotion"}],"is_trial":false,"path_per_floor":["M","M","M","T","M","R","$","E","T","R","M","E","R","E","R","B",null,"M","?","M","M","$","R","E"],"character_chosen":"DEFECT","items_purchased":["Capacitor","BlessingOfTheForge","Apotheosis","Defragment"],"campfire_rested":2,"item_purchase_floors":[7,7,22,22],"current_hp_per_floor":[81,81,78,78,72,72,72,60,60,60,38,19,58,36,36,36,71,52,52,49,15,15,54,0,0],"gold":19,"neow_bonus":"RANDOM_COMMON_RELIC","is_daily":false,"chose_seed":false,"campfire_upgraded":3,"win_rate":0.0,"timestamp":1611179400,"path_taken":["M","M","M","?","M","R","$","E","T","R","M","E","R","E","R","BOSS","M","?","M","M","$","R","E"],"items_purchased_type":["Card","Potion","Card","Card"],"build_version":"2020-12-22","purchased_purges":1,"victory":false,"max_hp_per_floor":[82,82,82,82,82,82,82,82,82,82,82,82,82,82,82,82,82,82,82,82,82,82,82,82,82],"relic_stats":{"Blood Vial":6,"Regal Pillow":30,"Inserter":[9],"counters":[13,60],"obtain_stats":[{"Potion Belt":12,"Blood Vial":19,"Regal Pillow":8,"Inserter":17,"Strawberry":0,"Molten Egg 2":14,"Bottled Tornado":9,"Cracked Core":0,"InkBottle":4},{"Potion Belt":7,"Blood Vial":10,"Regal Pillow":5,"Inserter":9,"Strawberry":0,"Molten Egg 2":8,"Bottled Tornado":5,"Cracked Core":0,"InkBottle":3},{"Potion Belt":29,"Blood Vial":46,"Regal Pillow":18,"Inserter":42,"Strawberry":0,"Molten Egg 2":34,"Bottled Tornado":18,"Cracked Core":0,"InkBottle":7}],"InkBottle":[13]},"card_choices":[{"not_picked":["Turbo","Barrage"],"picked":"Conserve Battery","floor":1},{"not_picked":["Lockon","FTL"],"picked":"Cold Snap","floor":2},{"not_picked":["Steam Power","Aggregate"],"picked":"Sweeping Beam","floor":3},{"not_picked":["Barrage","Gash"],"picked":"Doom and Gloom","floor":5},{"not_picked":["Streamline","Gash"],"picked":"Rainbow","floor":8},{"not_picked":["Steam Power","Doom and Gloom"],"picked":"Conserve Battery","floor":11},{"not_picked":["Leap","Amplify"],"picked":"FTL","floor":12},{"not_picked":["Coolheaded","Hyperbeam+1"],"picked":"Ball Lightning+1","floor":14},{"not_picked":["Amplify","Hyperbeam+1"],"picked":"Thunder Strike+1","floor":16},{"not_picked":["Beam Cell+1","Redo"],"picked":"Steam","floor":18},{"not_picked":["Ball Lightning+1","Beam Cell+1"],"picked":"Hologram","floor":20},{"not_picked":["Stack","Auto Shields"],"picked":"FTL+1","floor":21}],"player_experience":356440,"relics_obtained":[{"floor":4,"key":"InkBottle"},{"floor":8,"key":"Regal Pillow"},{"floor":9,"key":"Bottled Tornado"},{"floor":12,"key":"Potion Belt"},{"floor":14,"key":"Molten Egg 2"}],"event_choices":[{"damage_healed":0,"gold_gain":0,"player_choice":"Opened","damage_taken":0,"relics_obtained":["Blood Vial"],"max_hp_gain":0,"max_hp_loss":0,"event_name":"The Mausoleum","floor":19,"gold_loss":0,"cards_obtained":["Writhe"]}],"is_beta":false,"boss_relics":[{"not_picked":["Runic Dome","Busted Crown"],"picked":"Inserter"}],"items_purged_floors":[7],"is_endless":false,"potions_floor_spawned":[2,3,8,14,21],"killed_by":"Book of Stabbing","ascension_level":5}}