{"host":"e6sgj53qqwx3piqv","time":1611110517,"event":{"mods":["AchievementEnabler","Aspiration","BaseMod","BetterRewards","Colored Powertips","Downfall","Hermit","Highlight Path","Hubris","Infinite Spire","Minty Spire (QoL Compilation)","Quick Restart","Rare Cards Sparkle","Shop Mod","StSLib","The Cursed","The Disciple","The Jungle","The Runesmith"],"gold_per_floor":[112,112,112,112,123,157,157,186,211,211,231,250,262,272,272,377,377,394,394,413,413,513,547,547,162,236,236,251,262,0,0,0,97,97,109,109,109,109,15,15,15,30,30,61,61,79,79,90,90,90,90],"floor_reached":50,"language":"ENG","playtime":4811,"items_purged":[],"score":598,"play_id":"34f3d2da-884a-424a-8523-952d28d01040","local_time":"20210119214157","is_ascension_mode":false,"campfire_choices":[{"floor":7.0,"key":"RECALL"},{"data":"infinitespire:Starlight","floor":15.0,"key":"SMITH"},{"data":"Noxious Fumes","floor":24.0,"key":"SMITH"},{"data":"Poisoned Stab","floor":27.0,"key":"SMITH"},{"floor":32.0,"key":"REST"},{"floor":40.0,"key":"REST"},{"floor":47.0,"key":"REST"},{"floor":49.0,"key":"REST"}],"circlet_count":0,"master_deck":["Strike_G","Strike_G","Strike_G","Strike_G","Strike_G","Defend_G","Defend_G","Defend_G","Defend_G","Survivor","Neutralize","Bane","infinitespire:Starlight+1","Decay","Flying Knee","Predator","aspiration:Lunge","Deadly Poison","Poisoned Stab+1","Outmaneuver","After Image","Adrenaline","Noxious Fumes+1","Envenom","Predator","Noxious Fumes","Cloak And Dagger","Eviscerate","Choke","Backflip","Dodge and Roll","Leg Sweep","hubris:Counter","Accuracy+1","Storm of Steel","Poisoned Stab+1","Underhanded Strike+1","Noxious Fumes","Deadly Poison","Dodge and Roll+1","Sucker Punch","Bouncing Flask+1","Cloak And Dagger+1","Leg Sweep","Choke+1","Quick Slash+1"],"relics":["Ring of the Snake","NeowsBlessing","hubris:Towel","hubris:OldNail","hubris:PeanutButter","FaceOfCleric","hubris:BlackHole","MutagenicStrength","Ice Cream","hubris:SlimyHat","Chemical X","Matryoshka","Dream Catcher","hubris:GrandSneckoEye","aspiration:SeaSaltIceCream","Ginger","Cracked Core","Mercury Hourglass","Orichalcum","The Courier"],"acts_visited":["Exordium","TheCity","TheBeyond"],"potions_floor_usage":[50],"damage_taken":[{"damage":0.0,"enemies":"Cultist","floor":1.0,"turns":1.0},{"damage":0.0,"enemies":"2 Louse","floor":5.0,"turns":1.0},{"damage":0.0,"enemies":"Gremlin Nob","floor":6.0,"turns":1.0},{"damage":46.0,"enemies":"Lagavulin","floor":8.0,"turns":10.0},{"damage":0.0,"enemies":"Small Slimes","floor":11.0,"turns":4.0},{"damage":0.0,"enemies":"Gremlin Gang","floor":12.0,"turns":3.0},{"damage":0.0,"enemies":"Large Slime","floor":13.0,"turns":5.0},{"damage":9.0,"enemies":"Exordium Thugs","floor":14.0,"turns":4.0},{"damage":23.0,"enemies":"The Guardian","floor":16.0,"turns":11.0},{"damage":0.0,"enemies":"Spheric Guardian","floor":18.0,"turns":3.0},{"damage":0.0,"enemies":"2 Thieves","floor":20.0,"turns":2.0},{"damage":15.0,"enemies":"Gremlin Leader","floor":23.0,"turns":4.0},{"damage":0.0,"enemies":"3 Cultists","floor":28.0,"turns":4.0},{"damage":0.0,"enemies":"Cultist and Chosen","floor":29.0,"turns":4.0},{"damage":79.0,"enemies":"Collector","floor":33.0,"turns":9.0},{"damage":0.0,"enemies":"Orb Walker","floor":35.0,"turns":3.0},{"damage":0.0,"enemies":"infinitespire:Three Voidlings","floor":37.0,"turns":2.0},{"damage":86.0,"enemies":"Nightmare_Alpha","floor":37.0,"turns":8.0},{"damage":1.0,"enemies":"3 Darklings","floor":42.0,"turns":4.0},{"damage":31.0,"enemies":"Nemesis","floor":44.0,"turns":5.0},{"damage":21.0,"enemies":"Writhing Mass","floor":46.0,"turns":4.0},{"damage":0.0,"enemies":"4 Shapes","floor":48.0,"turns":1.0},{"damage":84,"enemies":"Awakened One","floor":50,"turns":7}],"seed_played":"7929145648805236791","potions_obtained":[{"floor":5.0,"key":"BlessingOfTheForge"},{"floor":6.0,"key":"SmokeBomb"},{"floor":8.0,"key":"FearPotion"},{"floor":14.0,"key":"Fire Potion"},{"floor":20.0,"key":"Block Potion"},{"floor":23.0,"key":"Swift Potion"},{"floor":44.0,"key":"SkillPotion"},{"floor":48.0,"key":"Guardian:BlockOnCardUsePotion"}],"is_trial":false,"path_per_floor":["M","?","?","?","M","E","R","E","T","?","M","M","M","M","R","B",null,"M","?","M","T","?","E","R","$","T","R","M","M","$","?","R","B",null,"M","T","?","?","$","R","$","M","T","E","?","M","R","M","R","B"],"character_chosen":"THE_SILENT","items_purchased":["Noxious Fumes","Cloak And Dagger","Eviscerate","Choke","Chemical X","Dream Catcher","Leg Sweep","hubris:Counter","Noxious Fumes","Deadly Poison"],"campfire_rested":4,"item_purchase_floors":[25,25,25,25,25,30,30,30,39,39],"current_hp_per_floor":[70,53,53,53,53,53,53,17,17,17,28,29,40,42,42,35,75,76,76,77,77,77,63,63,63,63,63,79,80,80,80,80,17,81,82,82,10,10,10,35,35,50,50,35,35,30,56,57,83,0,0],"gold":90,"neow_bonus":"THREE_ENEMY_KILL","is_daily":false,"chose_seed":false,"campfire_upgraded":3,"win_rate":0.0,"timestamp":1611110517,"path_taken":["M","?","?","?","?","E","R","E","T","?","M","M","?","M","R","BOSS","M","?","M","?","?","E","R","$","T","R","?","M","?","?","R","BOSS","M","?","?","?","?","R","$","?","T","E","?","M","R","M","R","BOSS"],"items_purchased_type":["Card","Card","Card","Card","Relic","Relic","Card","Card","Card","Card"],"build_version":"2020-12-22","purchased_purges":0,"victory":false,"max_hp_per_floor":[70,70,70,70,70,70,70,70,70,70,71,72,73,74,74,75,75,76,76,77,77,77,78,78,78,78,78,79,80,80,80,80,81,81,82,82,84,84,84,84,84,85,85,86,86,87,87,88,88,88,88],"card_choices":[{"not_picked":["Deflect","Acrobatics"],"picked":"Bane","floor":1.0},{"not_picked":["infinitespire:SealOfDarkness+","hubris:Fate"],"picked":"infinitespire:Starlight","floor":2.0},{"not_picked":["hubris:Counter","Prepared"],"picked":"Flying Knee","floor":5.0},{"not_picked":["hubris:Counter","Doppelganger"],"picked":"Predator","floor":6.0},{"not_picked":["Flying Knee","Dagger Throw"],"picked":"aspiration:Lunge","floor":8.0},{"not_picked":["Endless Agony","Backflip"],"picked":"Deadly Poison","floor":11.0},{"not_picked":["Blade Dance","Backflip"],"picked":"Poisoned Stab","floor":12.0},{"not_picked":["Well Laid Plans","Underhanded Strike"],"picked":"Outmaneuver","floor":13.0},{"not_picked":["hubris:SlightOfHand","Deflect"],"picked":"After Image","floor":14.0},{"not_picked":["Tools of the Trade","Burst"],"picked":"Adrenaline","floor":16.0},{"not_picked":["Caltrops+1","Dagger Throw"],"picked":"Noxious Fumes","floor":18.0},{"not_picked":["Backflip","hubris:SlightOfHand"],"picked":"Envenom","floor":20.0},{"not_picked":["PiercingWail+1","Flechettes"],"picked":"Predator","floor":23.0},{"not_picked":["Blur","Dodge and Roll+1"],"picked":"Backflip","floor":28.0},{"not_picked":["Acrobatics","Reflex"],"picked":"Dodge and Roll","floor":29.0},{"not_picked":["Doppelganger","Setup"],"picked":"Accuracy+1","floor":32.0},{"not_picked":["Bullet Time","Tools of the Trade"],"picked":"Storm of Steel","floor":33.0},{"not_picked":["Flying Knee+1","Dash+1"],"picked":"Poisoned Stab+1","floor":35.0},{"not_picked":["Quick Slash","Prepared+1"],"picked":"Underhanded Strike+1","floor":37.0},{"not_picked":["hubris:Sniper+1","Grand Finale"],"picked":"Dodge and Roll+1","floor":40.0},{"not_picked":["Backflip+1","Dodge and Roll"],"picked":"Sucker Punch","floor":42.0},{"not_picked":["Deflect","Dash"],"picked":"Bouncing Flask+1","floor":44.0},{"not_picked":["Accuracy+1","Bane"],"picked":"Cloak And Dagger+1","floor":46.0},{"not_picked":["Deflect+1","Dagger Throw+1"],"picked":"Leg Sweep","floor":47.0},{"not_picked":["Sucker Punch","Calculated Gamble+1"],"picked":"Choke+1","floor":48.0},{"not_picked":["Concentrate+1","Cloak And Dagger"],"picked":"Quick Slash+1","floor":49.0}],"player_experience":191559,"relics_obtained":[{"floor":6.0,"key":"hubris:OldNail"},{"floor":8.0,"key":"hubris:PeanutButter"},{"floor":21.0,"key":"Ice Cream"},{"floor":23.0,"key":"hubris:SlimyHat"},{"floor":26.0,"key":"Matryoshka"},{"floor":36.0,"key":"aspiration:SeaSaltIceCream"},{"floor":36.0,"key":"Ginger"},{"floor":43.0,"key":"Mercury Hourglass"},{"floor":43.0,"key":"Orichalcum"},{"floor":44.0,"key":"The Courier"}],"event_choices":[{"damage_healed":0.0,"max_hp_gain":0.0,"max_hp_loss":0.0,"gold_gain":0.0,"event_name":"Wheel of Change","player_choice":"Cursed","floor":4.0,"gold_loss":0.0,"damage_taken":0.0,"cards_obtained":["Decay"]},{"damage_healed":0.0,"max_hp_gain":0.0,"max_hp_loss":0.0,"gold_gain":0.0,"event_name":"FaceTrader","player_choice":"Trade","floor":10.0,"gold_loss":0.0,"damage_taken":0.0,"relics_obtained":["FaceOfCleric"]},{"damage_healed":0.0,"max_hp_gain":0.0,"max_hp_loss":0.0,"gold_gain":0.0,"event_name":"Drug Dealer","player_choice":"Inject Mutagens","floor":19.0,"gold_loss":0.0,"damage_taken":0.0,"relics_obtained":["MutagenicStrength"]},{"damage_healed":0.0,"max_hp_gain":0.0,"max_hp_loss":0.0,"gold_gain":100.0,"event_name":"Golden Shrine","player_choice":"Pray","floor":22.0,"gold_loss":0.0,"damage_taken":0.0},{"damage_healed":0.0,"max_hp_gain":0.0,"max_hp_loss":0.0,"gold_gain":0.0,"event_name":"Purifier","player_choice":"Ignored","floor":31.0,"gold_loss":0.0,"damage_taken":0.0},{"damage_healed":0.0,"max_hp_gain":0.0,"max_hp_loss":0.0,"gold_gain":0.0,"event_name":"Purifier","player_choice":"Ignored","floor":37.0,"gold_loss":0.0,"damage_taken":0.0},{"cards_removed":["Defend_G"],"damage_healed":0.0,"max_hp_gain":0.0,"max_hp_loss":0.0,"gold_gain":0.0,"event_name":"Falling","player_choice":"Removed Skill","floor":38.0,"gold_loss":0.0,"damage_taken":0.0},{"damage_healed":0.0,"max_hp_gain":0.0,"max_hp_loss":0.0,"gold_gain":0.0,"event_name":"The Moai Head","player_choice":"Ignored","floor":45.0,"gold_loss":0.0,"damage_taken":0.0}],"is_beta":false,"boss_relics":[{"not_picked":["Runic Pyramid","Runic Dome"],"picked":"hubris:BlackHole"},{"not_picked":["SlaversCollar","hubris:VirtuousBlindfold"],"picked":"hubris:GrandSneckoEye"}],"items_purged_floors":[],"is_endless":false,"potions_floor_spawned":[5,6,8,14,20,23,29,37,37,44,48],"killed_by":"Awakened One","ascension_level":0}}