{"host":"fkig9nrckec4xsh0","time":1611177913,"event":{"mods":["BaseMod","Colored Map","Minty Spire (QoL Compilation)","Quick Restart","Replay The Spire","StSLib"],"gold_per_floor":[114,114,126,138,138,170,187,217,244,276,355,374,374,374,374],"floor_reached":14,"language":"ENG","playtime":421,"items_purged":[],"score":220,"play_id":"2612a146-4f3f-4692-9926-eec1d1a7606d","local_time":"20210120162513","is_ascension_mode":true,"campfire_choices":[{"data":"Bludgeon","floor":13,"key":"SMITH"}],"circlet_count":0,"master_deck":["AscendersBane","Strike_R","Strike_R","Strike_R","Strike_R","Strike_R","Defend_R","Defend_R","Defend_R","Defend_R","Bash","Pommel Strike","Pain","ReplayTheSpireMod:LeadingStrike+1","Disarm","Spot Weakness","Run Through","Bludgeon+1","Headbutt","Uppercut","Headbutt"],"relics":["Burning Blood","NeowsBlessing","WarpedTongs","Darkstone Periapt","Replay:Baseball","Replay:Mystery Machine","Nunchaku"],"acts_visited":["Exordium"],"potions_floor_usage":[6,8],"damage_taken":[{"damage":0,"enemies":"2 Louse","floor":1,"turns":1},{"damage":0,"enemies":"Cultist","floor":3,"turns":1},{"damage":0,"enemies":"Jaw Worm","floor":4,"turns":1},{"damage":24,"enemies":"Lagavulin","floor":6,"turns":6},{"damage":10,"enemies":"Red Slaver","floor":7,"turns":3},{"damage":12,"enemies":"Gremlin Nob","floor":8,"turns":3},{"damage":11,"enemies":"Lagavulin","floor":10,"turns":6},{"damage":10,"enemies":"2 Fungi Beasts","floor":12,"turns":3},{"damage":0,"enemies":"3 Sentries","floor":14,"turns":2}],"seed_played":"4033680165371296688","potions_obtained":[{"floor":3,"key":"BlessingOfTheForge"},{"floor":7,"key":"AttackPotion"},{"floor":12,"key":"Strength Potion"}],"is_trial":false,"path_per_floor":["M","?","M","M","?","E","M","E","T","E","?","M","R","E"],"character_chosen":"IRONCLAD","items_purchased":[],"campfire_rested":0,"item_purchase_floors":[],"current_hp_per_floor":[74,74,75,75,75,57,53,47,47,42,12,8,8,8,8],"gold":374,"neow_bonus":"THREE_ENEMY_KILL","is_daily":false,"chose_seed":false,"campfire_upgraded":1,"win_rate":0.0,"timestamp":1611177913,"path_taken":["M","?","?","M","?","E","?","E","T","E","?","M","R","E"],"items_purchased_type":[],"build_version":"2020-12-22","purchased_purges":0,"victory":false,"max_hp_per_floor":[75,75,75,75,75,75,75,75,75,75,75,75,75,75,75],"card_choices":[{"not_picked":["Shrug It Off","Warcry"],"picked":"Pommel Strike","floor":1},{"not_picked":["Flex","Wild Strike"],"picked":"ReplayTheSpireMod:LeadingStrike","floor":3},{"not_picked":["Replay:Undeath\u0027s Touch","Life Link"],"picked":"Disarm","floor":4},{"not_picked":["Run Through","Infernal Blade"],"picked":"Spot Weakness","floor":6},{"not_picked":["Sentinel","Evolve"],"picked":"Run Through","floor":7},{"not_picked":["ReplayTheSpireMod:Strike From Hell","Iron Wave"],"picked":"Bludgeon","floor":8},{"not_picked":["Rage","Rupture","ReplayReversal"],"picked":"SKIP","floor":10},{"not_picked":["Heavy Blade","Metallicize"],"picked":"Headbutt","floor":11},{"not_picked":["Perfected Strike","Armaments"],"picked":"Uppercut","floor":11},{"not_picked":["Feel No Pain","True Grit"],"picked":"Headbutt","floor":12}],"player_experience":372551,"relics_obtained":[{"floor":6,"key":"Darkstone Periapt"},{"floor":8,"key":"Replay:Baseball"},{"floor":9,"key":"Replay:Mystery Machine"},{"floor":10,"key":"Nunchaku"}],"event_choices":[{"damage_healed":0,"gold_gain":0,"player_choice":"Rummage","damage_taken":0,"relics_obtained":["WarpedTongs"],"max_hp_gain":0,"max_hp_loss":0,"event_name":"Accursed Blacksmith","floor":2,"gold_loss":0,"cards_obtained":["Pain"]},{"damage_healed":0,"gold_gain":0,"player_choice":"Upgraded","damage_taken":0,"max_hp_gain":0,"max_hp_loss":0,"event_name":"Upgrade Shrine","floor":5,"gold_loss":0,"cards_upgraded":["ReplayTheSpireMod:LeadingStrike"]}],"is_beta":false,"boss_relics":[],"items_purged_floors":[],"is_endless":false,"potions_floor_spawned":[3,7,12],"killed_by":"3 Sentries","ascension_level":20}}