{"host":"Bilverbakes","time":1611183436,"event":{"mods":["2.2 Compatiblity","AchievementEnabler","BaseMod","Bestiary","Colored Map","Minty Spire (QoL Compilation)","Relic Stats","StSLib","ojb\u0027s Info Mod"],"gold_per_floor":[109,109,109,109,127,127,167,180,180,180,219,116,116,131,131,227,227,250,300,319,319,340,340,340,340],"floor_reached":24,"language":"ENG","playtime":1071,"items_purged":["Defend_B"],"score":408,"play_id":"4e12e52e-9676-4eab-96d1-83858c253bf0","local_time":"20210120165716","is_ascension_mode":true,"campfire_choices":[{"data":"Zap","floor":6.0,"key":"SMITH"},{"data":"Loop","floor":10.0,"key":"SMITH"},{"data":"Compile Driver","floor":13.0,"key":"SMITH"},{"data":"Dualcast","floor":15.0,"key":"SMITH"},{"floor":23,"key":"REST"}],"circlet_count":0,"master_deck":["AscendersBane","Strike_B+1","Strike_B","Strike_B","Defend_B","Defend_B","Zap+1","Dualcast+1","Cold Snap+1","Leap","Loop+1","Compile Driver+1","Steam+1","Coolheaded+1","Redo+1","Seek+1","Recycle+1","Tempest+1","Chill+1"],"relics":["Empty Cage","Pantograph","Golden Idol","Centennial Puzzle","Toxic Egg 2","Whetstone","Cursed Key"],"acts_visited":["Exordium","TheCity"],"potions_floor_usage":[24],"damage_taken":[{"damage":9.0,"enemies":"Jaw Worm","floor":1.0,"turns":5.0},{"damage":1.0,"enemies":"2 Louse","floor":5.0,"turns":4.0},{"damage":31.0,"enemies":"3 Sentries","floor":7.0,"turns":13.0},{"damage":0.0,"enemies":"Cultist","floor":8.0,"turns":5.0},{"damage":5.0,"enemies":"Lagavulin","floor":11.0,"turns":9.0},{"damage":1.0,"enemies":"Large Slime","floor":14.0,"turns":6.0},{"damage":11.0,"enemies":"Slime Boss","floor":16.0,"turns":10.0},{"damage":0.0,"enemies":"Spheric Guardian","floor":18.0,"turns":4.0},{"damage":21.0,"enemies":"Chosen","floor":20.0,"turns":6.0},{"damage":14,"enemies":"3 Cultists","floor":22,"turns":5},{"damage":20,"enemies":"Slavers","floor":24,"turns":3}],"seed_played":"-580343526720587477","potions_obtained":[{"floor":7.0,"key":"Fire Potion"},{"floor":8.0,"key":"Explosive Potion"},{"floor":18.0,"key":"SpeedPotion"}],"is_trial":false,"path_per_floor":["M","?","T","?","M","R","E","M","T","R","E","$","R","M","R","B",null,"M","?","M","?","M","R","E"],"character_chosen":"DEFECT","items_purchased":["Coolheaded+1"],"campfire_rested":1,"item_purchase_floors":[12],"current_hp_per_floor":[55,55,55,55,54,54,23,23,23,23,18,18,18,17,17,31,56,56,56,35,35,21,40,20,20],"gold":340,"neow_bonus":"BOSS_RELIC","is_daily":false,"chose_seed":false,"campfire_upgraded":4,"win_rate":0.0,"timestamp":1611183436,"path_taken":["M","?","?","?","M","R","E","M","T","R","E","?","R","M","R","BOSS","M","?","M","?","M","R","E"],"items_purchased_type":["Card"],"build_version":"2020-12-18","purchased_purges":1,"victory":false,"max_hp_per_floor":[71,71,71,64,64,64,64,64,64,64,64,64,64,64,64,64,64,64,64,64,64,64,64,64,64],"relic_stats":{"Centennial Puzzle":[18],"counters":[11,70],"Golden Idol":58,"Pantograph":25,"Whetstone":["Cold Snap","Strike_B"],"Cursed Key":0,"obtain_stats":[{"Centennial Puzzle":7,"Golden Idol":4,"Pantograph":3,"Whetstone":11,"Toxic Egg 2":9,"Cracked Core":0,"Empty Cage":0,"Cursed Key":17},{"Centennial Puzzle":3,"Golden Idol":1,"Pantograph":1,"Whetstone":5,"Toxic Egg 2":4,"Cracked Core":0,"Empty Cage":0,"Cursed Key":7},{"Centennial Puzzle":22,"Golden Idol":5,"Pantograph":5,"Whetstone":36,"Toxic Egg 2":27,"Cracked Core":0,"Empty Cage":0,"Cursed Key":52}]},"card_choices":[{"not_picked":["Beam Cell","Stack"],"picked":"Cold Snap","floor":1.0},{"not_picked":["Gash","Beam Cell"],"picked":"Leap","floor":5.0},{"not_picked":["Leap","Redo"],"picked":"Loop","floor":7.0},{"not_picked":["Steam","Barrage"],"picked":"Compile Driver","floor":8.0},{"not_picked":["Barrage","Melter"],"picked":"Steam+1","floor":11.0},{"not_picked":["Auto Shields+1","Force Field+1"],"picked":"Redo+1","floor":14.0},{"not_picked":["Multi-Cast+1","All For One"],"picked":"Seek+1","floor":16.0},{"not_picked":["Scrape","Force Field+1"],"picked":"Recycle+1","floor":18.0},{"not_picked":["Barrage","Compile Driver"],"picked":"Tempest+1","floor":20.0},{"not_picked":["Aggregate+1","Compile Driver"],"picked":"Chill+1","floor":22}],"player_experience":760535,"relics_obtained":[{"floor":3.0,"key":"Pantograph"},{"floor":7.0,"key":"Centennial Puzzle"},{"floor":9.0,"key":"Toxic Egg 2"},{"floor":11.0,"key":"Whetstone"}],"event_choices":[{"damage_healed":0.0,"max_hp_gain":0.0,"max_hp_loss":0.0,"gold_gain":0.0,"event_name":"Liars Game","player_choice":"Ignored","floor":2.0,"gold_loss":0.0,"damage_taken":0.0},{"damage_healed":0.0,"max_hp_gain":0.0,"max_hp_loss":7.0,"gold_gain":0.0,"event_name":"Golden Idol","player_choice":"Lose Max HP","floor":4.0,"gold_loss":0.0,"damage_taken":0.0,"relics_obtained":["Golden Idol"]},{"damage_healed":0.0,"max_hp_gain":0.0,"max_hp_loss":0.0,"gold_gain":50.0,"event_name":"Nest","player_choice":"Stole From Cult","floor":19.0,"gold_loss":0.0,"damage_taken":0.0},{"damage_healed":0.0,"max_hp_gain":0.0,"max_hp_loss":0.0,"gold_gain":0.0,"event_name":"Ghosts","player_choice":"Ignored","floor":21.0,"gold_loss":0.0,"damage_taken":0.0}],"is_beta":true,"boss_relics":[{"not_picked":["SacredBark","Ectoplasm"],"picked":"Cursed Key"}],"items_purged_floors":[12],"is_endless":false,"potions_floor_spawned":[7,8,11,18,22],"killed_by":"Slavers","ascension_level":20}}