{"host":"kpyoctgc7jne3jiy","time":1611162630,"event":{"mods":["AchievementEnabler","BaseMod","Minty Spire (QoL Compilation)","Relic Stats","Slay-I"],"gold_per_floor":[116,136,136,148,163,163,195,195,240,59,59,59,88,106,106,201,201,219,237,237,312,332,332,357,357,357,377,377,62,80,96,96,198,198,216,297,297,297,308,341,352,352,401,416,416,0,0,0,0,0,0],"floor_reached":50,"language":"ENG","playtime":2387,"items_purged":[],"score":575,"play_id":"9f33f84f-f480-4b93-900d-e7b0737e3e26","local_time":"20210120181030","is_ascension_mode":false,"campfire_choices":[{"data":"SandsOfTime","floor":6.0,"key":"SMITH"},{"data":"Defend_P","floor":8.0,"key":"SMITH"},{"data":"Eruption","floor":11.0,"key":"SMITH"},{"data":"DeceiveReality","floor":15.0,"key":"SMITH"},{"floor":23,"key":"REST"},{"data":"Ghostly","floor":28,"key":"SMITH"},{"data":"Ghostly","floor":32,"key":"SMITH"},{"floor":42,"key":"RECALL"},{"data":"DeusExMachina","floor":45,"key":"SMITH"},{"data":"MentalFortress","floor":49,"key":"SMITH"}],"circlet_count":0,"master_deck":["Defend_P+1","Defend_P+1","Defend_P+1","Eruption+1","Vigilance+1","FlurryOfBlows+1","Study+1","FlurryOfBlows+1","SashWhip","Worship","SandsOfTime+1","DeusExMachina+1","Weave+1","CrushJoints+1","CarveReality+1","DeceiveReality+1","LessonLearned+1","MentalFortress","TalkToTheHand+1","Tantrum+1","Ghostly+1","Ghostly+1","Ghostly+1","Ghostly+1","Ghostly+1","Meditate+1","WheelKick+1","Scrawl+1","Evaluate+1","MentalFortress+1"],"relics":["Astrolabe","Molten Egg 2","Strawberry","ClockworkSouvenir","Tiny Chest","Snecko Eye","Juzu Bracelet","Regal Pillow","Shuriken","Coffee Dripper","Oddly Smooth Stone","Art of War","Red Mask","Anchor"],"acts_visited":["Exordium","TheCity","TheBeyond"],"potions_floor_usage":[24,27,31,33,40,44,44,50],"damage_taken":[{"damage":0.0,"enemies":"2 Louse","floor":1.0,"turns":2.0},{"damage":0.0,"enemies":"Cultist","floor":2.0,"turns":3.0},{"damage":3.0,"enemies":"Jaw Worm","floor":4.0,"turns":3.0},{"damage":2.0,"enemies":"Blue Slaver","floor":5.0,"turns":3.0},{"damage":0.0,"enemies":"Lagavulin","floor":7.0,"turns":3.0},{"damage":26.0,"enemies":"Gremlin Nob","floor":13.0,"turns":4.0},{"damage":0.0,"enemies":"Large Slime","floor":14.0,"turns":4.0},{"damage":8.0,"enemies":"Slime Boss","floor":16.0,"turns":4.0},{"damage":2.0,"enemies":"Chosen","floor":18.0,"turns":4.0},{"damage":12.0,"enemies":"Spheric Guardian","floor":19.0,"turns":4.0},{"damage":7,"enemies":"Shelled Parasite and Fungi","floor":22,"turns":6},{"damage":16,"enemies":"Slavers","floor":24,"turns":7},{"damage":0,"enemies":"Centurion and Healer","floor":27,"turns":5},{"damage":2,"enemies":"Cultist and Chosen","floor":30,"turns":2},{"damage":9,"enemies":"3 Cultists","floor":31,"turns":7},{"damage":3,"enemies":"Champ","floor":33,"turns":6},{"damage":2,"enemies":"3 Darklings","floor":35,"turns":3},{"damage":1,"enemies":"3 Shapes","floor":39,"turns":3},{"damage":0,"enemies":"Reptomancer","floor":40,"turns":4},{"damage":0,"enemies":"Maw","floor":41,"turns":4},{"damage":12,"enemies":"3 Darklings","floor":44,"turns":5},{"damage":34,"enemies":"Donu and Deca","floor":50,"turns":4}],"seed_played":"-8311259502965954463","potions_obtained":[{"floor":1.0,"key":"LiquidMemories"},{"floor":2.0,"key":"GamblersBrew"},{"floor":4.0,"key":"Weak Potion"},{"floor":19.0,"key":"BottledMiracle"},{"floor":22,"key":"Swift Potion"},{"floor":24,"key":"FearPotion"},{"floor":27,"key":"PowerPotion"},{"floor":33,"key":"SkillPotion"},{"floor":39,"key":"BottledMiracle"},{"floor":41,"key":"FearPotion"}],"is_trial":false,"path_per_floor":["M","M","?","M","M","R","E","R","T","$","R","?","E","M","R","B",null,"M","M","?","?","M","R","E","?","T","M","R","$","M","M","R","B",null,"M","T","?","?","M","E","M","R","T","M","R","?","T","$","R","B"],"character_chosen":"WATCHER","items_purchased":["Weave+1","ClockworkSouvenir","Shuriken","Meditate"],"campfire_rested":1,"item_purchase_floors":[10,10,29,29],"current_hp_per_floor":[72,72,72,69,67,67,67,67,74,74,74,74,48,48,48,40,79,77,65,50,42,35,60,44,42,42,42,42,42,40,31,31,28,42,40,40,40,40,39,39,39,39,39,27,27,27,27,27,27,0,0],"gold":0,"neow_bonus":"BOSS_RELIC","is_daily":false,"chose_seed":false,"campfire_upgraded":8,"win_rate":0.0,"timestamp":1611162630,"path_taken":["M","M","?","M","?","R","E","R","T","$","R","?","E","M","R","BOSS","M","M","?","?","M","R","E","?","T","M","R","$","M","M","R","BOSS","M","?","?","?","M","E","M","R","T","M","R","?","?","?","R","BOSS"],"items_purchased_type":["Card","Relic","Relic","Card"],"build_version":"2020-12-22","purchased_purges":0,"victory":false,"max_hp_per_floor":[72,72,72,72,72,72,72,72,79,79,79,79,79,79,79,79,79,79,79,84,84,84,84,84,42,42,42,42,42,42,42,42,42,42,42,42,42,42,42,42,42,42,42,42,42,42,42,42,42,42,42],"relic_stats":{"Regal Pillow":0,"counters":[22,90],"Shuriken":[23],"Astrolabe":["FlurryOfBlows","Study","FlurryOfBlows"],"Snecko Eye":[124,131,124,105],"Tiny Chest":2,"Juzu Bracelet":2,"Art of War":[0],"obtain_stats":[{"Regal Pillow":26,"Astrolabe":0,"Oddly Smooth Stone":40,"Juzu Bracelet":24,"ClockworkSouvenir":10,"Anchor":47,"Shuriken":29,"Strawberry":9,"Snecko Eye":17,"Molten Egg 2":7,"Tiny Chest":13,"Coffee Dripper":34,"Art of War":43,"Red Mask":46,"PureWater":0},{"Regal Pillow":12,"Astrolabe":0,"Oddly Smooth Stone":19,"Juzu Bracelet":12,"ClockworkSouvenir":5,"Anchor":21,"Shuriken":13,"Strawberry":5,"Snecko Eye":8,"Molten Egg 2":5,"Tiny Chest":6,"Coffee Dripper":16,"Art of War":20,"Red Mask":21,"PureWater":0},{"Regal Pillow":47,"Astrolabe":0,"Oddly Smooth Stone":77,"Juzu Bracelet":47,"ClockworkSouvenir":14,"Anchor":86,"Shuriken":52,"Strawberry":14,"Snecko Eye":26,"Molten Egg 2":14,"Tiny Chest":18,"Coffee Dripper":67,"Art of War":81,"Red Mask":86,"PureWater":0}]},"card_choices":[{"not_picked":["EmptyFist","Prostrate"],"picked":"SashWhip","floor":1.0},{"not_picked":["ClearTheMind","BowlingBash"],"picked":"Worship","floor":2.0},{"not_picked":["Crescendo","JustLucky"],"picked":"Wireheading","floor":4.0},{"not_picked":["Protect","Consecrate"],"picked":"SandsOfTime","floor":5.0},{"not_picked":["ThirdEye","BowlingBash+1"],"picked":"DeusExMachina","floor":7.0},{"not_picked":["InnerPeace","Meditate"],"picked":"CarveReality+1","floor":13.0},{"not_picked":["Crescendo","FollowUp+1"],"picked":"DeceiveReality","floor":14.0},{"not_picked":["ConjureBlade","Omniscience"],"picked":"LessonLearned+1","floor":16.0},{"not_picked":["FollowUp+1","CrushJoints+1"],"picked":"MentalFortress","floor":18.0},{"not_picked":["Swivel","Meditate"],"picked":"TalkToTheHand+1","floor":19.0},{"not_picked":["Protect","Perseverance","Study+1"],"picked":"SKIP","floor":22},{"not_picked":["Fasting2","Evaluate+1"],"picked":"Tantrum+1","floor":24},{"not_picked":["ClearTheMind","PathToVictory","Vengeance"],"picked":"SKIP","floor":27},{"not_picked":["PathToVictory","Evaluate"],"picked":"WheelKick+1","floor":30},{"not_picked":["WindmillStrike+1","BowlingBash+1","CarveReality+1"],"picked":"SKIP","floor":31},{"not_picked":["ConjureBlade","Alpha"],"picked":"Scrawl","floor":33},{"not_picked":["Study+1","EmptyFist+1","ThirdEye"],"picked":"SKIP","floor":35},{"not_picked":["Collect","ReachHeaven+1"],"picked":"Evaluate+1","floor":39},{"not_picked":["EmptyBody","BattleHymn+1","ThirdEye+1"],"picked":"SKIP","floor":40},{"not_picked":["ForeignInfluence","LikeWater+1","WindmillStrike+1"],"picked":"SKIP","floor":41},{"not_picked":["SignatureMove+1","BowlingBash+1"],"picked":"MentalFortress","floor":44}],"player_experience":299026,"relics_obtained":[{"floor":7.0,"key":"Molten Egg 2"},{"floor":9.0,"key":"Strawberry"},{"floor":13.0,"key":"Tiny Chest"},{"floor":24,"key":"Juzu Bracelet"},{"floor":26,"key":"Regal Pillow"},{"floor":40,"key":"Oddly Smooth Stone"},{"floor":43,"key":"Art of War"},{"floor":47,"key":"Anchor"}],"event_choices":[{"cards_removed":["Strike_P"],"damage_healed":0.0,"max_hp_gain":0.0,"max_hp_loss":0.0,"gold_gain":0.0,"event_name":"Purifier","player_choice":"Purged","floor":3.0,"gold_loss":0.0,"damage_taken":0.0},{"damage_healed":0.0,"max_hp_gain":0.0,"max_hp_loss":0.0,"gold_gain":0.0,"cards_transformed":["Defend_P"],"event_name":"Living Wall","player_choice":"Change","floor":12.0,"gold_loss":0.0,"damage_taken":0.0,"cards_obtained":["CrushJoints"]},{"damage_healed":0.0,"max_hp_gain":5.0,"max_hp_loss":0.0,"gold_gain":0.0,"event_name":"Forgotten Altar","player_choice":"Shed Blood","floor":20.0,"gold_loss":0.0,"damage_taken":20.0},{"damage_healed":0,"gold_gain":75,"player_choice":"Touch","damage_taken":8,"max_hp_gain":0,"max_hp_loss":0,"event_name":"FaceTrader","floor":21,"gold_loss":0},{"damage_healed":0,"gold_gain":0,"player_choice":"Became a Ghost","damage_taken":0,"max_hp_gain":0,"max_hp_loss":42,"event_name":"Ghosts","floor":25,"gold_loss":0,"cards_obtained":["Ghostly","Ghostly","Ghostly","Ghostly","Ghostly"]},{"cards_removed":["Wireheading"],"damage_healed":0,"gold_gain":0,"player_choice":"Removed Power","damage_taken":0,"max_hp_gain":0,"max_hp_loss":0,"event_name":"Falling","floor":37,"gold_loss":0},{"damage_healed":0,"gold_gain":0,"player_choice":"Memory 1","damage_taken":0,"max_hp_gain":0,"max_hp_loss":0,"event_name":"SensoryStone","floor":38,"gold_loss":0},{"damage_healed":0,"gold_gain":0,"player_choice":"Paid","damage_taken":0,"relics_obtained":["Red Mask"],"max_hp_gain":0,"max_hp_loss":0,"event_name":"Tomb of Lord Red Mask","floor":46,"gold_loss":416}],"is_beta":false,"boss_relics":[{"not_picked":["Calling Bell","Velvet Choker"],"picked":"Snecko Eye"},{"not_picked":["Tiny House","Empty Cage"],"picked":"Coffee Dripper"}],"items_purged_floors":[],"is_endless":false,"potions_floor_spawned":[1,2,4,19,22,24,27,33,39,41],"killed_by":"Donu and Deca","ascension_level":0}}