{"host":"ao4lxi9bhtts409i","time":1611137484,"event":{"mods":["AchievementEnabler","BaseMod","Colored Map","Colored Powertips","Minty Spire (QoL Compilation)","SuperFastMode"],"gold_per_floor":[99,99,25,25,125,160,160,171,171,197,197,224,299,299,299,424,424,445,464,236,236,335,353,353,353],"floor_reached":24,"language":"ENG","playtime":807,"items_purged":["Strike_P"],"score":343,"play_id":"4798c959-f51f-4646-a234-7230e8e1361e","local_time":"20210120111124","is_ascension_mode":true,"campfire_choices":[{"data":"Tantrum","floor":7,"key":"SMITH"},{"data":"BattleHymn","floor":11,"key":"SMITH"},{"data":"FlurryOfBlows","floor":15,"key":"SMITH"}],"circlet_count":0,"master_deck":["Strike_P","Strike_P+1","Strike_P","Defend_P","Defend_P+1","Defend_P","Defend_P","Eruption+1","Vigilance","Tantrum+1","BattleHymn+1","EmptyFist","FlurryOfBlows+1","SashWhip","Protect","Devotion","EmptyFist+1","EmptyBody+1"],"relics":["PureWater","NeowsBlessing","Orichalcum","Gremlin Horn","Prayer Wheel","Bag of Preparation","Bloody Idol","Busted Crown","Whetstone"],"acts_visited":["Exordium","TheCity"],"potions_floor_usage":[12,18,23],"damage_taken":[{"damage":0,"enemies":"Jaw Worm","floor":1,"turns":1},{"damage":0,"enemies":"2 Louse","floor":4,"turns":1},{"damage":0,"enemies":"Lagavulin","floor":6,"turns":1},{"damage":0,"enemies":"Cultist","floor":8,"turns":2},{"damage":4,"enemies":"3 Sentries","floor":10,"turns":4},{"damage":0,"enemies":"Gremlin Nob","floor":12,"turns":2},{"damage":0,"enemies":"Slime Boss","floor":16,"turns":3},{"damage":19,"enemies":"2 Thieves","floor":18,"turns":3},{"damage":17,"enemies":"Shell Parasite","floor":19,"turns":3},{"damage":2,"enemies":"Chosen and Byrds","floor":23,"turns":3},{"damage":45,"enemies":"Snake Plant","floor":24,"turns":3}],"seed_played":"-1546392236585167722","potions_obtained":[{"floor":6,"key":"Ancient Potion"},{"floor":10,"key":"Weak Potion"},{"floor":16,"key":"ColorlessPotion"},{"floor":19,"key":"Strength Potion"}],"is_trial":false,"path_per_floor":["M","?","$","M","?","E","R","M","T","E","R","E","?","?","R","B",null,"M","M","$","?","?","M","M"],"character_chosen":"WATCHER","items_purchased":["Tantrum","Whetstone"],"campfire_rested":0,"item_purchase_floors":[3,20],"current_hp_per_floor":[72,58,58,58,58,58,58,58,58,54,54,54,43,43,43,43,67,48,31,31,31,36,39,0,0],"gold":353,"neow_bonus":"THREE_ENEMY_KILL","is_daily":false,"chose_seed":false,"campfire_upgraded":3,"win_rate":0.0,"timestamp":1611137484,"path_taken":["M","?","$","M","?","E","R","?","T","E","R","E","?","?","R","BOSS","M","M","$","?","?","M","M"],"items_purchased_type":["Card","Relic"],"build_version":"2020-12-22","purchased_purges":1,"victory":false,"max_hp_per_floor":[72,72,72,72,72,72,72,72,72,72,72,72,72,67,67,67,67,67,67,67,67,67,67,67,67],"card_choices":[{"not_picked":["ForeignInfluence","FlyingSleeves","CrushJoints"],"picked":"SKIP","floor":1},{"not_picked":["CutThroughFate","Collect"],"picked":"BattleHymn","floor":4},{"not_picked":["Weave","Wallop"],"picked":"EmptyFist","floor":6},{"not_picked":["Halt","CarveReality"],"picked":"FlurryOfBlows","floor":8},{"not_picked":["WheelKick","CutThroughFate"],"picked":"SashWhip","floor":10},{"not_picked":["Fasting2","Weave"],"picked":"Protect","floor":12},{"not_picked":["Omniscience","SpiritShield"],"picked":"Devotion","floor":16},{"not_picked":[],"picked":"EmptyFist","floor":18},{"not_picked":["CutThroughFate"],"picked":"SKIP","floor":18},{"not_picked":[],"picked":"EmptyBody+1","floor":19},{"not_picked":["JustLucky"],"picked":"SKIP","floor":19},{"not_picked":["ThirdEye"],"picked":"SKIP","floor":23},{"not_picked":["EmptyFist"],"picked":"SKIP","floor":23}],"player_experience":217097,"relics_obtained":[{"floor":6,"key":"Orichalcum"},{"floor":9,"key":"Gremlin Horn"},{"floor":10,"key":"Prayer Wheel"},{"floor":12,"key":"Bag of Preparation"}],"event_choices":[{"damage_healed":0,"gold_gain":0,"player_choice":"Entered Light","damage_taken":14,"max_hp_gain":0,"max_hp_loss":0,"event_name":"Shining Light","floor":2,"gold_loss":0,"cards_upgraded":["Eruption","Defend_P"]},{"damage_healed":0,"gold_gain":100,"player_choice":"Pray","damage_taken":0,"max_hp_gain":0,"max_hp_loss":0,"event_name":"Golden Shrine","floor":5,"gold_loss":0},{"damage_healed":0,"gold_gain":75,"player_choice":"Gather Gold","damage_taken":11,"max_hp_gain":0,"max_hp_loss":0,"event_name":"World of Goop","floor":13,"gold_loss":0},{"damage_healed":0,"gold_gain":0,"player_choice":"Lose Max HP","damage_taken":0,"relics_obtained":["Golden Idol"],"max_hp_gain":0,"max_hp_loss":5,"event_name":"Golden Idol","floor":14,"gold_loss":0},{"damage_healed":0,"gold_gain":0,"player_choice":"Gave Idol","damage_taken":0,"relics_obtained":["Bloody Idol"],"max_hp_gain":0,"max_hp_loss":0,"event_name":"Forgotten Altar","floor":21,"relics_lost":["Golden Idol"],"gold_loss":0},{"damage_healed":0,"gold_gain":99,"player_choice":"Stole From Cult","damage_taken":0,"max_hp_gain":0,"max_hp_loss":0,"event_name":"Nest","floor":22,"gold_loss":0}],"is_beta":false,"boss_relics":[{"not_picked":["Cursed Key","Tiny House"],"picked":"Busted Crown"}],"items_purged_floors":[20],"is_endless":false,"potions_floor_spawned":[1,6,10,16,19],"killed_by":"Snake Plant","ascension_level":2}}