{"host":"nxma0dbhh74lxenq","time":1611138440,"event":{"mods":["Astrologer","BaseMod","Beaked The Cultist","CapriCore","Colored Map","DeckTracker","Gremlin Mod","HololiveMod","KinomotoSakuraMod(ñÿîVñ{?)","Koishi","Mad Scientist","Minty Spire (QoL Compilation)","Prisma Mod","StSLib","SuperFastMode","The Bladedancer","The Cursed","The Immortal","The Mystic","YoumuÅiç∞ÈÆódöÎÅj"],"gold_per_floor":[117,136,152,162,178,178,207,207,258,258,296,318,26,52,52,164,173,201,175,197,47,67,108,108,135,182,202,127,150,150,195,195,301,301,316,345,364,364,364,364,423,423,423,443,33,69,87,67,67,67],"floor_reached":51,"language":"JPN","playtime":2237,"items_purged":["Koishi:BasicStrike"],"score":1202,"play_id":"3f29c71f-4bc2-4607-9d29-b46f73a5d2f1","local_time":"20210120192720","is_ascension_mode":true,"campfire_choices":[{"floor":6,"key":"REST"},{"floor":8,"key":"REST"},{"data":"Koishi:Catatonia","floor":15,"key":"SMITH"},{"floor":24,"key":"REST"},{"data":"Koishi:MindStellarRelief","floor":30,"key":"SMITH"},{"data":"beaked:NemesisSlickness","floor":32,"key":"SMITH"},{"data":"Koishi:Heartbroken","floor":40,"key":"SMITH"},{"data":"Koishi:MassHysteria","floor":42,"key":"SMITH"},{"data":"Koishi:PredatoryInstincts","floor":49,"key":"SMITH"}],"circlet_count":0,"master_deck":["Koishi:BasicDefend","Koishi:BasicDefend","Koishi:BasicDefend","Koishi:Provoke","Koishi:HauntingSlash","Koishi:SubterraneanRose","Koishi:JumpScare","Koishi:StingingMind","Koishi:Catatonia+1","Koishi:Whimsy","Koishi:RacingHeart","Koishi:TremblingHands","Koishi:SpiritedAway","Koishi:MindStellarRelief+1","beaked:NemesisSlickness+1","Koishi:HeartfeltFancy","Koishi:YoukaiPolygraph","Koishi:UnseenTerror+1","Koishi:ParalyzingFear","Koishi:PerfectMindControl","Ghostly","Ghostly","Ghostly","Ghostly","Ghostly","Koishi:Heartbroken+1","Koishi:PredatoryInstincts+1","Koishi:MassHysteria+1","Koishi:Untouchable","Finesse","Jack Of All Trades"],"relics":["Koishi:ImaginaryFriend","Kunai","CeramicFish","White Beast Statue","Potion Belt","beaked:SacredDeck","Koishi:BloodstainedWhiteRose","Oddly Smooth Stone","The Courier","MealTicket","Empty Cage","Koishi:EchoesOfADeadGirl","Bottled Flame","Sundial","Koishi:TeethAndClaws","Pen Nib"],"acts_visited":["Exordium","TheCity","TheBeyond"],"potions_floor_usage":[5,11,16,22,23,23,23,23,33,37,50,50,50,50],"damage_taken":[{"damage":7,"enemies":"Small Slimes","floor":1,"turns":5},{"damage":2,"enemies":"Cultist","floor":2,"turns":4},{"damage":4,"enemies":"Jaw Worm","floor":3,"turns":5},{"damage":26,"enemies":"Large Slime","floor":4,"turns":7},{"damage":1,"enemies":"3 Louse","floor":5,"turns":3},{"damage":33,"enemies":"3 Sentries","floor":7,"turns":10},{"damage":23,"enemies":"Gremlin Nob","floor":11,"turns":4},{"damage":8,"enemies":"Blue Slaver","floor":12,"turns":3},{"damage":7,"enemies":"Large Slime","floor":14,"turns":7},{"damage":24,"enemies":"Slime Boss","floor":16,"turns":11},{"damage":5,"enemies":"Chosen","floor":18,"turns":4},{"damage":9,"enemies":"Shell Parasite","floor":20,"turns":4},{"damage":19,"enemies":"Snake Plant","floor":22,"turns":4},{"damage":51,"enemies":"Gremlin Leader","floor":23,"turns":8},{"damage":6,"enemies":"Book of Stabbing","floor":25,"turns":6},{"damage":0,"enemies":"Snecko","floor":27,"turns":4},{"damage":24,"enemies":"Centurion and Healer","floor":29,"turns":9},{"damage":7,"enemies":"Collector","floor":33,"turns":12},{"damage":4,"enemies":"Orb Walker","floor":35,"turns":4},{"damage":16,"enemies":"3 Shapes","floor":36,"turns":8},{"damage":2,"enemies":"Jaw Worm Horde","floor":37,"turns":6},{"damage":15,"enemies":"Mind Bloom Boss Battle","floor":41,"turns":9},{"damage":1,"enemies":"Transient","floor":44,"turns":5},{"damage":0,"enemies":"Giant Head","floor":46,"turns":9},{"damage":0,"enemies":"Awakened One","floor":50,"turns":10}],"seed_played":"-1308312969794475582","potions_obtained":[{"floor":4,"key":"Fire Potion"},{"floor":5,"key":"Weak Potion"},{"floor":7,"key":"Strength Potion"},{"floor":12,"key":"Explosive Potion"},{"floor":14,"key":"DistilledChaos"},{"floor":16,"key":"Energy Potion"},{"floor":18,"key":"ColorlessPotion"},{"floor":20,"key":"Fire Potion"},{"floor":22,"key":"Fire Potion"},{"floor":23,"key":"Ancient Potion"},{"floor":25,"key":"ColorlessPotion"},{"floor":27,"key":"Fire Potion"},{"floor":29,"key":"LiquidMemories"},{"floor":33,"key":"Ancient Potion"},{"floor":35,"key":"SkillPotion"},{"floor":36,"key":"DuplicationPotion"},{"floor":37,"key":"Energy Potion"}],"is_trial":false,"path_per_floor":["M","M","M","M","M","R","E","R","T","?","E","M","$","M","R","B",null,"M","$","M","$","M","E","R","E","T","M","?","M","R","?","R","B",null,"M","M","M","?","?","R","?","R","T","M","$","E","?","?","R","B",null],"character_chosen":"KOISHI","items_purchased":["Potion Belt","Koishi:TremblingHands","Koishi:YoukaiPolygraph","Koishi:BloodstainedWhiteRose","Sundial","Koishi:TeethAndClaws"],"campfire_rested":3,"item_purchase_floors":[13,13,19,21,45,45],"current_hp_per_floor":[46,46,46,31,32,53,28,49,49,49,33,32,32,32,32,13,57,61,61,62,62,54,23,44,48,48,63,63,63,63,36,36,36,36,36,27,36,36,34,34,34,34,34,34,34,34,29,29,29,34],"gold":67,"neow_bonus":"TWENTY_PERCENT_HP_BONUS","is_daily":false,"chose_seed":false,"campfire_upgraded":6,"win_rate":0.0,"timestamp":1611138440,"path_taken":["M","M","M","M","M","R","E","R","T","?","E","?","$","M","R","BOSS","M","?","M","$","M","E","R","E","T","M","?","M","R","?","R","BOSS","M","M","M","?","?","R","?","R","T","M","$","E","?","?","R","BOSS"],"items_purchased_type":["Relic","Card","Card","Relic","Relic","Relic"],"build_version":"2020-12-22","purchased_purges":1,"victory":true,"max_hp_per_floor":[72,72,72,72,72,72,72,72,72,72,72,72,72,72,72,72,72,72,72,72,72,72,72,72,72,72,72,72,72,72,36,36,36,36,36,36,36,36,34,34,34,34,34,34,34,34,34,34,34,34],"card_choices":[{"not_picked":["Koishi:HeartfeltFancy","Koishi:MassHysteria"],"picked":"Koishi:SubterraneanRose","floor":1},{"not_picked":["Koishi:Possession","Koishi:DreadfulBlow"],"picked":"Koishi:JumpScare","floor":2},{"not_picked":["Koishi:RollingInRichesHeart","Koishi:RacingHeart"],"picked":"Koishi:StingingMind","floor":3},{"not_picked":["Koishi:Jaunt","Koishi:DreadfulBlow","Koishi:UnconsciousUprising"],"picked":"SKIP","floor":4},{"not_picked":["Koishi:JumpScare","Koishi:ParalyzingFear"],"picked":"Koishi:Catatonia","floor":5},{"not_picked":["Koishi:RorschachInDanmaku","Koishi:GhostParty","Koishi:Jaunt"],"picked":"SKIP","floor":7},{"not_picked":["Koishi:HeartfeltFancy","Koishi:UnseenTerror"],"picked":"Koishi:Whimsy","floor":11},{"not_picked":["Koishi:BloodcurdlingScream","Koishi:MindStellarRelief"],"picked":"Koishi:RacingHeart","floor":12},{"not_picked":["Koishi:HeartAttack","Koishi:RorschachInDanmaku"],"picked":"Koishi:SpiritedAway","floor":14},{"not_picked":["Koishi:ConfinedInnocent","Koishi:RoseHell"],"picked":"Koishi:MindStellarRelief","floor":16},{"not_picked":["Koishi:FleetingPhantom","Koishi:ApparitionsStalkTheNight+1"],"picked":"Koishi:HeartfeltFancy","floor":18},{"not_picked":["Koishi:FidgetySnatcher","Koishi:EmbryosDream+1"],"picked":"Koishi:UnseenTerror+1","floor":20},{"not_picked":["Koishi:SubterraneanRose+1","Koishi:RacingHeart","Koishi:ReflexRadar"],"picked":"SKIP","floor":22},{"not_picked":["Koishi:Prune","Koishi:TremblingHands+1"],"picked":"Koishi:ParalyzingFear","floor":23},{"not_picked":["Koishi:ParalyzingFear","Koishi:Catatonia+1","Koishi:ReleaseOfTheId"],"picked":"SKIP","floor":25},{"not_picked":["Koishi:RorschachInDanmaku+1","Koishi:IdleWhim","Koishi:FleetingPhantom"],"picked":"SKIP","floor":27},{"not_picked":["Koishi:StingingMind","Koishi:PhantomStrike"],"picked":"Koishi:PerfectMindControl","floor":29},{"not_picked":["Koishi:RuptureMind","Koishi:FormlessExistence"],"picked":"Koishi:Heartbroken","floor":33},{"not_picked":["Koishi:PhilosophyOfTheDespised+1","Koishi:PhantomStrike+1","Koishi:CatchAndRose"],"picked":"SKIP","floor":35},{"not_picked":["Koishi:DreadfulBlow+1","Koishi:UnconsciousUrges"],"picked":"Koishi:PredatoryInstincts","floor":36},{"not_picked":["Koishi:FreudianInstinct","Koishi:PhantomBarrier+1","Koishi:SubterraneanRose+1"],"picked":"SKIP","floor":37},{"not_picked":["Koishi:FidgetySnatcher","Koishi:SprinkleStarAndHeart"],"picked":"Koishi:MassHysteria","floor":41},{"not_picked":["Koishi:PhantomStrike+1","Koishi:IdleWhim+1","Koishi:Catatonia"],"picked":"SKIP","floor":44},{"not_picked":["Koishi:PhantomStrike+1","Koishi:FourthEye+1"],"picked":"Koishi:Untouchable","floor":46},{"not_picked":["Impatience","Good Instincts"],"picked":"Finesse","floor":47},{"not_picked":["Blind","Good Instincts"],"picked":"Jack Of All Trades","floor":47}],"player_experience":528246,"relics_obtained":[{"floor":7,"key":"Kunai"},{"floor":9,"key":"CeramicFish"},{"floor":11,"key":"White Beast Statue"},{"floor":23,"key":"Oddly Smooth Stone"},{"floor":25,"key":"The Courier"},{"floor":26,"key":"MealTicket"},{"floor":41,"key":"Koishi:EchoesOfADeadGirl"},{"floor":43,"key":"Bottled Flame"},{"floor":46,"key":"Pen Nib"}],"event_choices":[{"cards_removed":["Koishi:BasicStrike"],"damage_healed":0,"gold_gain":0,"player_choice":"Purged","damage_taken":0,"max_hp_gain":0,"max_hp_loss":0,"event_name":"Purifier","floor":10,"gold_loss":0},{"cards_removed":["Koishi:BasicStrike"],"damage_healed":0,"gold_gain":0,"player_choice":"Gave Gold","damage_taken":0,"max_hp_gain":0,"max_hp_loss":0,"event_name":"Beggar","floor":28,"gold_loss":75},{"damage_healed":0,"gold_gain":0,"player_choice":"Became a Ghost","damage_taken":0,"max_hp_gain":0,"max_hp_loss":36,"event_name":"Ghosts","floor":31,"gold_loss":0,"cards_obtained":["Ghostly","Ghostly","Ghostly","Ghostly","Ghostly"]},{"damage_healed":0,"gold_gain":0,"player_choice":"Ignored","damage_taken":0,"max_hp_gain":0,"max_hp_loss":0,"event_name":"Tomb of Lord Red Mask","floor":38,"gold_loss":0},{"damage_healed":0,"gold_gain":0,"player_choice":"Max HP","damage_taken":0,"max_hp_gain":0,"max_hp_loss":2,"event_name":"Winding Halls","floor":39,"gold_loss":0},{"damage_healed":0,"gold_gain":0,"player_choice":"Fight","damage_taken":0,"max_hp_gain":0,"max_hp_loss":0,"event_name":"MindBloom","floor":41,"gold_loss":0},{"damage_healed":0,"gold_gain":0,"player_choice":"Memory 2","damage_taken":5,"max_hp_gain":0,"max_hp_loss":0,"event_name":"SensoryStone","floor":47,"gold_loss":0},{"damage_healed":0,"gold_gain":0,"player_choice":"Bought 1 Potion","damage_taken":0,"max_hp_gain":0,"max_hp_loss":0,"event_name":"The Woman in Blue","floor":48,"gold_loss":0}],"is_beta":false,"boss_relics":[{"not_picked":["Philosopher\u0027s Stone","Sozu"],"picked":"beaked:SacredDeck"},{"not_picked":["Busted Crown","Hololive_ChaosS"],"picked":"Empty Cage"}],"items_purged_floors":[13],"is_endless":false,"potions_floor_spawned":[4,5,7,12,14,16,18,20,22,23,25,27,29,33,35,36,37,41,44,46],"ascension_level":9}}