{"host":"5a3ojr29q3aeapfp","time":1611141373,"event":{"mods":["BaseMod","CapriCore","Colored Powertips","Downfall","GungeonMod","Hermit","Highlight Path","Koishi","Minty Spire (QoL Compilation)","Remilia£®¿Ÿ√◊¿Ú—«£©","Spicy Shops","StSLib","The Cursed","The Immortal","The Marked","Youmu£®ªÍ∆«—˝√Œ£©","°æ“≈ŒÔø®≈∆°øREMEMod"],"gold_per_floor":[99,118,136,136,136,154,154,154,172,4,36,36,66,79,97,199,199,99,99,116,127,127,157,157,257,157,171,171,203,203,17,34,129,129,29,48,61,71,84,112,162,162,111,139,150,166,193,39,58,58,58,84,0,0,0,0],"floor_reached":57,"language":"ZHS","playtime":10144,"items_purged":["downfall:Malfunctioning","Wrath_TH"],"score":1527,"play_id":"bd3e9ccc-15eb-453e-a1cd-248ab9139fcd","local_time":"20210120191613","is_ascension_mode":true,"campfire_choices":[{"data":"Juggernaut","floor":1,"key":"SMITH"},{"floor":8,"key":"RECALL"},{"data":"Guardian:BaubleBeam","floor":12,"key":"SMITH"},{"data":"1","floor":18,"key":"LIFT"},{"data":"2","floor":26,"key":"LIFT"},{"data":"3","floor":28,"key":"LIFT"},{"data":"Guardian:ConstructionForm","floor":35,"key":"SMITH"},{"data":"Guardian:RefractedBeam","floor":42,"key":"SMITH"},{"data":"Guardian:RefractedBeam+1","floor":54,"key":"SMITH"}],"circlet_count":0,"master_deck":["Guardian:Strike_Guardian","Guardian:Strike_Guardian","Guardian:Strike_Guardian+1","Guardian:Strike_Guardian","Guardian:Defend_Guardian","Guardian:Defend_Guardian","Guardian:Defend_Guardian","Guardian:Defend_Guardian","Guardian:CurlUp+1","Guardian:TwinSlam","Juggernaut+1","Guardian:ChargeCore","Guardian:Reroute+1","Guardian:Planning","Guardian:BaubleBeam+1","Guardian:SpikerProtocol","Guardian:CrystalBeam","Guardian:ExploitGems","Guardian:SentryBeam","Guardian:BaubleBeam","CurseOfTheBell","Guardian:RefractedBeam+2","Guardian:TimeBomb","EndlessPower","Guardian:BodySlam+1","Guardian:ConstructionForm+1","Guardian:ShieldCharger","Guardian:BronzeOrb","Guardian:ArmoredProtocol+1","Guardian:TimeSifter","Guardian:PiercingHide+1","Guardian:BodySlam+1","expansioncontent:GuardianWhirl","Guardian:RefractedBeam+1","Guardian:BronzeOrb+1","Guardian:WalkerClaw+1","Guardian:TemporalShield+1","expansioncontent:Hexaburn"],"relics":["Guardian:ModeShifter","REME_ComplimentaryCards","DemoMod:Relodestone","PreservedInsect","Ancient Tea Set","Pocketwatch","Calling Bell","Vajra","DemoMod:MemoryAlloy","Girya","downfall:HeartBlessingRed","Ginger","downfall:HeartBlessingGreen","DemoMod:Bottle","Guardian:StasisSlotReductionRelic","downfall:HeartBlessingBlue","DemoMod:BlueGuonStone","DemoMod:PoisonVial","HandDrill","Pen Nib","DemoMod:ClearGuonStone","Eternal Feather","Happy Flower","DemoMod:JetPack"],"acts_visited":["Exordium","TheCity","TheBeyond","TheEnding"],"potions_floor_usage":[13,16,16,21,23,29,31,33,33,38,40,50,50,55],"damage_taken":[{"damage":6,"enemies":"Jaw Worm","floor":2,"turns":3},{"damage":0,"enemies":"Small Slimes","floor":3,"turns":3},{"damage":1,"enemies":"2 Louse","floor":6,"turns":2},{"damage":12,"enemies":"Exordium Wildlife","floor":9,"turns":3},{"damage":0,"enemies":"downfall:FleeingMerchant","floor":10,"turns":4},{"damage":8,"enemies":"Lagavulin","floor":11,"turns":5},{"damage":2,"enemies":"3 Sentries","floor":13,"turns":5},{"damage":8,"enemies":"Gremlin Gang","floor":14,"turns":3},{"damage":10,"enemies":"2 Fungi Beasts","floor":15,"turns":3},{"damage":12,"enemies":"WA_ARCHETYPE_RETAIN","floor":16,"turns":6},{"damage":0,"enemies":"Chosen","floor":19,"turns":1},{"damage":5,"enemies":"3 Cultists","floor":20,"turns":4},{"damage":12,"enemies":"Sentry and Sphere","floor":21,"turns":4},{"damage":2,"enemies":"Slavers","floor":23,"turns":2},{"damage":14,"enemies":"Centurion and Healer","floor":27,"turns":3},{"damage":12,"enemies":"Book of Stabbing","floor":29,"turns":3},{"damage":19,"enemies":"downfall:FleeingMerchant","floor":31,"turns":4},{"damage":0,"enemies":"Chosen and Byrds","floor":32,"turns":4},{"damage":5,"enemies":"IC_MUSHROOM_ARCHETYPE","floor":33,"turns":5},{"damage":0,"enemies":"Orb Walker","floor":36,"turns":2},{"damage":0,"enemies":"3 Darklings","floor":37,"turns":3},{"damage":21,"enemies":"Jaw Worm Horde","floor":38,"turns":4},{"damage":3,"enemies":"Spire Growth","floor":39,"turns":3},{"damage":0,"enemies":"Reptomancer","floor":40,"turns":2},{"damage":5,"enemies":"downfall:FleeingMerchant","floor":43,"turns":2},{"damage":0,"enemies":"Giant Head","floor":44,"turns":5},{"damage":13,"enemies":"Writhing Mass","floor":45,"turns":2},{"damage":0,"enemies":"Transient","floor":46,"turns":5},{"damage":8,"enemies":"Reptomancer","floor":47,"turns":2},{"damage":0,"enemies":"Sphere and 2 Shapes","floor":49,"turns":4},{"damage":18,"enemies":"SI_POISON_ARCHETYPE","floor":50,"turns":4},{"damage":41,"enemies":"downfall:CharBossMerchant","floor":52,"turns":5},{"damage":14,"enemies":"downfall:NeowBoss","floor":55,"turns":8},{"damage":32,"enemies":"downfall:NeowBossFinal","floor":56,"turns":6}],"seed_played":"-5601677011068568146","potions_obtained":[{"floor":6,"key":"Fire Potion"},{"floor":9,"key":"CultistPotion"},{"floor":11,"key":"FearPotion"},{"floor":14,"key":"Swift Potion"},{"floor":16,"key":"DemoMod:LeadSkinPotion"},{"floor":20,"key":"Block Potion"},{"floor":21,"key":"AttackPotion"},{"floor":23,"key":"BlessingOfTheForge"},{"floor":29,"key":"Fire Potion"},{"floor":32,"key":"ColorlessPotion"},{"floor":33,"key":"DuplicationPotion"},{"floor":36,"key":"DistilledChaos"},{"floor":37,"key":"Fire Potion"},{"floor":39,"key":"Strength Potion"},{"floor":40,"key":"Strength Potion"},{"floor":46,"key":"FairyPotion"},{"floor":47,"key":"Fire Potion"},{"floor":52,"key":"Strength Potion"}],"is_trial":false,"path_per_floor":["R","M","M","?","?","M","T","R","M","$","E","R","E","M","M","B",null,"R","M","M","M","?","E","T","?","R","M","R","E","?","$","M","B",null,"R","M","M","M","M","E","T","R","$","E","M","M","E","$","M","B",null,"E","$","R","B","B",null],"character_chosen":"GUARDIAN","items_purchased":["PreservedInsect","Guardian:Gem_Crimson","HandDrill","Pen Nib","expansioncontent:GuardianWhirl","Happy Flower","expansioncontent:Hexaburn"],"campfire_rested":0,"item_purchase_floors":[10,31,43,43,43,48,53],"current_hp_per_floor":[80,74,74,74,74,73,73,73,61,61,53,53,51,43,33,21,80,80,80,75,63,63,61,61,61,61,47,47,35,35,16,16,11,80,90,90,90,69,66,66,66,66,61,61,48,48,40,40,40,22,90,85,85,90,76,44],"gold":0,"neow_bonus":"ONE_RANDOM_RARE_CARD","is_daily":false,"chose_seed":false,"campfire_upgraded":5,"win_rate":0.0,"timestamp":1611141373,"path_taken":["R","M","M","?","?","M","T","R","M","$","E","R","E","M","M","BOSS","R","M","M","M","?","E","T","?","R","?","R","E","?","$","M","BOSS","R","M","M","M","M","E","T","R","$","E","M","M","E","$","M","BOSS","E","$","R","BOSS","BOSS"],"items_purchased_type":["Relic","Card","Relic","Relic","Card","Relic","Card"],"build_version":"2020-12-22","purchased_purges":2,"victory":true,"max_hp_per_floor":[80,80,80,80,80,80,80,80,80,80,80,80,80,80,80,80,80,80,80,80,80,80,80,80,80,80,80,80,80,80,80,80,80,80,90,90,90,90,90,90,90,90,90,90,90,90,90,90,90,90,90,90,90,90,90,90],"card_choices":[{"not_picked":["Guardian:PiercingHide","Guardian:ShieldSpikes"],"picked":"Guardian:ChargeCore","floor":2},{"not_picked":["Guardian:Emergency","Guardian:TemporalStrike"],"picked":"Guardian:Reroute","floor":3},{"not_picked":["Guardian:ChargeCore","Guardian:Gem_Green"],"picked":"Guardian:Planning","floor":6},{"not_picked":["Guardian:Reroute","Guardian:EvasiveProtocol"],"picked":"Guardian:BaubleBeam","floor":9},{"not_picked":["Guardian:TemporalStrike","Guardian:ArmoredProtocol"],"picked":"Guardian:Gem_Blue","floor":10},{"not_picked":["Guardian:Harden","Guardian:DecasProtection"],"picked":"Guardian:SpikerProtocol","floor":11},{"not_picked":["Guardian:PrimingBeam","Guardian:Harden"],"picked":"Guardian:CrystalBeam","floor":13},{"not_picked":["Guardian:Incinerate","Guardian:CrystalBeam"],"picked":"Guardian:ExploitGems","floor":14},{"not_picked":["Guardian:Gem_Red","Guardian:Suspension"],"picked":"Guardian:SentryBeam","floor":15},{"not_picked":["Guardian:SphericShield","Guardian:Gem_Synthetic"],"picked":"Guardian:BaubleBeam","floor":16},{"not_picked":["Guardian:PrismaticBarrier","Guardian:Harden"],"picked":"Guardian:RefractedBeam","floor":19},{"not_picked":["Guardian:Incinerate","Guardian:Preprogram","Guardian:DonusPower"],"picked":"SKIP","floor":20},{"not_picked":["Guardian:Gem_White","Guardian:Planning"],"picked":"Guardian:TimeBomb","floor":21},{"not_picked":["Guardian:Incinerate","Guardian:Suspension"],"picked":"Guardian:BodySlam+1","floor":23},{"not_picked":["Guardian:PiercingHide","Guardian:TemporalStrike+1"],"picked":"Guardian:ConstructionForm","floor":27},{"not_picked":["Guardian:Gem_Red","Guardian:Gem_Fragmented"],"picked":"Guardian:ShieldCharger","floor":29},{"not_picked":["Guardian:ArmoredProtocol+1","Guardian:Harden"],"picked":"Guardian:BronzeOrb","floor":31},{"not_picked":["Guardian:MultiBeam","Guardian:RevengeProtocol"],"picked":"Guardian:ArmoredProtocol+1","floor":32},{"not_picked":["Guardian:AncientConstruct","Guardian:FastForward"],"picked":"Guardian:TimeSifter","floor":33},{"not_picked":["Guardian:VentSteam","Guardian:TemporalStrike+1"],"picked":"Guardian:Gem_Green","floor":36},{"not_picked":["Guardian:TemporalStrike","Guardian:Planning+1"],"picked":"Guardian:PiercingHide+1","floor":37},{"not_picked":["Guardian:Recover","Guardian:Planning"],"picked":"Guardian:Gem_Red","floor":38},{"not_picked":["Guardian:Reroute+1","Guardian:VentSteam+1"],"picked":"Guardian:Gem_Yellow","floor":39},{"not_picked":["Guardian:BaubleBeam","Guardian:Preprogram"],"picked":"Guardian:BodySlam+1","floor":40},{"not_picked":["Guardian:ChargeCore","Guardian:FastForward","Guardian:Suspension"],"picked":"SKIP","floor":43},{"not_picked":["Guardian:Gem_Crimson","Guardian:RollAttack"],"picked":"Guardian:RefractedBeam+1","floor":44},{"not_picked":["Guardian:SpikerProtocol","Guardian:PrimingBeam","Guardian:MultiBeam"],"picked":"SKIP","floor":45},{"not_picked":["Guardian:CrystalBeam+1","Guardian:Gem_Red"],"picked":"Guardian:Gem_Yellow","floor":46},{"not_picked":["Guardian:StasisStrike","Guardian:RefractedBeam+1"],"picked":"Guardian:BronzeOrb+1","floor":47},{"not_picked":["Guardian:PrimingBeam","Guardian:Incinerate+1"],"picked":"Guardian:WalkerClaw+1","floor":49},{"not_picked":["Guardian:VentSteam+1","Guardian:ShieldSpikes+1"],"picked":"Guardian:TemporalShield+1","floor":52}],"player_experience":144800,"relics_obtained":[{"floor":7,"key":"DemoMod:Relodestone"},{"floor":11,"key":"Ancient Tea Set"},{"floor":13,"key":"Pocketwatch"},{"floor":17,"key":"Vajra"},{"floor":17,"key":"DemoMod:MemoryAlloy"},{"floor":17,"key":"Girya"},{"floor":23,"key":"Ginger"},{"floor":29,"key":"DemoMod:Bottle"},{"floor":40,"key":"DemoMod:BlueGuonStone"},{"floor":41,"key":"DemoMod:PoisonVial"},{"floor":44,"key":"DemoMod:ClearGuonStone"},{"floor":47,"key":"Eternal Feather"},{"floor":52,"key":"DemoMod:JetPack"}],"event_choices":[],"is_beta":false,"boss_relics":[{"not_picked":["SlaversCollar","Guardian:ModeShifterPlus"],"picked":"Calling Bell"},{"not_picked":["Runic Dome","REME_DuelDisc"],"picked":"Guardian:StasisSlotReductionRelic"}],"items_purged_floors":[10,31],"is_endless":false,"potions_floor_spawned":[6,9,11,14,16,20,21,23,29,32,33,36,37,39,40,46,47,52],"ascension_level":1}}