{"host":"armnliea5o2aqs4b","time":1611108175,"event":{"mods":["BaseMod","Hermit","Hubris","Infinite Spire","Minty Spire (QoL Compilation)","Quick Restart","StSLib","The Construct","The Disciple","The Forsaken"],"gold_per_floor":[112,112,112,126,126,151,76,106,131,131,131,131,131,8,8,103,103,115,115,115,133,133,133,158,158,183,224,224,237,281,296,296,397,397,427,427,451,130,145,179,179,229,229,229,229,244,264,296,296,403,403,409,409,417,210,210,210,225,232,310,330,338,338,137,142,142,231,231,246,161,168,168,168,168,167,167],"floor_reached":75,"language":"ENG","playtime":2125,"items_purged":["theForsaken:PlagueCurse","Strike_R","Strike_R","Strike_R","Strike_R+1","Defend_R"],"score":1380,"play_id":"bfa15c73-befb-4ce6-b58a-659c73584ae7","local_time":"20210120130255","is_ascension_mode":true,"campfire_choices":[{"data":"Limit Break","floor":10.0,"key":"SMITH"},{"data":"Inflame","floor":15.0,"key":"SMITH"},{"floor":23.0,"key":"REST"},{"floor":25.0,"key":"REST"},{"floor":28.0,"key":"REST"},{"floor":32,"key":"REST"},{"data":"Limit Break","floor":41,"key":"SMITH"},{"data":"Spot Weakness","floor":45,"key":"SMITH"},{"data":"hubris:Fate","floor":49,"key":"SMITH"},{"data":"Limit Break","floor":57,"key":"SMITH"},{"data":"hermit:GoldenBullet","floor":63,"key":"SMITH"},{"data":"RitualDagger","floor":66,"key":"SMITH"},{"data":"Whirlwind","floor":74,"key":"SMITH"}],"circlet_count":0,"master_deck":["Strike_R+1","Defend_R","Defend_R","Defend_R","Bash","Flex+1","Metallicize","Whirlwind+1","Limit Break+1","Infernal Blade","Inflame+1","Double Tap+1","Thunderclap+1","RitualDagger+1","hubris:Fate+1","Seeing Red+1","hubris:SharpeningStone","Limit Break+1","Spot Weakness+1","hermit:RoundhouseKick","hermit:DeadMansHand","hermit:GoldenBullet+1","Limit Break+1","Limit Break+1","Impervious","hermit:Gambit"],"relics":["Burning Blood","NeowsBlessing","theForsaken:PlagueMask","Whetstone","Red Skull","Art of War","Smiling Mask","Black Star","hubris:EvacipatedBox","hubris:CuriousFeather","infinitespire:Midas Blood","MealTicket","hubris:PeanutButter","construct:BoolHorns","theForsaken:Gavel","Pear","hubris:CrackedHourglass","Gremlin Horn","hubris:VirtuousBlindfold","Membership Card","Bottled Tornado","Bag of Marbles","Boot","Ginger","Letter Opener","hubris:DisguiseKit","infinitespire:Eraser","Mark of Pain","Calipers","DollysMirror","hubris:TinFlute","White Beast Statue","theForsaken:HumbleEgg","Oddly Smooth Stone","hubris:ChampionShield","PreservedInsect","Orichalcum","Sozu","The Courier","Blood Vial"],"acts_visited":["Exordium","TheCity","TheBeyond","Exordium","TheCity"],"potions_floor_usage":[31,50,50,50],"damage_taken":[{"damage":0.0,"enemies":"Jaw Worm","floor":1.0,"turns":1.0},{"damage":0.0,"enemies":"Cultist","floor":4.0,"turns":1.0},{"damage":0.0,"enemies":"Lagavulin","floor":6.0,"turns":1.0},{"damage":35.0,"enemies":"3 Sentries","floor":8.0,"turns":6.0},{"damage":41.0,"enemies":"Hexaghost","floor":16.0,"turns":5.0},{"damage":32.0,"enemies":"2 Thieves","floor":18.0,"turns":4.0},{"damage":7.0,"enemies":"Spheric Guardian","floor":21.0,"turns":3.0},{"damage":46.0,"enemies":"Gremlin Leader","floor":24.0,"turns":6.0},{"damage":38.0,"enemies":"Nightmare","floor":27.0,"turns":6.0},{"damage":2.0,"enemies":"Snecko","floor":29.0,"turns":3.0},{"damage":27.0,"enemies":"Gremlin Leader","floor":30.0,"turns":4.0},{"damage":7,"enemies":"Chosen and Byrds","floor":31,"turns":2},{"damage":23,"enemies":"Automaton","floor":33,"turns":6},{"damage":19,"enemies":"3 Shapes","floor":35,"turns":3},{"damage":10,"enemies":"Orb Walker","floor":37,"turns":3},{"damage":0,"enemies":"3 Darklings","floor":39,"turns":1},{"damage":2,"enemies":"Giant Head","floor":40,"turns":5},{"damage":0,"enemies":"Mind Bloom Boss Battle","floor":42,"turns":4},{"damage":7,"enemies":"Jaw Worm Horde","floor":46,"turns":2},{"damage":30,"enemies":"Writhing Mass","floor":47,"turns":3},{"damage":5,"enemies":"Nemesis","floor":48,"turns":3},{"damage":46,"enemies":"Awakened One","floor":50,"turns":5},{"damage":0,"enemies":"Small Slimes","floor":52,"turns":1},{"damage":0,"enemies":"Cultist","floor":54,"turns":2},{"damage":25,"enemies":"Lagavulin","floor":58,"turns":4},{"damage":0,"enemies":"2 Louse","floor":59,"turns":2},{"damage":14,"enemies":"Gremlin Nob","floor":61,"turns":3},{"damage":0,"enemies":"Exordium Thugs","floor":62,"turns":2},{"damage":0,"enemies":"Looter","floor":65,"turns":2},{"damage":0,"enemies":"The Guardian","floor":67,"turns":3},{"damage":0,"enemies":"Chosen","floor":69,"turns":1},{"damage":0,"enemies":"Shell Parasite","floor":71,"turns":2},{"damage":99,"enemies":"Nightmare_Alpha","floor":75,"turns":4}],"seed_played":"2858012829242239099","potions_obtained":[{"floor":6.0,"key":"DuplicationPotion"},{"floor":16.0,"key":"ColorlessPotion"},{"floor":18.0,"key":"Dexterity Potion"},{"floor":27.0,"key":"Dexterity Potion"},{"floor":29.0,"key":"BlessingOfTheForge"},{"floor":31,"key":"Block Potion"},{"floor":35,"key":"SpeedPotion"},{"floor":39,"key":"Energy Potion"},{"floor":50,"key":"SmokeBomb"},{"floor":59,"key":"LiquidBronze"},{"floor":61,"key":"ElixirPotion"}],"is_trial":false,"path_per_floor":["M","?","?","M","?","E","$","E","T","R","?","?","$","$","R","B",null,"M","?","$","M","?","R","E","R","T","NM","R","M","E","M","R","B",null,"M","AVR","M","$","M","E","R","?","T","?","R","M","M","E","R","B",null,"M","AVR","M","$","?","R","E","M","T","E","M","R","$","M","R","B",null,"M","?","M","?","AVR","R","NM"],"character_chosen":"IRONCLAD","items_purchased":["Inflame","hubris:EvacipatedBox","Membership Card","Bottled Tornado","Limit Break","DollysMirror","PreservedInsect","Orichalcum"],"campfire_rested":4,"item_purchase_floors":[14,20,38,38,55,55,64,64],"current_hp_per_floor":[80,85,85,85,85,85,85,56,56,56,53,53,53,53,53,18,85,59,59,40,39,33,58,18,43,43,11,36,40,29,28,56,39,95,82,82,78,93,95,95,95,95,95,95,95,94,70,71,71,31,95,95,95,95,95,95,95,76,82,82,74,80,80,95,95,95,95,95,95,95,95,95,95,95,0,0],"gold":167,"neow_bonus":"THREE_ENEMY_KILL","is_daily":false,"chose_seed":false,"campfire_upgraded":9,"win_rate":0.0,"timestamp":1611108175,"path_taken":["M","?","?","?","?","E","$","E","T","R","?","?","?","$","R","BOSS","M","?","?","M","?","R","E","R","T","NM","R","M","E","M","R","BOSS","M","AVR","M","$","M","E","R","?","T","?","R","M","M","E","R","BOSS","M","AVR","M","?","?","R","E","?","T","E","M","R","$","M","R","BOSS","M","?","M","?","AVR","R","NM"],"items_purchased_type":["Card","Relic","Relic","Relic","Card","Relic","Relic","Relic"],"build_version":"2020-12-22","purchased_purges":6,"victory":false,"max_hp_per_floor":[80,85,85,85,85,85,85,85,85,85,85,85,85,85,85,85,85,85,85,85,85,85,85,85,85,85,85,85,85,95,95,95,95,95,95,95,95,95,95,95,95,95,95,95,95,95,95,95,95,95,95,95,95,95,95,95,95,95,95,95,95,95,95,95,95,95,95,95,95,95,95,95,95,95,95,95],"card_choices":[{"not_picked":["Armaments","Perfected Strike"],"picked":"Flex","floor":1.0},{"not_picked":["Clothesline","Wild Strike"],"picked":"Metallicize","floor":4.0},{"not_picked":["Searing Blow","Havoc"],"picked":"Whirlwind","floor":6.0},{"not_picked":["Dark Embrace","Searing Blow"],"picked":"Limit Break","floor":8.0},{"not_picked":["Brutality","Exhume"],"picked":"Double Tap","floor":16.0},{"not_picked":["True Grit","Fire Breathing"],"picked":"Thunderclap+1","floor":18.0},{"not_picked":["Cleave","Headbutt","Rage"],"picked":"SKIP","floor":21.0},{"not_picked":["Entrench","Combust+1","Wild Strike"],"picked":"SKIP","floor":24.0},{"not_picked":["infinitespire:Fortify","infinitespire:Gouge"],"picked":"hubris:Fate","floor":27.0},{"not_picked":["Heavy Blade","Clothesline+1"],"picked":"Seeing Red+1","floor":27.0},{"not_picked":["Body Slam","Twin Strike","Iron Wave+1"],"picked":"SKIP","floor":29.0},{"not_picked":["Armaments","Clothesline"],"picked":"hubris:SharpeningStone","floor":30.0},{"not_picked":["Clash","Metallicize","Perfected Strike"],"picked":"SKIP","floor":31},{"not_picked":["Offering","Feed"],"picked":"Limit Break","floor":33},{"not_picked":["Intimidate+1","Clothesline+1"],"picked":"Spot Weakness","floor":35},{"not_picked":["Clothesline","Carnage","Anger+1"],"picked":"SKIP","floor":37},{"not_picked":["Clothesline","Pommel Strike+1","Headbutt"],"picked":"SKIP","floor":39},{"not_picked":["infinitespire:OneForAll","Blood for Blood","Evolve"],"picked":"SKIP","floor":40},{"not_picked":["Shrug It Off+1","Intimidate+1","Sever Soul+1"],"picked":"SKIP","floor":46},{"not_picked":["Cleave+1","Reckless Charge+1","Bludgeon"],"picked":"SKIP","floor":47},{"not_picked":["Sword Boomerang","Ghostly Armor","Headbutt"],"picked":"SKIP","floor":48},{"not_picked":["Offering","Fiend Fire","Brutality"],"picked":"hermit:RoundhouseKick","floor":50},{"not_picked":["Pommel Strike","Heavy Blade","Iron Wave"],"picked":"hermit:DeadMansHand","floor":52},{"not_picked":["Clash","Burning Pact","Blood for Blood"],"picked":"hermit:GoldenBullet","floor":54},{"not_picked":["Uppercut","Carnage","Bloodletting","hermit:WideOpen"],"picked":"SKIP","floor":58},{"not_picked":["Battle Trance","infinitespire:OneForAll","Twin Strike","hermit:CalledShot"],"picked":"SKIP","floor":59},{"not_picked":["Dual Wield","Immolate","Flex+1","hermit:Quickdraw"],"picked":"SKIP","floor":61},{"not_picked":["Cleave+1","Clothesline+1","Clash+1","hermit:LoneWolf"],"picked":"SKIP","floor":62},{"not_picked":["Shrug It Off+1","Berserk","Seeing Red","hermit:Headshot"],"picked":"SKIP","floor":65},{"not_picked":["Juggernaut","Corruption","Offering"],"picked":"hermit:Gambit","floor":67},{"not_picked":["Cleave+1","Pommel Strike+1","Infernal Blade","hermit:HighCaliber"],"picked":"SKIP","floor":69},{"not_picked":["Cleave+1","Rupture+1","Armaments+1","hermit:Spite"],"picked":"SKIP","floor":71}],"player_experience":177200,"relics_obtained":[{"floor":6.0,"key":"Whetstone"},{"floor":8.0,"key":"Red Skull"},{"floor":9.0,"key":"Art of War"},{"floor":24.0,"key":"hubris:CuriousFeather"},{"floor":24.0,"key":"infinitespire:Midas Blood"},{"floor":26.0,"key":"MealTicket"},{"floor":27.0,"key":"hubris:PeanutButter"},{"floor":27.0,"key":"construct:BoolHorns"},{"floor":30.0,"key":"theForsaken:Gavel"},{"floor":30.0,"key":"Pear"},{"floor":40,"key":"Bag of Marbles"},{"floor":40,"key":"Boot"},{"floor":42,"key":"Ginger"},{"floor":43,"key":"Letter Opener"},{"floor":48,"key":"hubris:DisguiseKit"},{"floor":48,"key":"infinitespire:Eraser"},{"floor":58,"key":"hubris:TinFlute"},{"floor":58,"key":"White Beast Statue"},{"floor":60,"key":"theForsaken:HumbleEgg"},{"floor":61,"key":"Oddly Smooth Stone"},{"floor":61,"key":"hubris:ChampionShield"}],"event_choices":[{"damage_healed":0.0,"max_hp_gain":5.0,"max_hp_loss":0.0,"gold_gain":0.0,"event_name":"Big Fish","player_choice":"Donut","floor":2.0,"gold_loss":0.0,"damage_taken":0.0},{"damage_healed":0.0,"max_hp_gain":0.0,"max_hp_loss":0.0,"gold_gain":0.0,"event_name":"Upgrade Shrine","player_choice":"Upgraded","floor":3.0,"gold_loss":0.0,"damage_taken":0.0,"cards_upgraded":["Flex"]},{"damage_healed":0.0,"max_hp_gain":0.0,"max_hp_loss":0.0,"gold_gain":0.0,"event_name":"Plague Doctor","player_choice":"Obtain Plague Curse","floor":5.0,"gold_loss":0.0,"damage_taken":0.0,"cards_obtained":["theForsaken:PlagueCurse"]},{"damage_healed":0.0,"max_hp_gain":0.0,"max_hp_loss":0.0,"gold_gain":0.0,"event_name":"Scrap Ooze","player_choice":"Success","floor":11.0,"gold_loss":0.0,"damage_taken":3.0,"relics_obtained":["Smiling Mask"]},{"damage_healed":0.0,"max_hp_gain":0.0,"max_hp_loss":0.0,"gold_gain":0.0,"event_name":"Ghosts","player_choice":"Ignored","floor":19.0,"gold_loss":0.0,"damage_taken":0.0},{"damage_healed":0.0,"max_hp_gain":0.0,"max_hp_loss":0.0,"gold_gain":0.0,"event_name":"Nest","player_choice":"Joined the Cult","floor":22.0,"gold_loss":0.0,"damage_taken":6.0,"cards_obtained":["RitualDagger"]},{"damage_healed":0,"gold_gain":0,"player_choice":"Fight","damage_taken":0,"max_hp_gain":0,"max_hp_loss":0,"event_name":"MindBloom","floor":42,"gold_loss":0},{"damage_healed":0,"gold_gain":0,"player_choice":"Forge","damage_taken":0,"max_hp_gain":0,"max_hp_loss":0,"event_name":"Accursed Blacksmith","floor":44,"gold_loss":0,"cards_upgraded":["Double Tap"]},{"damage_healed":0,"gold_gain":0,"player_choice":"1 cards matched","damage_taken":0,"max_hp_gain":0,"max_hp_loss":0,"event_name":"Match and Keep!","floor":56,"gold_loss":0,"cards_obtained":["Impervious"]},{"damage_healed":0,"gold_gain":0,"player_choice":"Obtained Relic","damage_taken":0,"relics_obtained":["The Courier"],"max_hp_gain":0,"max_hp_loss":0,"event_name":"Addict","floor":70,"gold_loss":85}],"is_beta":false,"boss_relics":[{"not_picked":["hubris:TerracottaHorce","infinitespire:Burning Sword"],"picked":"Black Star"},{"not_picked":["hubris:HollowSoul","Black Blood","hubris:BlackHole"],"picked":"hubris:CrackedHourglass"},{"not_picked":["Calling Bell","Cursed Key","Velvet Choker"],"picked":"Mark of Pain"},{"not_picked":["Astrolabe","theForsaken:PaleLantern","infinitespire:Cupcake"],"picked":"Sozu"}],"items_purged_floors":[7,14,36,38,55,64],"is_endless":true,"potions_floor_spawned":[6,16,18,27,29,31,35,39,40,50,59,61,62,65,67,69,71],"killed_by":"Nightmare_Alpha","ascension_level":1}}