{"host":"gqhy17d1xpb1p3ki","time":1611167326,"event":{"mods":["2.2 Compatiblity","AchievementEnabler","BaseMod","Bestiary","Colored Map","Colored Powertips","Curses Come First","Downfall","Duelist Mod","Hermit","Marisa????????","Minty Spire (QoL Compilation)","Rare Cards Sparkle","Shop Mod","StSLib","The Animator","The Bug Knight","The Cursed","The Disciple","The Hierophant","The Necromancer","The Runesmith","The Servant 0.9.4","Yuri Mod"],"gold_per_floor":[99,113,132,307,69,94,121,121,140,140,156,156,173,183,193,193,193],"floor_reached":16,"language":"ENG","playtime":1193,"items_purged":["Doubt"],"score":104,"play_id":"6ecb5c63-37c9-4122-a1eb-7ed37dce59b1","local_time":"20210120132846","is_ascension_mode":false,"campfire_choices":[{"data":"Negative_Energy_Arrows","floor":1,"key":"SMITH"},{"data":"Bones_to_Steel","floor":10,"key":"SMITH"},{"data":"Death_March_Dance","floor":12,"key":"SMITH"}],"circlet_count":0,"master_deck":["Strike_W","Strike_W","Strike_W","Defend_W","Defend_W","Defend_W","Defend_W","Negative_Energy_Arrows+1","Bone_Wall","Blood_Curse","Bones_to_Steel+1","Summon_Undead","Scare","Spectral_Armor","Death_March_Dance+1","Bone_Armor","Bone_Shift","Negative_Energy_Javelin"],"relics":["Vampire_Amulet","Vajra","Oddly Smooth Stone","Bag of Marbles"],"acts_visited":["Exordium"],"potions_floor_usage":[],"damage_taken":[{"damage":0,"enemies":"Jaw Worm","floor":2,"turns":4},{"damage":0,"enemies":"2 Louse","floor":3,"turns":2},{"damage":0,"enemies":"downfall:FleeingMerchant","floor":5,"turns":4},{"damage":31,"enemies":"Lagavulin","floor":6,"turns":9},{"damage":0,"enemies":"Cultist","floor":9,"turns":5},{"damage":0,"enemies":"Blue Slaver","floor":11,"turns":4},{"damage":11,"enemies":"2 Fungi Beasts","floor":13,"turns":3},{"damage":3,"enemies":"Gremlin Gang","floor":14,"turns":7},{"damage":5,"enemies":"Blue Slaver","floor":15,"turns":8},{"damage":104,"enemies":"DF_ARCHETYPE_STREAMLINE","floor":16,"turns":17}],"seed_played":"4418108050057766823","potions_obtained":[{"floor":2,"key":"champ:CounterPotion"},{"floor":6,"key":"Energy Potion"},{"floor":13,"key":"Regen Potion"}],"is_trial":false,"path_per_floor":["R","M","M","?","$","E","T","?","M","R","M","R","M","M","M","B"],"character_chosen":"NECROMANCER","items_purchased":["Vajra"],"campfire_rested":0,"item_purchase_floors":[5],"current_hp_per_floor":[82,82,82,82,82,53,53,53,67,67,69,69,62,67,64,0,0],"gold":193,"neow_bonus":"TEN_PERCENT_HP_BONUS","is_daily":false,"chose_seed":false,"campfire_upgraded":3,"win_rate":0.0,"timestamp":1611167326,"path_taken":["R","M","M","?","$","E","T","?","?","R","M","R","M","M","M","BOSS"],"items_purchased_type":["Relic"],"build_version":"2020-12-22","purchased_purges":1,"victory":false,"max_hp_per_floor":[82,82,82,82,82,82,82,82,82,82,82,82,82,82,82,82,82],"card_choices":[{"not_picked":["Epidemic","Bone_Bullets"],"picked":"Blood_Curse","floor":2},{"not_picked":["Negative_Energy_Javelin","Shade_Step"],"picked":"Bones_to_Steel","floor":3},{"not_picked":["Corrupt","Blood_Curse"],"picked":"Summon_Undead","floor":5},{"not_picked":["Blood_Curse","Blood_Whip"],"picked":"Scare","floor":6},{"not_picked":["Consume_Illness","Strike_from_Beyond"],"picked":"Spectral_Armor","floor":9},{"not_picked":["Toxic_Smoke_Screen","Requiem"],"picked":"Death_March_Dance","floor":11},{"not_picked":["Bone_Prison","Vampiric_Strike"],"picked":"Bone_Armor","floor":13},{"not_picked":["Finger_Of_Death","Blood_Curse"],"picked":"Bone_Shift","floor":14},{"not_picked":["Bone_Shift","Spectral_Armor"],"picked":"Negative_Energy_Javelin","floor":15}],"player_experience":381967,"relics_obtained":[{"floor":6,"key":"Oddly Smooth Stone"},{"floor":7,"key":"Bag of Marbles"}],"event_choices":[],"is_beta":false,"boss_relics":[],"items_purged_floors":[5],"is_endless":false,"potions_floor_spawned":[2,6,13,15],"killed_by":"DF_ARCHETYPE_STREAMLINE","ascension_level":0}}