{"host":"1a3cjta80tad0aqj","time":1611107304,"event":{"mods":["2.2 Compatiblity","AchievementEnabler","BaseMod","Colored Map","DeckTracker","KOR Keyword Fix","Keyboard Shortcuts","Minty Spire (QoL Compilation)","Permanent Neow","Quick Restart","Random Character Button","StSLib","SuperFastMode","everything is the same but u backflip on backflip"],"gold_per_floor":[114,64,64,79,94,124,139,139,139,154,154,169,184,199,199,299,299,314,314,314,329,143,173,188,203,253,265,187,187,217,232,232,332,332,347,347,377,477,507,537,537,537],"floor_reached":41,"language":"KOR","playtime":2498,"items_purged":[],"score":673,"play_id":"39594c3e-f6e7-449e-ae4b-aa5a5349ea4f","local_time":"20210120104824","daily_mods":["Shiny","Red Cards","DeadlyEvents"],"is_ascension_mode":false,"campfire_choices":[{"floor":11,"key":"REST"},{"data":"Venomology","floor":15,"key":"SMITH"},{"data":"Apotheosis","floor":27,"key":"SMITH"},{"floor":32,"key":"REST"}],"circlet_count":0,"master_deck":["Double Tap","Demon Form","Bludgeon","Feed+1","Limit Break","Corruption","Barricade","Fiend Fire","Berserk","Impervious","Juggernaut+1","Brutality","Reaper","Exhume","Offering","Immolate","Venomology+1","Corpse Explosion","Malaise","Phantasmal Killer","Die Die Die","Adrenaline","Envenom","Doppelganger","Burst","Wraith Form v2","Tools of the Trade","Night Terror","Unload","After Image","Bullet Time","Storm of Steel","Glass Knife","A Thousand Cuts","Infernal Blade","Headbutt","Calculated Gamble","Caltrops","Shrug It Off","Backflip","Battle Trance","Offering","Dodge and Roll+1","Writhe","Armaments","Apotheosis+1","Combust","Whirlwind","Panacea","Sever Soul","Infernal Blade","Acrobatics","Enlightenment","Blur","Deflect+1"],"relics":["Ring of the Snake","Regal Pillow","Bronze Scales","SlaversCollar","Akabeko","MealTicket","MawBank","Centennial Puzzle","Fusion Hammer","InkBottle","Ancient Tea Set","Bottled Tornado"],"acts_visited":["Exordium","TheCity","TheBeyond"],"potions_floor_usage":[6,6,7,12,16,18,21,21,23,31,33,35,37,37,37,39,40],"damage_taken":[{"damage":0,"enemies":"2 Louse","floor":1,"turns":1},{"damage":12,"enemies":"Small Slimes","floor":4,"turns":3},{"damage":1,"enemies":"Cultist","floor":5,"turns":2},{"damage":24,"enemies":"3 Sentries","floor":6,"turns":5},{"damage":1,"enemies":"3 Louse","floor":7,"turns":2},{"damage":13,"enemies":"Red Slaver","floor":10,"turns":2},{"damage":6,"enemies":"2 Fungi Beasts","floor":12,"turns":1},{"damage":6,"enemies":"Exordium Thugs","floor":13,"turns":3},{"damage":10,"enemies":"3 Louse","floor":14,"turns":2},{"damage":6,"enemies":"Slime Boss","floor":16,"turns":6},{"damage":1,"enemies":"Spheric Guardian","floor":18,"turns":2},{"damage":14,"enemies":"2 Thieves","floor":21,"turns":3},{"damage":0,"enemies":"Slavers","floor":23,"turns":2},{"damage":12,"enemies":"Cultist and Chosen","floor":24,"turns":3},{"damage":30,"enemies":"Snecko","floor":25,"turns":5},{"damage":15,"enemies":"Book of Stabbing","floor":30,"turns":5},{"damage":40,"enemies":"3 Cultists","floor":31,"turns":4},{"damage":30,"enemies":"Automaton","floor":33,"turns":5},{"damage":6,"enemies":"Orb Walker","floor":35,"turns":1},{"damage":14,"enemies":"Giant Head","floor":37,"turns":6},{"damage":35,"enemies":"Nemesis","floor":39,"turns":5},{"damage":42,"enemies":"Giant Head","floor":40,"turns":7},{"damage":15,"enemies":"Nemesis","floor":41,"turns":2}],"seed_played":"-1760728548950895142","potions_obtained":[{"floor":1,"key":"Fire Potion"},{"floor":5,"key":"Poison Potion"},{"floor":10,"key":"BlessingOfTheForge"},{"floor":13,"key":"Weak Potion"},{"floor":21,"key":"DistilledChaos"},{"floor":30,"key":"Fire Potion"},{"floor":33,"key":"Regen Potion"},{"floor":37,"key":"Fruit Juice"},{"floor":39,"key":"PowerPotion"}],"is_trial":false,"path_per_floor":["M","$","?","M","M","E","M","?","T","M","R","M","M","M","R","B",null,"M","$","?","M","$","E","M","M","T","R","$","?","E","M","R","B",null,"M","?","E","?","E","E","E"],"character_chosen":"THE_SILENT","items_purchased":["BlessingOfTheForge","Apotheosis","Panacea"],"campfire_rested":2,"item_purchase_floors":[2,22,28],"current_hp_per_floor":[70,70,56,62,61,49,48,41,41,30,67,65,59,49,49,47,78,77,77,77,67,67,76,76,51,51,51,66,66,51,29,69,63,86,80,80,71,71,51,12,0,0],"gold":537,"neow_bonus":"","is_daily":true,"chose_seed":false,"campfire_upgraded":2,"win_rate":0.0,"timestamp":1611107304,"path_taken":["M","$","?","M","M","E","M","?","T","M","R","?","M","M","R","BOSS","M","$","?","M","$","E","M","M","T","R","$","?","E","M","R","BOSS","M","?","?","?","?","E","?"],"items_purchased_type":["Potion","Card","Card"],"build_version":"2020-12-22","purchased_purges":0,"victory":false,"max_hp_per_floor":[70,70,70,74,74,74,74,74,74,74,74,78,78,78,78,78,78,78,78,78,78,78,78,82,82,82,82,82,82,82,86,86,86,86,86,86,91,91,91,91,91,91],"card_choices":[{"not_picked":["Carnage","Dagger Throw"],"picked":"Infernal Blade","floor":1},{"not_picked":["Havoc","Accuracy"],"picked":"Headbutt","floor":4},{"not_picked":["Warcry","Clothesline"],"picked":"Calculated Gamble","floor":5},{"not_picked":["Crippling Poison","Berserk","Thunderclap"],"picked":"SKIP","floor":6},{"not_picked":["Thunderclap","Perfected Strike"],"picked":"Caltrops","floor":7},{"not_picked":["Catalyst","Cleave"],"picked":"Shrug It Off","floor":10},{"not_picked":["Quick Slash","Barricade"],"picked":"Backflip","floor":12},{"not_picked":["Thunderclap","Headbutt","Cleave"],"picked":"SKIP","floor":13},{"not_picked":["True Grit","Quick Slash"],"picked":"Battle Trance","floor":14},{"not_picked":["Phantasmal Killer","Night Terror"],"picked":"Offering","floor":16},{"not_picked":["All Out Attack","Dagger Throw"],"picked":"Dodge and Roll+1","floor":18},{"not_picked":["Battle Trance","Backflip"],"picked":"Armaments","floor":21},{"not_picked":["True Grit","Grand Finale","Power Through"],"picked":"SKIP","floor":23},{"not_picked":["Clash","Wild Strike"],"picked":"Combust","floor":24},{"not_picked":["Dodge and Roll+1","Dash"],"picked":"Whirlwind","floor":25},{"not_picked":["Shrug It Off","Havoc+1"],"picked":"Infernal Blade","floor":30},{"not_picked":["Havoc","Heavy Blade","Clothesline"],"picked":"SKIP","floor":31},{"not_picked":["Backflip+1","Catalyst+1"],"picked":"Acrobatics","floor":35},{"not_picked":["Tactician","True Grit","Underhanded Strike+1"],"picked":"SKIP","floor":37},{"not_picked":["Dagger Spray","Dagger Throw"],"picked":"Blur","floor":39},{"not_picked":["Poisoned Stab","Underhanded Strike+1"],"picked":"Deflect+1","floor":40}],"player_experience":803839,"relics_obtained":[{"floor":6,"key":"Regal Pillow"},{"floor":9,"key":"Bronze Scales"},{"floor":23,"key":"MealTicket"},{"floor":26,"key":"MawBank"},{"floor":30,"key":"Centennial Puzzle"},{"floor":37,"key":"InkBottle"},{"floor":39,"key":"Ancient Tea Set"},{"floor":40,"key":"Bottled Tornado"}],"event_choices":[{"damage_healed":0,"gold_gain":0,"player_choice":"Entered Light","damage_taken":14,"max_hp_gain":0,"max_hp_loss":0,"event_name":"Shining Light","floor":3,"gold_loss":0,"cards_upgraded":["Juggernaut","Feed"]},{"cards_removed":["Grand Finale"],"damage_healed":0,"gold_gain":0,"player_choice":"Card Removal","damage_taken":7,"max_hp_gain":0,"max_hp_loss":0,"event_name":"Golden Wing","floor":8,"gold_loss":0},{"damage_healed":0,"gold_gain":0,"player_choice":"Opened","damage_taken":0,"relics_obtained":["Akabeko"],"max_hp_gain":0,"max_hp_loss":0,"event_name":"The Mausoleum","floor":20,"gold_loss":0,"cards_obtained":["Writhe"]},{"damage_healed":0,"gold_gain":0,"player_choice":"Read","damage_taken":0,"max_hp_gain":0,"max_hp_loss":0,"event_name":"The Library","floor":29,"gold_loss":0,"cards_obtained":["Sever Soul"]},{"damage_healed":0,"gold_gain":0,"player_choice":"1 cards matched","damage_taken":0,"max_hp_gain":0,"max_hp_loss":0,"event_name":"Match and Keep!","floor":36,"gold_loss":0,"cards_obtained":["Enlightenment"]},{"damage_healed":0,"gold_gain":100,"player_choice":"Pray","damage_taken":0,"max_hp_gain":0,"max_hp_loss":0,"event_name":"Golden Shrine","floor":38,"gold_loss":0}],"is_beta":false,"boss_relics":[{"not_picked":["Tiny House","Runic Pyramid"],"picked":"SlaversCollar"},{"not_picked":["Velvet Choker","Black Star"],"picked":"Fusion Hammer"}],"items_purged_floors":[],"is_endless":false,"potions_floor_spawned":[1,5,10,13,14,21,30,31,33,37,39],"killed_by":"Nemesis","ascension_level":0}}