{"host":"chv1qanoipyt46jc","time":1611103268,"event":{"mods":["2.2 Compatiblity","AchievementEnabler","BaseMod","BetterRewards","CapriCore","Card Filter","Evolution","Gold Saver","Grow up Mod","Kratos Character Expansion","Minty Spire (QoL Compilation)","Rare Cards Sparkle","Relic Filter","Remove Card Discount Mod","Reorder Act Four","StSLib"],"gold_per_floor":[1248,1258,1270,1287,1285,1313,1323,1337,1337,1364,1364,1375,1388,1405,1405,1503,1503,1523,1543,1554,1564,1564,1564,1564,1564,1589,1504,1514,1514,1541,1555,1555,1651,1651,1665,1665,1676,1686,1704,1737,1748,1782,1830,1846,1856,1867,1867,1883,1883,1883,1883,1735,1735,1762,1762],"floor_reached":56,"language":"ENG","playtime":1232,"items_purged":["KratosMod:BladeWhip","KratosMod:BladeWhip","KratosMod:BladeWhip","KratosMod:Defend_K","KratosMod:Defend_K","KratosMod:Defend_K","KratosMod:Defend_K","KratosMod:BladeWhip","Madness","Madness"],"score":1793,"play_id":"da7a82e7-9384-422b-9820-ebe9e35a12a2","local_time":"20210119184108","is_ascension_mode":false,"campfire_choices":[{"data":"KratosMod:Tempor","floor":11,"key":"SMITH"},{"data":"KratosMod:BladeWhip","floor":15,"key":"SMITH"},{"data":"KratosMod:BladeWhip","floor":23,"key":"SMITH"},{"floor":25,"key":"RECALL"},{"data":"KratosMod:cyclone","floor":29,"key":"SMITH"},{"floor":32,"key":"REST"},{"floor":47,"key":"DIG"},{"floor":49,"key":"DIG"},{"floor":53,"key":"DIG"}],"circlet_count":0,"master_deck":["KratosMod:BladeWhip+1","KratosMod:BladeWhip+1","KratosMod:cyclone+1","KratosMod:AthenaBane","KratosMod:Tempor+1"],"relics":["KratosMod:eagle","EVO:Axolotl","Gremlin Horn","TheAbacus","KratosMod:minohorn","Blood Vial","InkBottle","Odd Mushroom","SlaversCollar","MutagenicStrength","Anchor","Mango","PreservedInsect","Coffee Dripper","Shovel","Sundial","Pen Nib","Whetstone","Centennial Puzzle","Medical Kit","Letter Opener","HornCleat"],"acts_visited":["Exordium","TheCity","TheBeyond","TheEnding"],"potions_floor_usage":[55,55,55],"damage_taken":[{"damage":0,"enemies":"2 Louse","floor":1,"turns":1},{"damage":0,"enemies":"Jaw Worm","floor":2,"turns":1},{"damage":0,"enemies":"Small Slimes","floor":3,"turns":1},{"damage":0,"enemies":"2 Fungi Beasts","floor":4,"turns":1},{"damage":0,"enemies":"Gremlin Nob","floor":6,"turns":2},{"damage":0,"enemies":"Large Slime","floor":7,"turns":2},{"damage":0,"enemies":"Exordium Wildlife","floor":8,"turns":1},{"damage":0,"enemies":"The Mushroom Lair","floor":10,"turns":1},{"damage":0,"enemies":"Looter","floor":12,"turns":2},{"damage":0,"enemies":"Blue Slaver","floor":13,"turns":2},{"damage":0,"enemies":"Exordium Thugs","floor":14,"turns":2},{"damage":0,"enemies":"Slime Boss","floor":16,"turns":2},{"damage":2,"enemies":"2 Thieves","floor":18,"turns":2},{"damage":0,"enemies":"3 Byrds","floor":19,"turns":2},{"damage":6,"enemies":"Shelled Parasite and Fungi","floor":20,"turns":2},{"damage":0,"enemies":"Snecko","floor":21,"turns":2},{"damage":0,"enemies":"Centurion and Healer","floor":28,"turns":1},{"damage":0,"enemies":"Book of Stabbing","floor":30,"turns":2},{"damage":0,"enemies":"Cultist and Chosen","floor":31,"turns":2},{"damage":0,"enemies":"Champ","floor":33,"turns":2},{"damage":0,"enemies":"Orb Walker","floor":35,"turns":1},{"damage":5,"enemies":"3 Shapes","floor":37,"turns":2},{"damage":0,"enemies":"Transient","floor":38,"turns":4},{"damage":0,"enemies":"Jaw Worm Horde","floor":39,"turns":2},{"damage":0,"enemies":"Giant Head","floor":40,"turns":2},{"damage":0,"enemies":"Maw","floor":41,"turns":3},{"damage":222,"enemies":"Nemesis","floor":42,"turns":11},{"damage":0,"enemies":"3 Darklings","floor":44,"turns":2},{"damage":11,"enemies":"4 Shapes","floor":45,"turns":2},{"damage":7,"enemies":"Maw","floor":46,"turns":3},{"damage":0,"enemies":"Sphere and 2 Shapes","floor":48,"turns":2},{"damage":25,"enemies":"Time Eater","floor":50,"turns":4},{"damage":0,"enemies":"Shield and Spear","floor":54,"turns":2},{"damage":32,"enemies":"The Heart","floor":55,"turns":3}],"seed_played":"-5098554265209675383","potions_obtained":[{"floor":1,"key":"Energy Potion"},{"floor":2,"key":"SpeedPotion"},{"floor":8,"key":"LiquidBronze"},{"floor":30,"key":"LiquidBronze"},{"floor":46,"key":"Swift Potion"}],"is_trial":false,"path_per_floor":["M","M","M","M","$","E","M","M","T","?","R","M","M","M","R","B",null,"M","M","M","M","?","R","?","R","T","?","M","R","E","M","R","B",null,"M","?","M","M","M","E","M","E","T","M","M","M","R","M","R","B",null,"$","R","E","B",null],"character_chosen":"KRATOS","items_purchased":["Gremlin Horn","KratosMod:BladeWhip","TheAbacus","KratosMod:minohorn","KratosMod:BladeWhip","Blood Vial","Medical Kit"],"campfire_rested":1,"item_purchase_floors":[0,0,0,0,0,0,52],"current_hp_per_floor":[52,64,76,88,98,110,122,134,144,156,166,178,190,202,212,224,252,260,272,276,288,298,308,318,328,338,362,374,384,396,406,416,426,436,446,400,407,419,431,443,455,245,255,267,268,273,283,295,305,292,606,616,626,636,614],"gold":1762,"neow_bonus":"","is_daily":false,"chose_seed":false,"campfire_upgraded":4,"win_rate":0.0,"timestamp":1611103268,"path_taken":["M","M","M","M","$","E","M","M","T","?","R","M","M","M","R","BOSS","M","M","M","M","?","R","?","R","T","?","M","R","E","M","R","BOSS","M","?","M","M","M","E","M","E","T","M","M","M","R","M","R","BOSS","$","R","E","BOSS"],"items_purchased_type":["Relic","Card","Relic","Relic","Card","Relic","Relic"],"build_version":"2020-12-22","purchased_purges":10,"victory":true,"max_hp_per_floor":[92,102,112,122,132,142,152,162,172,182,192,202,212,222,232,242,252,262,272,282,292,302,312,322,332,342,366,376,386,396,406,416,426,436,446,456,466,476,486,496,506,516,526,536,546,556,566,576,586,596,606,616,626,636,646],"card_choices":[{"not_picked":["KratosMod:Roll","KratosMod:clawsofhades","KratosMod:rattle"],"picked":"SKIP","floor":1},{"not_picked":["KratosMod:Roll","KratosMod:Endure"],"picked":"KratosMod:Tempor","floor":2},{"not_picked":["KratosMod:Tempor","KratosMod:conjuresoul","KratosMod:ShieldBash"],"picked":"SKIP","floor":3},{"not_picked":["KratosMod:conjuresoul","KratosMod:Tempor","KratosMod:BladeWhip"],"picked":"SKIP","floor":4},{"not_picked":["KratosMod:clawsofhades","KratosMod:Roll","KratosMod:rattle"],"picked":"SKIP","floor":6},{"not_picked":["KratosMod:BladeWhip","KratosMod:Tempor","KratosMod:Roll"],"picked":"SKIP","floor":7},{"not_picked":["KratosMod:clawsofhades","KratosMod:Roll","KratosMod:Tempor"],"picked":"SKIP","floor":8},{"not_picked":["KratosMod:ShieldBash","KratosMod:SmashStone","KratosMod:ablockalypse"],"picked":"SKIP","floor":12},{"not_picked":["KratosMod:rattle","KratosMod:Tempor","KratosMod:Roll"],"picked":"SKIP","floor":13},{"not_picked":["KratosMod:settle","KratosMod:SmashStone","KratosMod:Tempor"],"picked":"SKIP","floor":14},{"not_picked":["KratosMod:Tempor","KratosMod:Roll","KratosMod:ShieldBash+1"],"picked":"SKIP","floor":18},{"not_picked":["KratosMod:SmashStone","KratosMod:Tempor","KratosMod:Roll+1"],"picked":"SKIP","floor":19},{"not_picked":["KratosMod:settle+1","KratosMod:ShieldBash","KratosMod:SmashStone"],"picked":"SKIP","floor":20},{"not_picked":["KratosMod:BladeWhip","KratosMod:Tempor","KratosMod:Roll"],"picked":"SKIP","floor":21},{"not_picked":["KratosMod:BladeWhip+1","KratosMod:blades","KratosMod:rattle"],"picked":"SKIP","floor":28},{"not_picked":["KratosMod:clawsofhades","KratosMod:BladeWhip+1","KratosMod:Endure"],"picked":"SKIP","floor":30},{"not_picked":["KratosMod:BladeWhip","KratosMod:ShieldBash","KratosMod:SmashStone"],"picked":"SKIP","floor":31},{"not_picked":["KratosMod:Tempor+1","KratosMod:BladeWhip","KratosMod:Roll"],"picked":"SKIP","floor":35},{"not_picked":["KratosMod:clawsofhades","KratosMod:settle+1","KratosMod:ShieldBash"],"picked":"SKIP","floor":37},{"not_picked":["KratosMod:settle+1","KratosMod:Endure","KratosMod:Roll"],"picked":"SKIP","floor":38},{"not_picked":["KratosMod:settle","KratosMod:SmashStone+1","KratosMod:ShieldBash"],"picked":"SKIP","floor":39},{"not_picked":["KratosMod:rattle+1","KratosMod:BladeWhip+1","KratosMod:Endure"],"picked":"SKIP","floor":40},{"not_picked":["KratosMod:rattle+1","KratosMod:ShieldBash","KratosMod:Roll+1"],"picked":"SKIP","floor":41},{"not_picked":["KratosMod:styx","KratosMod:rattle+1","KratosMod:conjuresoul+1"],"picked":"SKIP","floor":42},{"not_picked":["KratosMod:Endure","KratosMod:BladeWhip","KratosMod:rattle"],"picked":"SKIP","floor":44},{"not_picked":["KratosMod:clawsofhades","KratosMod:settle","KratosMod:Roll+1"],"picked":"SKIP","floor":45},{"not_picked":["KratosMod:SmashStone","KratosMod:conjuresoul","KratosMod:clawsofhades"],"picked":"SKIP","floor":46},{"not_picked":["KratosMod:Endure","KratosMod:settle+1","KratosMod:tartarusrage"],"picked":"SKIP","floor":48},{"not_picked":["KratosMod:ShieldBash+1","KratosMod:rattle","KratosMod:BladeWhip"],"picked":"SKIP","floor":54}],"player_experience":349492,"relics_obtained":[{"floor":6,"key":"InkBottle"},{"floor":10,"key":"Odd Mushroom"},{"floor":26,"key":"Anchor"},{"floor":30,"key":"PreservedInsect"},{"floor":40,"key":"Shovel"},{"floor":42,"key":"Sundial"},{"floor":43,"key":"Pen Nib"},{"floor":47,"key":"Whetstone"},{"floor":49,"key":"Centennial Puzzle"},{"floor":53,"key":"Letter Opener"},{"floor":54,"key":"HornCleat"}],"event_choices":[{"damage_healed":0,"gold_gain":0,"player_choice":"Fought Mushrooms","damage_taken":0,"max_hp_gain":0,"max_hp_loss":0,"event_name":"Mushrooms","floor":10,"gold_loss":0},{"damage_healed":0,"gold_gain":0,"player_choice":"Ignored","damage_taken":0,"max_hp_gain":0,"max_hp_loss":0,"event_name":"Cursed Tome","floor":22,"gold_loss":0},{"damage_healed":0,"gold_gain":0,"player_choice":"Inject Mutagens","damage_taken":0,"relics_obtained":["MutagenicStrength"],"max_hp_gain":0,"max_hp_loss":0,"event_name":"Drug Dealer","floor":24,"gold_loss":0},{"damage_healed":0,"gold_gain":0,"player_choice":"Obtained Relic","damage_taken":0,"relics_obtained":["Mango"],"max_hp_gain":0,"max_hp_loss":0,"event_name":"Addict","floor":27,"gold_loss":85},{"damage_healed":0,"gold_gain":0,"player_choice":"Embrace Madness","damage_taken":56,"max_hp_gain":0,"max_hp_loss":0,"event_name":"Winding Halls","floor":36,"gold_loss":0,"cards_obtained":["Madness","Madness"]}],"is_beta":false,"boss_relics":[{"not_picked":["Empty Cage","Cursed Key"],"picked":"SlaversCollar"},{"not_picked":["Runic Pyramid","Calling Bell"],"picked":"Coffee Dripper"}],"items_purged_floors":[0,0,0,0,0,0,0,5,52,52],"is_endless":false,"potions_floor_spawned":[1,2,8,13,20,28,30,31,35,37,39,45,46],"ascension_level":0}}