{"host":"9709z2dy8v1s63sm","time":1611117058,"event":{"mods":["AchievementEnabler","BaseMod","Minty Spire (QoL Compilation)","StSLib","SuperFastMode"],"gold_per_floor":[362,362,15,27,39,69,79,104,104,104,122,455,468,481,481,584,584,600,27,27,37,37,37],"floor_reached":22,"language":"KOR","playtime":1923,"items_purged":["Defend_R","Strike_R"],"score":312,"play_id":"6fda8063-ba23-4bd4-a289-c2d55e1333b7","local_time":"20210120133058","is_ascension_mode":true,"campfire_choices":[{"data":"Barricade","floor":10.0,"key":"SMITH"},{"data":"Wild Strike","floor":15.0,"key":"SMITH"}],"circlet_count":0,"master_deck":["AscendersBane","Strike_R","Strike_R","Strike_R","Defend_R","Defend_R","Defend_R","Bash","Wild Strike+1","Evolve","Power Through","Warcry","Shockwave","Barricade+1","Metallicize","Dark Embrace","Shrug It Off","Dual Wield","Offering","Body Slam+1","Feel No Pain","True Grit"],"relics":["Burning Blood","Potion Belt","Pantograph","Bag of Marbles","Bottled Tornado","Old Coin","SlaversCollar","Centennial Puzzle","Charon\u0027s Ashes"],"acts_visited":["Exordium","TheCity"],"potions_floor_usage":[],"damage_taken":[{"damage":2.0,"enemies":"Jaw Worm","floor":1.0,"turns":3.0},{"damage":6.0,"enemies":"Cultist","floor":4.0,"turns":5.0},{"damage":5.0,"enemies":"Small Slimes","floor":5.0,"turns":3.0},{"damage":5.0,"enemies":"Lagavulin","floor":6.0,"turns":7.0},{"damage":15.0,"enemies":"Exordium Wildlife","floor":7.0,"turns":7.0},{"damage":18.0,"enemies":"Gremlin Nob","floor":8.0,"turns":6.0},{"damage":4.0,"enemies":"Looter","floor":11.0,"turns":4.0},{"damage":15.0,"enemies":"3 Sentries","floor":12.0,"turns":13.0},{"damage":10.0,"enemies":"Blue Slaver","floor":13.0,"turns":7.0},{"damage":2.0,"enemies":"2 Fungi Beasts","floor":14.0,"turns":6.0},{"damage":22.0,"enemies":"Slime Boss","floor":16.0,"turns":20.0},{"damage":47.0,"enemies":"Spheric Guardian","floor":18.0,"turns":8.0},{"damage":22,"enemies":"2 Thieves","floor":21,"turns":3},{"damage":16,"enemies":"3 Cultists","floor":22,"turns":5}],"seed_played":"473106765238493736","potions_obtained":[{"floor":4.0,"key":"PowerPotion"},{"floor":6.0,"key":"ElixirPotion"},{"floor":7.0,"key":"Ancient Potion"},{"floor":12.0,"key":"Regen Potion"},{"floor":14.0,"key":"SteroidPotion"},{"floor":16.0,"key":"Dexterity Potion"}],"is_trial":false,"path_per_floor":["M","?","$","M","M","E","M","E","T","R","M","E","M","M","R","B",null,"M","$","?","M","M"],"character_chosen":"IRONCLAD","items_purchased":["Potion Belt","Evolve","Power Through","Feel No Pain","Centennial Puzzle","Charon\u0027s Ashes"],"campfire_rested":0,"item_purchase_floors":[3,3,3,19,19,19],"current_hp_per_floor":[55,55,55,55,56,57,48,36,36,36,38,29,40,44,44,53,73,32,32,32,16,0,0],"gold":37,"neow_bonus":"TWO_FIFTY_GOLD","is_daily":false,"chose_seed":false,"campfire_upgraded":2,"win_rate":0.0,"timestamp":1611117058,"path_taken":["M","?","$","M","M","E","M","E","T","R","M","E","?","M","R","BOSS","M","$","?","M","M"],"items_purchased_type":["Relic","Card","Card","Card","Relic","Relic"],"build_version":"2020-12-22","purchased_purges":2,"victory":false,"max_hp_per_floor":[80,80,80,80,80,80,80,80,80,80,80,80,80,80,80,80,80,80,80,80,80,80,80],"card_choices":[{"not_picked":["Clash","Anger"],"picked":"Wild Strike","floor":1.0},{"not_picked":["Cleave","Iron Wave"],"picked":"Warcry","floor":4.0},{"not_picked":["Uppercut","Iron Wave"],"picked":"Shockwave","floor":5.0},{"not_picked":["Havoc","Blood for Blood"],"picked":"Barricade","floor":6.0},{"not_picked":["Havoc","True Grit"],"picked":"Metallicize","floor":7.0},{"not_picked":["Shrug It Off","Armaments"],"picked":"Dark Embrace","floor":8.0},{"not_picked":["Cleave","Thunderclap"],"picked":"Shrug It Off","floor":11.0},{"not_picked":["Whirlwind","Flex","Carnage"],"picked":"SKIP","floor":12.0},{"not_picked":["Flame Barrier","Iron Wave"],"picked":"Dual Wield","floor":13.0},{"not_picked":["Flex","Armaments","Cleave"],"picked":"SKIP","floor":14.0},{"not_picked":["Fiend Fire","Bludgeon"],"picked":"Offering","floor":16.0},{"not_picked":["Armaments","Heavy Blade+1"],"picked":"Body Slam+1","floor":18.0},{"not_picked":["Sword Boomerang","Warcry"],"picked":"True Grit","floor":21}],"player_experience":83157,"relics_obtained":[{"floor":6.0,"key":"Pantograph"},{"floor":8.0,"key":"Bag of Marbles"},{"floor":9.0,"key":"Bottled Tornado"},{"floor":12.0,"key":"Old Coin"}],"event_choices":[{"cards_removed":["Strike_R"],"damage_healed":0.0,"max_hp_gain":0.0,"max_hp_loss":0.0,"gold_gain":0.0,"event_name":"Bonfire Elementals","player_choice":"Offered Basic","floor":2.0,"gold_loss":0.0,"damage_taken":0.0}],"is_beta":false,"boss_relics":[{"not_picked":["Snecko Eye","Runic Pyramid"],"picked":"SlaversCollar"}],"items_purged_floors":[3,19],"is_endless":false,"potions_floor_spawned":[4,6,7,12,14,16],"killed_by":"3 Cultists","ascension_level":10}}