{"host":"b7j598ve05halrwk","time":1611181274,"event":{"mods":["2.2 Compatiblity","BaseMod","Block Reminder","DeckTracker","Minty Spire (QoL Compilation)","Relic Stats","Slay the Relics Exporter","StSLib","ojb\u0027s Better Paths Mod","ojb\u0027s Info Mod"],"gold_per_floor":[119,130,130,130,180,214,214,229,229,268,288,309,347,367,367,460,460,473,7,42,42,46,46,84,84,84],"floor_reached":25,"language":"ENG","playtime":2384,"items_purged":[],"score":532,"play_id":"69c54ce1-965b-4367-a191-cd331ee5a1cb","local_time":"20210120172114","is_ascension_mode":true,"campfire_choices":[{"floor":7.0,"key":"REST"},{"data":"Hologram","floor":15.0,"key":"SMITH"},{"data":"Seek","floor":23,"key":"SMITH"}],"circlet_count":0,"master_deck":["AscendersBane","Defend_B","Defend_B","Defend_B","Zap","Dualcast","Streamline+1","Glacier","Rebound","Seek+1","Cold Snap","Reinforced Body","Glacier","Storm","Hologram+1","Core Surge","Static Discharge+1","Thunder Strike+1","Reprogram+1","Panache","Impatience","Buffer"],"relics":["Cracked Core","Golden Idol","Cables","Mummified Hand","Mango","Matryoshka","Astrolabe","Membership Card","Meat on the Bone","Red Mask","Oddly Smooth Stone"],"acts_visited":["Exordium","TheCity"],"potions_floor_usage":[20,24],"damage_taken":[{"damage":7.0,"enemies":"Jaw Worm","floor":1.0,"turns":3.0},{"damage":0.0,"enemies":"Small Slimes","floor":2.0,"turns":3.0},{"damage":33.0,"enemies":"3 Sentries","floor":6.0,"turns":10.0},{"damage":0.0,"enemies":"Cultist","floor":8.0,"turns":3.0},{"damage":0.0,"enemies":"Lagavulin","floor":10.0,"turns":6.0},{"damage":6.0,"enemies":"Exordium Thugs","floor":11.0,"turns":9.0},{"damage":0.0,"enemies":"3 Louse","floor":12.0,"turns":5.0},{"damage":19.0,"enemies":"Gremlin Nob","floor":13.0,"turns":4.0},{"damage":0.0,"enemies":"2 Fungi Beasts","floor":14.0,"turns":3.0},{"damage":6.0,"enemies":"Slime Boss","floor":16.0,"turns":12.0},{"damage":7,"enemies":"Shell Parasite","floor":18,"turns":26},{"damage":32,"enemies":"Masked Bandits","floor":20,"turns":4},{"damage":15,"enemies":"2 Thieves","floor":22,"turns":5},{"damage":17,"enemies":"Gremlin Leader","floor":24,"turns":6},{"damage":30,"enemies":"Chosen and Byrds","floor":25,"turns":5}],"seed_played":"-6046182613848400080","potions_obtained":[{"floor":2.0,"key":"SpeedPotion"},{"floor":8.0,"key":"DistilledChaos"},{"floor":13.0,"key":"SkillPotion"},{"floor":14.0,"key":"BlessingOfTheForge"},{"floor":22,"key":"Explosive Potion"}],"is_trial":false,"path_per_floor":["M","M","?","?","?","E","R","M","T","E","M","M","E","M","R","B",null,"M","$","?","?","M","R","E","M"],"character_chosen":"DEFECT","items_purchased":["Membership Card","Meat on the Bone","Panache","Impatience"],"campfire_rested":1,"item_purchase_floors":[19,19,19,19],"current_hp_per_floor":[57,57,57,57,57,24,41,41,41,55,49,49,30,30,30,24,60,53,53,33,33,30,30,25,0,0],"gold":84,"neow_bonus":"TRANSFORM_TWO_CARDS","is_daily":false,"chose_seed":false,"campfire_upgraded":2,"win_rate":0.0,"timestamp":1611181274,"path_taken":["M","M","?","?","?","E","R","?","T","E","M","M","E","M","R","BOSS","M","$","?","?","M","R","E","M"],"items_purchased_type":["Relic","Relic","Card","Card"],"build_version":"2020-12-22","purchased_purges":0,"victory":false,"max_hp_per_floor":[64,64,58,58,58,58,58,58,58,72,72,72,72,72,72,72,72,72,72,72,72,72,72,72,72,72],"relic_stats":{"counters":[15,104],"Golden Idol":84,"Mummified Hand":[25],"Astrolabe":["Static Discharge","Thunder Strike","Reprogram"],"obtain_stats":[{"Matryoshka":13,"Golden Idol":3,"Mummified Hand":9,"Astrolabe":17,"Oddly Smooth Stone":24,"Mango":10,"Red Mask":20,"Membership Card":19,"Cracked Core":0,"Cables":6,"Meat on the Bone":19},{"Matryoshka":8,"Golden Idol":2,"Mummified Hand":4,"Astrolabe":10,"Oddly Smooth Stone":14,"Mango":5,"Red Mask":12,"Membership Card":11,"Cracked Core":0,"Cables":3,"Meat on the Bone":11},{"Matryoshka":43,"Golden Idol":6,"Mummified Hand":19,"Astrolabe":58,"Oddly Smooth Stone":99,"Mango":25,"Red Mask":88,"Membership Card":84,"Cracked Core":0,"Cables":16,"Meat on the Bone":84}],"Cables":[79,34,45,0,0],"Meat on the Bone":36},"card_choices":[{"not_picked":["Redo","Heatsinks","Gash"],"picked":"SKIP","floor":1.0},{"not_picked":["Turbo","Melter"],"picked":"Rebound","floor":2.0},{"not_picked":["Steam","Chaos"],"picked":"Seek","floor":6.0},{"not_picked":["Steam","Sweeping Beam"],"picked":"Cold Snap","floor":8.0},{"not_picked":["BootSequence","Sweeping Beam"],"picked":"Reinforced Body","floor":10.0},{"not_picked":["Gash","Stack"],"picked":"Glacier","floor":11.0},{"not_picked":["Double Energy","Aggregate"],"picked":"Storm","floor":12.0},{"not_picked":["Redo","Amplify"],"picked":"Hologram","floor":13.0},{"not_picked":["Double Energy","Reprogram","Stack"],"picked":"SKIP","floor":14.0},{"not_picked":["Amplify","Meteor Strike"],"picked":"Core Surge","floor":16.0},{"not_picked":["Streamline","Beam Cell","Go for the Eyes"],"picked":"SKIP","floor":18},{"not_picked":["Skim","Coolheaded","Hologram"],"picked":"SKIP","floor":22},{"not_picked":["Conserve Battery","Beam Cell"],"picked":"Buffer","floor":24}],"player_experience":1023567,"relics_obtained":[{"floor":6.0,"key":"Cables"},{"floor":9.0,"key":"Mummified Hand"},{"floor":10.0,"key":"Mango"},{"floor":13.0,"key":"Matryoshka"},{"floor":20,"key":"Red Mask"},{"floor":24,"key":"Oddly Smooth Stone"}],"event_choices":[{"damage_healed":0.0,"max_hp_gain":0.0,"max_hp_loss":6.0,"gold_gain":0.0,"event_name":"Golden Idol","player_choice":"Lose Max HP","floor":3.0,"gold_loss":0.0,"damage_taken":0.0,"relics_obtained":["Golden Idol"]},{"damage_healed":0.0,"max_hp_gain":0.0,"max_hp_loss":0.0,"gold_gain":0.0,"event_name":"Living Wall","player_choice":"Grow","floor":4.0,"gold_loss":0.0,"damage_taken":0.0,"cards_upgraded":["Streamline"]},{"damage_healed":0.0,"max_hp_gain":0.0,"max_hp_loss":0.0,"gold_gain":50.0,"event_name":"Golden Shrine","player_choice":"Pray","floor":5.0,"gold_loss":0.0,"damage_taken":0.0},{"damage_healed":0,"gold_gain":0,"player_choice":"Fought Bandits","damage_taken":0,"max_hp_gain":0,"max_hp_loss":0,"event_name":"Masked Bandits","floor":20,"gold_loss":0},{"damage_healed":0,"gold_gain":0,"player_choice":"Ignored","damage_taken":0,"max_hp_gain":0,"max_hp_loss":0,"event_name":"Vampires","floor":21,"gold_loss":0}],"is_beta":false,"boss_relics":[{"not_picked":["SlaversCollar","Black Star"],"picked":"Astrolabe"}],"items_purged_floors":[],"is_endless":false,"potions_floor_spawned":[2,8,13,14,22],"killed_by":"Chosen and Byrds","ascension_level":20}}