{"host":"eydwxg59205c3vtl","time":1611159111,"event":{"mods":["2.2 Compatiblity","BaseMod","Colored Map","Colored Powertips","Hubris","Minty Spire (QoL Compilation)","StSLib","The Jungle","The Necromancer"],"gold_per_floor":[110,187,202,202,202,202,223,249,249,273,297,297,78,94,94,220,283,283],"floor_reached":17,"language":"ENG","playtime":437,"items_purged":["Strike_W"],"score":147,"play_id":"2cff43ae-3471-49cd-91a1-bd41cff298b5","local_time":"20210120111151","is_ascension_mode":false,"campfire_choices":[{"data":"Negative_Energy_Javelin","floor":6.0,"key":"SMITH"},{"data":"Siphon_Strength","floor":15.0,"key":"SMITH"}],"circlet_count":0,"master_deck":["Strike_W","Strike_W","Strike_W","Defend_W","Defend_W","Defend_W","Defend_W","Negative_Energy_Arrows","Bone_Wall","Negative_Energy_Javelin+1","Stop_Heart+1","Negative_Energy_Mist","Negative_Energy_Sphere","Siphon_Strength+1","Summon_Vampire_Lady","Summon_Lich"],"relics":["Vampire_Amulet","Tiny Chest","Art of War","Golden Idol","Bag of Marbles","Centennial Puzzle","Boot","Tiny House"],"acts_visited":["Exordium","TheCity"],"potions_floor_usage":[],"damage_taken":[{"damage":2.0,"enemies":"Small Slimes","floor":1.0,"turns":4.0},{"damage":8.0,"enemies":"2 Louse","floor":3.0,"turns":2.0},{"damage":4.0,"enemies":"Jaw Worm","floor":7.0,"turns":4.0},{"damage":3.0,"enemies":"Red Slaver","floor":10.0,"turns":4.0},{"damage":14.0,"enemies":"Large Slime","floor":11.0,"turns":6.0},{"damage":5.0,"enemies":"Exordium Thugs","floor":14.0,"turns":5.0},{"damage":47,"enemies":"Slime Boss","floor":16,"turns":12}],"seed_played":"-5845476710262312469","potions_obtained":[{"floor":3.0,"key":"Explosive Potion"},{"floor":7.0,"key":"LiquidBronze"},{"floor":16,"key":"SpeedPotion"},{"floor":17,"key":"DistilledChaos"}],"is_trial":false,"path_per_floor":["M","?","M","?","?","R","M","T","T","M","M","?","$","M","R","B",null],"character_chosen":"NECROMANCER","items_purchased":["Boot"],"campfire_rested":0,"item_purchase_floors":[13],"current_hp_per_floor":[75,75,71,71,69,69,67,67,67,66,56,56,56,55,55,16,74,74],"gold":283,"neow_bonus":"RANDOM_COMMON_RELIC","is_daily":false,"chose_seed":false,"campfire_upgraded":2,"win_rate":0.0,"timestamp":1611159111,"path_taken":["M","?","M","?","?","R","M","?","T","?","M","?","?","M","R","BOSS"],"items_purchased_type":["Relic"],"build_version":"2020-12-22","purchased_purges":1,"victory":false,"max_hp_per_floor":[75,75,75,75,69,69,69,69,69,69,69,69,69,69,69,69,74,74],"card_choices":[{"not_picked":["Bones_to_Steel","Corrupt"],"picked":"Negative_Energy_Javelin","floor":1.0},{"not_picked":["Bones_to_Steel","Corrupt"],"picked":"Stop_Heart","floor":3.0},{"not_picked":["Death_March_Dance","Shackles_Of_Pain","Negative_Energy_Mist"],"picked":"SKIP","floor":7.0},{"not_picked":["Death_March_Dance","Shackles_Of_Pain"],"picked":"Negative_Energy_Mist","floor":7.0},{"not_picked":["Scare","Whirlwind_of_Bones","Vampiric_Strike"],"picked":"SKIP","floor":10.0},{"not_picked":["Scare","Strike_from_Beyond"],"picked":"Negative_Energy_Sphere","floor":11.0},{"not_picked":["Consume_Illness","Blood_for_Blood"],"picked":"Siphon_Strength","floor":14.0},{"not_picked":["Blood_Wake","Skeleton_Dragon"],"picked":"Summon_Vampire_Lady","floor":16},{"not_picked":["Flesh_Made_Foul","Corrupt"],"picked":"Summon_Lich","floor":17}],"player_experience":621088,"relics_obtained":[{"floor":8.0,"key":"Bag of Marbles"},{"floor":9.0,"key":"Centennial Puzzle"}],"event_choices":[{"damage_healed":0.0,"max_hp_gain":0.0,"max_hp_loss":0.0,"gold_gain":77.0,"event_name":"Golden Wing","player_choice":"Gained Gold","floor":2.0,"gold_loss":0.0,"damage_taken":0.0},{"damage_healed":0.0,"max_hp_gain":0.0,"max_hp_loss":0.0,"gold_gain":0.0,"event_name":"Big Fish","player_choice":"Box","floor":4.0,"gold_loss":0.0,"damage_taken":0.0,"relics_obtained":["Art of War"],"cards_obtained":["Regret"]},{"damage_healed":0.0,"max_hp_gain":0.0,"max_hp_loss":6.0,"gold_gain":0.0,"event_name":"Golden Idol","player_choice":"Lose Max HP","floor":5.0,"gold_loss":0.0,"damage_taken":0.0,"relics_obtained":["Golden Idol"]},{"cards_removed":["Regret"],"damage_healed":0.0,"max_hp_gain":0.0,"max_hp_loss":0.0,"gold_gain":0.0,"event_name":"Fountain of Cleansing","player_choice":"Removed Curses","floor":12.0,"gold_loss":0.0,"damage_taken":0.0}],"is_beta":false,"boss_relics":[{"not_picked":["Black Star","Snecko Eye"],"picked":"Tiny House"}],"items_purged_floors":[13],"is_endless":false,"potions_floor_spawned":[3,7,16],"ascension_level":0}}