{"host":"lh9qfzqeqctr28d2","time":1611119188,"event":{"mods":["BaseMod","Luminous","Minty Spire (QoL Compilation)","Quick Restart","Relic Stats","Remilia£®¿Ÿ√◊¿Ú—«£©","Replay The Spire","StSLib","Yakumo Yukari mod"],"gold_per_floor":[119,139,139,116,116,147,164,178,178,178,193,208,2,17,17,119,119,139,64,75,75,128,155,173,185,185,196,196],"floor_reached":27,"language":"ZHS","playtime":1632,"items_purged":["Looming Evil"],"score":409,"play_id":"b52b764d-84c0-4df7-8cfa-efbc0f116e92","local_time":"20210120130628","is_ascension_mode":true,"campfire_choices":[{"data":"CeilingFear","floor":10.0,"key":"SMITH"},{"floor":15.0,"key":"RECALL"}],"circlet_count":0,"master_deck":["AscendersBane","Strike_RM","Strike_RM","Strike_RM","Defend_RM","Defend_RM","Defend_RM","Defend_RM","RedMoon","ScarletShoot","EndlessAdversity","BloodHunter","Deep Breath","BloodHunter","CeilingFear+1","BombardNight","MillenniumVampire","Panache","Madness","ReplayTheSpireMod:Private Reserves","BatForm","RedRainbow+1","Shame","Pot Of Greed","Pot Of Greed","BombardNight+1","Pot Of Greed"],"relics":["ScarletHat","NeowsBlessing","ReplayTheSpireMod:Ring of Addiction","Ring of Hypnosis","Potion Belt","Toy Ornithopter","Unceasing Top","Singing Bowl","ReplayTheSpireMod:ShopPack","ScarletEmblem","AntiCross","Lantern","Grinning Jar","Replay:Bottled Snecko"],"acts_visited":["Exordium","TheCity"],"potions_floor_usage":[25],"damage_taken":[{"damage":0.0,"enemies":"Cultist","floor":1.0,"turns":1.0},{"damage":0.0,"enemies":"Jaw Worm","floor":2.0,"turns":1.0},{"damage":0.0,"enemies":"Lagavulin","floor":6.0,"turns":1.0},{"damage":1.0,"enemies":"2 Louse","floor":7.0,"turns":3.0},{"damage":13.0,"enemies":"Exordium Thugs","floor":8.0,"turns":8.0},{"damage":2.0,"enemies":"Blue Slaver","floor":11.0,"turns":5.0},{"damage":6.0,"enemies":"Large Slime","floor":12.0,"turns":4.0},{"damage":8.0,"enemies":"Exordium Thugs","floor":14.0,"turns":6.0},{"damage":45.0,"enemies":"Hexaghost","floor":16.0,"turns":16.0},{"damage":0.0,"enemies":"Chosen","floor":18.0,"turns":8.0},{"damage":3.0,"enemies":"3 Byrds","floor":20.0,"turns":3.0},{"damage":45.0,"enemies":"Slavers","floor":23.0,"turns":3.0},{"damage":0,"enemies":"3 Cultists","floor":24,"turns":3},{"damage":3,"enemies":"Shelled Parasite and Fungi","floor":25,"turns":4},{"damage":11,"enemies":"Snake Plant","floor":27,"turns":4}],"seed_played":"-227904108505441381","potions_obtained":[{"floor":5.0,"key":"ColorlessPotion"},{"floor":5.0,"key":"Reflective Coating"},{"floor":5.0,"key":"Languid Potion"},{"floor":6.0,"key":"Languid Potion"},{"floor":16.0,"key":"SpeedPotion"},{"floor":20.0,"key":"ColorlessPotion"},{"floor":23.0,"key":"Venom Potion"},{"floor":25,"key":"AttackPotion"}],"is_trial":false,"path_per_floor":["M","M","?","$","?","E","M","M","T","R","M","M","$","M","R","B",null,"M","?","M","?","T","E","M","M","T","M"],"character_chosen":"REMILIA","items_purchased":["BloodHunter","ReplayTheSpireMod:ShopPack"],"campfire_rested":0,"item_purchase_floors":[4,13],"current_hp_per_floor":[68,68,68,68,68,68,67,64,64,64,63,59,59,56,56,31,64,66,66,65,65,65,26,31,40,40,31,31],"gold":196,"neow_bonus":"THREE_ENEMY_KILL","is_daily":false,"chose_seed":false,"campfire_upgraded":1,"win_rate":0.0,"timestamp":1611119188,"path_taken":["M","?","?","?","?","E","M","M","T","R","?","M","$","M","R","BOSS","M","?","M","?","?","E","?","?","T","M"],"items_purchased_type":["Card","Relic"],"build_version":"2020-12-22","purchased_purges":1,"victory":false,"max_hp_per_floor":[75,75,75,75,75,75,75,75,75,75,75,75,75,77,75,75,75,75,75,75,75,75,75,77,79,79,79,79],"relic_stats":{"Singing Bowl":12,"counters":[15,70],"obtain_stats":[{"Potion Belt":5,"Lantern":22,"NeowsBlessing":0,"Ring of Hypnosis":5,"Singing Bowl":9,"ReplayTheSpireMod:Ring of Addiction":5,"ScarletEmblem":17,"ScarletHat":0,"AntiCross":21,"Replay:Bottled Snecko":26,"Grinning Jar":23,"Toy Ornithopter":5,"Unceasing Top":6,"ReplayTheSpireMod:ShopPack":13},{"Potion Belt":2,"Lantern":11,"NeowsBlessing":0,"Ring of Hypnosis":2,"Singing Bowl":5,"ReplayTheSpireMod:Ring of Addiction":2,"ScarletEmblem":9,"ScarletHat":0,"AntiCross":11,"Replay:Bottled Snecko":14,"Grinning Jar":12,"Toy Ornithopter":2,"Unceasing Top":3,"ReplayTheSpireMod:ShopPack":7},{"Potion Belt":2,"Lantern":56,"NeowsBlessing":0,"Ring of Hypnosis":2,"Singing Bowl":14,"ReplayTheSpireMod:Ring of Addiction":2,"ScarletEmblem":45,"ScarletHat":0,"AntiCross":56,"Replay:Bottled Snecko":66,"Grinning Jar":59,"Toy Ornithopter":2,"Unceasing Top":3,"ReplayTheSpireMod:ShopPack":23}],"Toy Ornithopter":20,"Unceasing Top":[18]},"card_choices":[{"not_picked":["Stigmanizer","NightLord"],"picked":"EndlessAdversity","floor":1.0},{"not_picked":["ScarletDevil","SuperhumanBloodyKnife"],"picked":"BloodHunter","floor":2.0},{"not_picked":["UnderTheZenith","CharismaGuard"],"picked":"CeilingFear","floor":6.0},{"not_picked":["EndlessAdversity","BloodHunter"],"picked":"BombardNight","floor":7.0},{"not_picked":["BloodHunter","CharismaGuard","CurseOfVladTepes"],"picked":"SKIP","floor":8.0},{"not_picked":["RedNightlessCastle","EmergencyRegeneration"],"picked":"MillenniumVampire","floor":11.0},{"not_picked":["UnstableMagic","VampireSweep","TwelveNightmare"],"picked":"Singing Bowl","floor":12.0},{"not_picked":["Crow Ritual","Thinking Ahead"],"picked":"Panache","floor":13.0},{"not_picked":["Magnetism","Mayhem"],"picked":"Madness","floor":13.0},{"not_picked":["Mayhem","Purity"],"picked":"ReplayTheSpireMod:Private Reserves","floor":13.0},{"not_picked":["Stigmanizer","StarOfDavid","EternalNight"],"picked":"Singing Bowl","floor":14.0},{"not_picked":["ForecastOfChange","KillingBlow"],"picked":"BatForm","floor":16.0},{"not_picked":["SuperhumanBloodyKnife+1","MastersStateliness"],"picked":"RedRainbow+1","floor":18.0},{"not_picked":["DiffusionOfMisfortune","ChainGang","BlasphemousPunishment"],"picked":"Singing Bowl","floor":20.0},{"not_picked":["BlasphemousPunishment+1","BombardNight","ScarletDevil"],"picked":"Singing Bowl","floor":23.0},{"not_picked":["MiserableFate","BloodHunter","CharismaGuard+1"],"picked":"Singing Bowl","floor":24},{"not_picked":["LeisurelyOfLord","StarOfDavid+1","BloodyHallows"],"picked":"Singing Bowl","floor":25},{"not_picked":["ScarletDevil","GlobalNightmare+1"],"picked":"BombardNight+1","floor":27}],"player_experience":439553,"relics_obtained":[{"floor":5.0,"key":"ReplayTheSpireMod:Ring of Addiction"},{"floor":5.0,"key":"Ring of Hypnosis"},{"floor":5.0,"key":"Potion Belt"},{"floor":5.0,"key":"Toy Ornithopter"},{"floor":6.0,"key":"Unceasing Top"},{"floor":9.0,"key":"Singing Bowl"},{"floor":22.0,"key":"Lantern"},{"floor":23.0,"key":"Grinning Jar"},{"floor":26,"key":"Replay:Bottled Snecko"}],"event_choices":[{"damage_healed":0.0,"max_hp_gain":0.0,"max_hp_loss":0.0,"gold_gain":0.0,"event_name":"Match and Keep!","player_choice":"1 cards matched","floor":3.0,"gold_loss":0.0,"damage_taken":0.0,"cards_obtained":["Deep Breath"]},{"cards_removed":["Strike_RM"],"damage_healed":0.0,"max_hp_gain":0.0,"max_hp_loss":0.0,"gold_gain":0.0,"event_name":"Beggar","player_choice":"Gave Gold","floor":19.0,"gold_loss":75.0,"damage_taken":0.0},{"damage_healed":0.0,"max_hp_gain":0.0,"max_hp_loss":0.0,"gold_gain":0.0,"event_name":"Addict","player_choice":"Stole Relic","floor":21.0,"gold_loss":0.0,"damage_taken":0.0,"relics_obtained":["AntiCross"],"cards_obtained":["Shame"]}],"is_beta":false,"boss_relics":[{"not_picked":["Replay:Drink Me","Empty Cage"],"picked":"ScarletEmblem"}],"items_purged_floors":[13],"is_endless":false,"potions_floor_spawned":[6,16,20,23,25,27],"killed_by":"Snake Plant","ascension_level":11}}