{"host":"vm3f1ccwgbs4oygt","time":1611102805,"event":{"mods":["BaseMod","BetterRewards","Colored Powertips","Minty Spire (QoL Compilation)","Permanent Neow","Shop Mod","StSLib"],"gold_per_floor":[113,131,141,141,155,155,183,183,229,229,196,196,259,288,288,390,390,401,326,342,342,342,342,369,6,6,35,35,55,68,84,84,84,84],"floor_reached":33,"language":"ENG","playtime":34260,"items_purged":["Strike_R"],"score":347,"play_id":"04da626d-8f50-4503-aaed-63c90e21964d","local_time":"20210120013325","is_ascension_mode":true,"campfire_choices":[{"data":"Armaments","floor":8,"key":"SMITH"},{"data":"Bash","floor":10,"key":"SMITH"},{"data":"Ghostly Armor","floor":12,"key":"SMITH"},{"data":"Whirlwind","floor":15,"key":"SMITH"},{"data":"Demon Form","floor":23,"key":"SMITH"},{"data":"Flex","floor":28,"key":"SMITH"},{"floor":32,"key":"REST"}],"circlet_count":0,"master_deck":["Strike_R+1","Strike_R","Strike_R+1","Defend_R","Defend_R","Defend_R","Bash+1","Ghostly Armor+1","Carnage","Rampage","Armaments+1","Whirlwind+1","Demon Form+1","Pommel Strike+1","Corruption","Flex+1","True Grit+1","Shrug It Off+1"],"relics":["Burning Blood","InkBottle","Red Skull","Strawberry","Whetstone","Velvet Choker","MutagenicStrength","Art of War","Self Forming Clay","Singing Bowl","Toxic Egg 2"],"acts_visited":["Exordium","TheCity"],"potions_floor_usage":[7,7,16,24,27,31,33,33],"damage_taken":[{"damage":7,"enemies":"2 Louse","floor":1,"turns":2},{"damage":4,"enemies":"Jaw Worm","floor":2,"turns":4},{"damage":10,"enemies":"Small Slimes","floor":3,"turns":4},{"damage":4,"enemies":"2 Fungi Beasts","floor":5,"turns":4},{"damage":11,"enemies":"Gremlin Nob","floor":7,"turns":4},{"damage":26,"enemies":"Lagavulin","floor":14,"turns":7},{"damage":35,"enemies":"Slime Boss","floor":16,"turns":5},{"damage":19,"enemies":"Spheric Guardian","floor":18,"turns":5},{"damage":29,"enemies":"2 Thieves","floor":20,"turns":3},{"damage":29,"enemies":"Book of Stabbing","floor":24,"turns":5},{"damage":16,"enemies":"Slavers","floor":27,"turns":5},{"damage":20,"enemies":"Snake Plant","floor":29,"turns":3},{"damage":14,"enemies":"Shelled Parasite and Fungi","floor":30,"turns":5},{"damage":16,"enemies":"Centurion and Healer","floor":31,"turns":5},{"damage":44,"enemies":"Champ","floor":33,"turns":7}],"seed_played":"-6572511490183112631","potions_obtained":[{"floor":0,"key":"LiquidMemories"},{"floor":0,"key":"Strength Potion"},{"floor":0,"key":"GamblersBrew"},{"floor":14,"key":"FearPotion"},{"floor":20,"key":"BloodPotion"},{"floor":27,"key":"EssenceOfSteel"},{"floor":29,"key":"SkillPotion"},{"floor":30,"key":"HeartOfIron"}],"is_trial":false,"path_per_floor":["M","M","M","?","M","?","E","R","T","R","?","R","?","E","R","B",null,"M","?","M","?","?","R","E","$","T","E","R","M","M","M","R","B"],"character_chosen":"IRONCLAD","items_purchased":["Self Forming Clay","Flex"],"campfire_rested":1,"item_purchase_floors":[25,25],"current_hp_per_floor":[79,80,76,58,60,65,60,60,67,67,67,67,67,47,47,18,92,79,79,56,56,56,56,33,33,33,41,41,27,21,13,41,0,0],"gold":84,"neow_bonus":"THREE_SMALL_POTIONS","is_daily":false,"chose_seed":false,"campfire_upgraded":6,"win_rate":0.0,"timestamp":1611102805,"path_taken":["M","M","M","?","M","?","E","R","T","R","?","R","?","E","R","BOSS","M","?","M","?","?","R","E","$","T","E","R","M","?","?","R","BOSS"],"items_purchased_type":["Relic","Card"],"build_version":"2020-12-22","purchased_purges":1,"victory":false,"max_hp_per_floor":[80,80,80,80,80,85,85,85,92,92,92,92,92,92,92,92,92,92,92,92,92,92,92,92,92,92,92,92,92,94,96,96,96,96],"card_choices":[{"not_picked":["Havoc","Warcry"],"picked":"Ghostly Armor","floor":1},{"not_picked":["Thunderclap","Iron Wave"],"picked":"Carnage","floor":2},{"not_picked":["Burning Pact","Hemokinesis"],"picked":"Rampage","floor":3},{"not_picked":["Carnage","Twin Strike","Iron Wave"],"picked":"SKIP","floor":5},{"not_picked":["Immolate","Metallicize"],"picked":"Armaments","floor":7},{"not_picked":["Immolate","Iron Wave"],"picked":"Whirlwind","floor":14},{"not_picked":["Fiend Fire","Feed"],"picked":"Demon Form","floor":16},{"not_picked":["Body Slam","Rage"],"picked":"Pommel Strike+1","floor":18},{"not_picked":["Entrench","Warcry+1","Twin Strike"],"picked":"SKIP","floor":20},{"not_picked":["Thunderclap","Body Slam","Armaments"],"picked":"SKIP","floor":24},{"not_picked":["Reaper","Ghostly Armor+1"],"picked":"True Grit+1","floor":27},{"not_picked":["Combust+1","Twin Strike+1"],"picked":"Shrug It Off+1","floor":29},{"not_picked":["Rage+1","Sentinel+1","Thunderclap"],"picked":"Singing Bowl","floor":30},{"not_picked":["Iron Wave","True Grit+1","Demon Form"],"picked":"Singing Bowl","floor":31}],"player_experience":599738,"relics_obtained":[{"floor":7,"key":"Red Skull"},{"floor":9,"key":"Strawberry"},{"floor":14,"key":"Whetstone"},{"floor":24,"key":"Art of War"},{"floor":26,"key":"Singing Bowl"},{"floor":27,"key":"Toxic Egg 2"}],"event_choices":[{"damage_healed":0,"gold_gain":0,"player_choice":"Success","damage_taken":18,"relics_obtained":["InkBottle"],"max_hp_gain":0,"max_hp_loss":0,"event_name":"Scrap Ooze","floor":4,"gold_loss":0},{"damage_healed":0,"gold_gain":0,"player_choice":"Donut","damage_taken":0,"max_hp_gain":5,"max_hp_loss":0,"event_name":"Big Fish","floor":6,"gold_loss":0},{"damage_healed":0,"gold_gain":0,"player_choice":"Left Gold","damage_taken":0,"max_hp_gain":0,"max_hp_loss":0,"event_name":"World of Goop","floor":11,"gold_loss":33},{"damage_healed":0,"gold_gain":63,"player_choice":"Gained Gold","damage_taken":0,"max_hp_gain":0,"max_hp_loss":0,"event_name":"Golden Wing","floor":13,"gold_loss":0},{"cards_removed":["Strike_R"],"damage_healed":0,"gold_gain":0,"player_choice":"Gave Gold","damage_taken":0,"max_hp_gain":0,"max_hp_loss":0,"event_name":"Beggar","floor":19,"gold_loss":75},{"damage_healed":0,"gold_gain":0,"player_choice":"Inject Mutagens","damage_taken":0,"relics_obtained":["MutagenicStrength"],"max_hp_gain":0,"max_hp_loss":0,"event_name":"Drug Dealer","floor":21,"gold_loss":0},{"damage_healed":0,"gold_gain":0,"cards_transformed":["Defend_R"],"player_choice":"Transformed","damage_taken":0,"max_hp_gain":0,"max_hp_loss":0,"event_name":"Transmorgrifier","floor":22,"gold_loss":0,"cards_obtained":["Corruption"]}],"is_beta":false,"boss_relics":[{"not_picked":["Ectoplasm","Runic Pyramid"],"picked":"Velvet Choker"}],"items_purged_floors":[25],"is_endless":false,"potions_floor_spawned":[3,14,20,27,29,30],"killed_by":"Champ","ascension_level":2}}