{"host":"omsykib0woddca32","time":1611123066,"event":{"mods":["BaseMod","Colored Powertips","Lobotomy","Minty Spire (QoL Compilation)","Random Character Button","Shop Mod","StSLib"],"gold_per_floor":[115,131,142,160,172,172,192,207,207,157,169,19,44,60,60,60,60],"floor_reached":16,"language":"ZHS","playtime":642,"items_purged":["Strike_B"],"score":113,"play_id":"4a510adb-7167-4a69-8f14-643844b7c291","local_time":"20210120141106","is_ascension_mode":true,"campfire_choices":[{"data":"Skim","floor":6.0,"key":"SMITH"},{"data":"Genetic Algorithm","floor":15.0,"key":"SMITH"}],"circlet_count":0,"master_deck":["Strike_B","Strike_B","Defend_B","Defend_B","Defend_B","Defend_B","Zap","Dualcast","Gash","Gash","Chaos","Skim+1","Turbo","Streamline","Meteor Strike","Genetic Algorithm+1","Steam Power"],"relics":["Cracked Core","Eternal Feather"],"acts_visited":["Exordium"],"potions_floor_usage":[16,16,16],"damage_taken":[{"damage":0.0,"enemies":"Small Slimes","floor":1.0,"turns":2.0},{"damage":0.0,"enemies":"2 Louse","floor":2.0,"turns":1.0},{"damage":6.0,"enemies":"Jaw Worm","floor":3.0,"turns":2.0},{"damage":12.0,"enemies":"3 Louse","floor":4.0,"turns":3.0},{"damage":8.0,"enemies":"2 Fungi Beasts","floor":5.0,"turns":3.0},{"damage":4.0,"enemies":"Blue Slaver","floor":7.0,"turns":4.0},{"damage":8.0,"enemies":"Red Slaver","floor":8.0,"turns":3.0},{"damage":0.0,"enemies":"Large Slime","floor":11.0,"turns":4.0},{"damage":17.0,"enemies":"3 Sentries","floor":13.0,"turns":6.0},{"damage":9.0,"enemies":"Looter","floor":14.0,"turns":3.0},{"damage":38,"enemies":"Slime Boss","floor":16,"turns":5}],"seed_played":"3820773708031788210","potions_obtained":[{"floor":2.0,"key":"DuplicationPotion"},{"floor":5.0,"key":"Fruit Juice"},{"floor":7.0,"key":"CultistPotion"},{"floor":8.0,"key":"ColorlessPotion"},{"floor":13.0,"key":"Block Potion"}],"is_trial":false,"path_per_floor":["M","M","M","M","M","R","M","M","T","?","M","$","E","M","R","B"],"character_chosen":"DEFECT","items_purchased":["Meteor Strike"],"campfire_rested":0,"item_purchase_floors":[12],"current_hp_per_floor":[75,75,69,57,49,49,50,42,42,42,42,42,25,16,25,0,0],"gold":60,"neow_bonus":"","is_daily":false,"chose_seed":false,"campfire_upgraded":2,"win_rate":0.0,"timestamp":1611123066,"path_taken":["M","M","M","M","M","R","M","M","T","?","M","$","E","M","R","BOSS"],"items_purchased_type":["Card"],"build_version":"2020-12-22","purchased_purges":1,"victory":false,"max_hp_per_floor":[75,75,75,75,75,75,80,80,80,80,80,80,80,80,80,80,80],"card_choices":[{"not_picked":["Cold Snap","Ball Lightning"],"picked":"Gash","floor":1.0},{"not_picked":["Rebound","FTL"],"picked":"Gash","floor":2.0},{"not_picked":["Go for the Eyes","Fusion"],"picked":"Chaos","floor":3.0},{"not_picked":["Beam Cell","Stack","Doom and Gloom"],"picked":"SKIP","floor":4.0},{"not_picked":["Barrage","Go for the Eyes"],"picked":"Skim","floor":5.0},{"not_picked":["Skim","Electrodynamics"],"picked":"Turbo","floor":7.0},{"not_picked":["Coolheaded","Rebound"],"picked":"Streamline","floor":8.0},{"not_picked":["Redo","Aggregate","Darkness"],"picked":"SKIP","floor":11.0},{"not_picked":["Storm","Steam Power"],"picked":"Genetic Algorithm","floor":13.0},{"not_picked":["Fusion","Consume"],"picked":"Steam Power","floor":14.0}],"player_experience":97443,"relics_obtained":[{"floor":13.0,"key":"Eternal Feather"}],"event_choices":[{"cards_removed":["Strike_B"],"damage_healed":0.0,"max_hp_gain":0.0,"max_hp_loss":0.0,"gold_gain":0.0,"event_name":"The Cleric","player_choice":"Card Removal","floor":10.0,"gold_loss":50.0,"damage_taken":0.0}],"is_beta":false,"boss_relics":[],"items_purged_floors":[12],"is_endless":false,"potions_floor_spawned":[2,5,7,8,13],"killed_by":"Slime Boss","ascension_level":1}}