{"host":"coel31jtabpraq8l","time":1611167045,"event":{"mods":["BaseMod","Highlight Path","Minty Spire (QoL Compilation)","SuperFastMode"],"gold_per_floor":[118,43,118,175,175,175,186,186,236,255,268,280,280,298,298,399,399,379,379,399,299,224,251,251,201,201,211,224,241,241,93,93,191,191,210,224,224,237,94,108,123,123,123,158,158,173,185,185,185],"floor_reached":48,"language":"ENG","playtime":1442,"items_purged":["Defend_B","Defend_B"],"score":576,"play_id":"6dad1e68-df49-4d7e-bcd0-787420c2e082","local_time":"20210120132405","is_ascension_mode":true,"campfire_choices":[{"floor":6.0,"key":"REST"},{"floor":8.0,"key":"REST"},{"data":"Streamline","floor":13.0,"key":"SMITH"},{"floor":15.0,"key":"REST"},{"floor":24.0,"key":"REST"},{"floor":30.0,"key":"REST"},{"floor":32.0,"key":"REST"},{"floor":42,"key":"REST"},{"floor":45,"key":"REST"}],"circlet_count":0,"master_deck":["Strike_B","Strike_B","Defend_B+1","Zap","Dualcast","Defragment","Streamline+1","Conserve Battery","Leap","FTL","Rainbow+1","CurseOfTheBell","Static Discharge","FTL","Capacitor","Leap","Capacitor","Conserve Battery+1","Defragment+1","Cold Snap+1","Loop+1","Parasite"],"relics":["Cracked Core","Akabeko","Calling Bell","Nunchaku","Symbiotic Virus","Mango","Lantern","Thread and Needle","Nuclear Battery","Orrery","Bottled Tornado","War Paint"],"acts_visited":["Exordium","TheCity","TheBeyond"],"potions_floor_usage":[47,47,48],"damage_taken":[{"damage":15.0,"enemies":"Small Slimes","floor":1.0,"turns":3.0},{"damage":10.0,"enemies":"2 Louse","floor":7.0,"turns":3.0},{"damage":0.0,"enemies":"Cultist","floor":10.0,"turns":3.0},{"damage":1.0,"enemies":"Blue Slaver","floor":11.0,"turns":2.0},{"damage":12.0,"enemies":"2 Fungi Beasts","floor":12.0,"turns":3.0},{"damage":13.0,"enemies":"Gremlin Gang","floor":14.0,"turns":3.0},{"damage":60.0,"enemies":"Slime Boss","floor":16.0,"turns":9.0},{"damage":14.0,"enemies":"2 Thieves","floor":18.0,"turns":4.0},{"damage":5.0,"enemies":"Chosen","floor":20.0,"turns":3.0},{"damage":34.0,"enemies":"Slavers","floor":23.0,"turns":4.0},{"damage":12.0,"enemies":"Centurion and Healer","floor":27.0,"turns":4.0},{"damage":9.0,"enemies":"Cultist and Chosen","floor":28.0,"turns":5.0},{"damage":15.0,"enemies":"Sentry and Sphere","floor":29.0,"turns":5.0},{"damage":81.0,"enemies":"Collector","floor":33.0,"turns":12.0},{"damage":23.0,"enemies":"Orb Walker","floor":35.0,"turns":4.0},{"damage":46.0,"enemies":"3 Shapes","floor":36.0,"turns":7.0},{"damage":39.0,"enemies":"Maw","floor":38.0,"turns":8.0},{"damage":16.0,"enemies":"Jaw Worm Horde","floor":40.0,"turns":6.0},{"damage":36,"enemies":"Writhing Mass","floor":41,"turns":7},{"damage":27,"enemies":"Giant Head","floor":44,"turns":9},{"damage":0,"enemies":"4 Shapes","floor":46,"turns":4},{"damage":27,"enemies":"Spire Growth","floor":47,"turns":5},{"damage":7,"enemies":"Sphere and 2 Shapes","floor":48,"turns":3}],"seed_played":"4494616064580732405","potions_obtained":[{"floor":5.0,"key":"FearPotion"},{"floor":5.0,"key":"DistilledChaos"},{"floor":5.0,"key":"SneckoOil"},{"floor":7.0,"key":"PowerPotion"},{"floor":11.0,"key":"DuplicationPotion"},{"floor":16.0,"key":"DistilledChaos"},{"floor":20.0,"key":"FocusPotion"},{"floor":23.0,"key":"Regen Potion"},{"floor":27.0,"key":"Ancient Potion"},{"floor":36.0,"key":"BlessingOfTheForge"},{"floor":38.0,"key":"EssenceOfSteel"},{"floor":44,"key":"SpeedPotion"},{"floor":46,"key":"Dexterity Potion"},{"floor":47,"key":"Swift Potion"}],"is_trial":false,"path_per_floor":["M","$","?","?","?","R","M","R","T","M","M","M","R","M","R","B",null,"M","?","M","$","?","E","R","?","T","M","M","M","R","$","R","B",null,"M","M","?","M","$","M","M","R","T","E","R","M","M","M"],"character_chosen":"DEFECT","items_purchased":["FairyPotion","SkillPotion","Orrery"],"campfire_rested":8,"item_purchase_floors":[31,31,39],"current_hp_per_floor":[53,53,42,42,42,62,52,68,68,68,67,55,55,42,62,2,82,68,68,63,63,63,29,53,53,53,41,46,31,55,55,79,24,82,59,13,92,53,53,37,1,28,28,1,28,28,1,0,0],"gold":185,"neow_bonus":"TRANSFORM_TWO_CARDS","is_daily":false,"chose_seed":false,"campfire_upgraded":1,"win_rate":0.0,"timestamp":1611167045,"path_taken":["M","$","?","?","?","R","M","R","T","?","M","M","R","M","R","BOSS","M","?","M","$","?","E","R","?","T","M","M","M","R","$","R","BOSS","M","?","?","M","?","M","M","R","T","E","R","?","M","M"],"items_purchased_type":["Potion","Potion","Relic"],"build_version":"2020-12-22","purchased_purges":2,"victory":false,"max_hp_per_floor":[68,68,68,68,68,68,68,68,68,68,68,68,68,68,68,68,82,82,82,82,82,82,82,82,82,82,82,82,82,82,82,82,82,82,82,82,92,92,92,92,92,92,92,92,92,92,92,92,92],"card_choices":[{"not_picked":["Hologram","Barrage","Streamline"],"picked":"SKIP","floor":1.0},{"not_picked":["Chill","Beam Cell"],"picked":"Conserve Battery","floor":7.0},{"not_picked":["Doom and Gloom","Turbo","Consume"],"picked":"SKIP","floor":10.0},{"not_picked":["Beam Cell","Fusion"],"picked":"Leap","floor":11.0},{"not_picked":["Sweeping Beam","Streamline"],"picked":"FTL","floor":12.0},{"not_picked":["Reprogram","Blizzard","Aggregate"],"picked":"SKIP","floor":14.0},{"not_picked":["Creative AI","Fission"],"picked":"Rainbow","floor":16.0},{"not_picked":["Chill","Steam"],"picked":"Static Discharge","floor":18.0},{"not_picked":["Sweeping Beam","Turbo"],"picked":"FTL","floor":20.0},{"not_picked":["Go for the Eyes","Reprogram"],"picked":"Capacitor","floor":23.0},{"not_picked":["Reinforced Body+1","Fusion","BootSequence"],"picked":"SKIP","floor":27.0},{"not_picked":["Undo","Beam Cell"],"picked":"Leap","floor":28.0},{"not_picked":["Sweeping Beam","Stack"],"picked":"Capacitor","floor":29.0},{"not_picked":["Machine Learning","Rainbow"],"picked":"Thunder Strike","floor":33.0},{"not_picked":["Conserve Battery","Stack+1","Coolheaded+1"],"picked":"SKIP","floor":35.0},{"not_picked":["Steam Power+1","Blizzard+1"],"picked":"Conserve Battery+1","floor":36.0},{"not_picked":["Cold Snap","Sunder","Hyperbeam"],"picked":"SKIP","floor":38.0},{"not_picked":["Echo Form","Compile Driver"],"picked":"Defragment+1","floor":39.0},{"not_picked":["Steam","BootSequence"],"picked":"Cold Snap+1","floor":39.0},{"not_picked":["Cold Snap+1","Capacitor"],"picked":"Loop+1","floor":40.0},{"not_picked":["Seek","Streamline","Beam Cell"],"picked":"SKIP","floor":41},{"not_picked":["Steam+1","Conserve Battery","Coolheaded+1"],"picked":"SKIP","floor":44},{"not_picked":["Cold Snap","Conserve Battery+1","Hologram+1"],"picked":"SKIP","floor":46},{"not_picked":["Hologram","Rebound","Ball Lightning"],"picked":"SKIP","floor":47}],"player_experience":628725,"relics_obtained":[{"floor":9.0,"key":"Akabeko"},{"floor":17.0,"key":"Nunchaku"},{"floor":17.0,"key":"Symbiotic Virus"},{"floor":17.0,"key":"Mango"},{"floor":23.0,"key":"Lantern"},{"floor":26.0,"key":"Thread and Needle"},{"floor":43,"key":"Bottled Tornado"},{"floor":44,"key":"War Paint"}],"event_choices":[{"damage_healed":0.0,"max_hp_gain":0.0,"max_hp_loss":0.0,"gold_gain":75.0,"event_name":"World of Goop","player_choice":"Gather Gold","floor":3.0,"gold_loss":0.0,"damage_taken":11.0},{"damage_healed":0.0,"max_hp_gain":0.0,"max_hp_loss":0.0,"gold_gain":57.0,"event_name":"Golden Wing","player_choice":"Gained Gold","floor":4.0,"gold_loss":0.0,"damage_taken":0.0},{"damage_healed":0.0,"max_hp_gain":0.0,"max_hp_loss":0.0,"gold_gain":0.0,"event_name":"Lab","player_choice":"Got Potions","floor":5.0,"gold_loss":0.0,"damage_taken":0.0},{"damage_healed":0.0,"max_hp_gain":0.0,"max_hp_loss":0.0,"gold_gain":0.0,"event_name":"Ghosts","player_choice":"Ignored","floor":19.0,"gold_loss":0.0,"damage_taken":0.0},{"cards_removed":["Defend_B"],"damage_healed":0.0,"max_hp_gain":0.0,"max_hp_loss":0.0,"gold_gain":0.0,"event_name":"Beggar","player_choice":"Gave Gold","floor":22.0,"gold_loss":75.0,"damage_taken":0.0},{"damage_healed":0.0,"max_hp_gain":0.0,"max_hp_loss":0.0,"gold_gain":0.0,"event_name":"The Joust","player_choice":"Bet on Murderer","floor":25.0,"gold_loss":50.0,"damage_taken":0.0},{"cards_removed":["Thunder Strike"],"damage_healed":69.0,"max_hp_gain":10.0,"max_hp_loss":0.0,"gold_gain":0.0,"event_name":"Bonfire Elementals","player_choice":"Offered Rare","floor":37.0,"gold_loss":0.0,"damage_taken":0.0}],"is_beta":false,"boss_relics":[{"not_picked":["Black Star","Velvet Choker"],"picked":"Calling Bell"},{"not_picked":["Runic Pyramid","FrozenCore"],"picked":"Nuclear Battery"}],"items_purged_floors":[2,21],"is_endless":false,"potions_floor_spawned":[7,11,14,16,20,23,27,36,38,44,46,47],"killed_by":"Sphere and 2 Shapes","ascension_level":2}}