{"host":"ndpbn7fqb3wjbd7p","time":1611120303,"event":{"mods":["AchievementEnabler","Act Like it!","AlwaysNeverKeys","BaseMod","Better Vampires","Block Reminder","Colored Powertips","DeckTracker","Defuse TimeMaze Blight","Friendly Minions","Hallownest","Hermit","Highlight Path","MarisaÅiñ∂âJÅ@ñÇóùçπÅj","Minty Spire (QoL Compilation)","Permanent Neow","Shade Mod","StSLib","SuperFastMode","Synergy Search","The Mystic","Unceasing Turn Reminder","Wandering Minibosses","egg"],"gold_per_floor":[115,115,40,40,57,57,91,91,142,160,177,177,187,187,187,264,264,284,12,12,30,48,48,73,93,93,93,104,104,124,144,144,222,222,241,260,135,135,135],"floor_reached":38,"language":"ENG","playtime":2348,"items_purged":["Strike_G","Strike_G","Strike_G"],"score":825,"play_id":"5abe6bd5-14bb-4505-8ed5-f73cc1be9667","local_time":"20210120062503","is_ascension_mode":true,"campfire_choices":[{"data":"Bouncing Flask","floor":6,"key":"SMITH"},{"data":"Neutralize","floor":8,"key":"SMITH"},{"floor":12,"key":"REST"},{"data":"Neutralize","floor":15,"key":"SMITH"},{"data":"Concentrate","floor":23,"key":"SMITH"},{"data":"Tactician","floor":27,"key":"SMITH"},{"floor":29,"key":"REST"},{"floor":32,"key":"REST"}],"circlet_count":0,"master_deck":["AscendersBane","Strike_G","Defend_G","Defend_G","Defend_G","Defend_G","Defend_G","Survivor","Neutralize+1","Bouncing Flask+1","Neutralize+1","Catalyst","Reflex","Burst","Concentrate+1","Adrenaline","Tactician+1","Acrobatics+1","Bouncing Flask","Malaise","Reflex","Footwork","After Image"],"relics":["Ring of the Serpent","TungstenRod","Paper Crane","Anchor","Bag of Marbles","PreservedInsect","HornCleat","Coffee Dripper"],"acts_visited":["Exordium","TheCity","TheBeyond"],"potions_floor_usage":[7,16,24,25,38,38],"damage_taken":[{"damage":2,"enemies":"2 Louse","floor":1,"turns":3},{"damage":3,"enemies":"Jaw Worm","floor":5,"turns":4},{"damage":39,"enemies":"3 Sentries","floor":7,"turns":10},{"damage":0,"enemies":"Cultist","floor":10,"turns":3},{"damage":0,"enemies":"Blue Slaver","floor":11,"turns":2},{"damage":5,"enemies":"3 Louse","floor":13,"turns":4},{"damage":3,"enemies":"Hexaghost","floor":16,"turns":9},{"damage":2,"enemies":"Spheric Guardian","floor":18,"turns":3},{"damage":0,"enemies":"3 Byrds","floor":21,"turns":7},{"damage":0,"enemies":"Snecko","floor":22,"turns":3},{"damage":0,"enemies":"Book of Stabbing","floor":24,"turns":3},{"damage":29,"enemies":"Cultist and Chosen","floor":25,"turns":7},{"damage":10,"enemies":"Centurion and Healer","floor":28,"turns":6},{"damage":7,"enemies":"Snake Plant","floor":30,"turns":5},{"damage":5,"enemies":"Shelled Parasite and Fungi","floor":31,"turns":5},{"damage":10,"enemies":"Collector","floor":33,"turns":8},{"damage":3,"enemies":"Orb Walker","floor":35,"turns":5},{"damage":5,"enemies":"3 Darklings","floor":36,"turns":5},{"damage":44,"enemies":"Orin","floor":38,"turns":6}],"seed_played":"-3931321778242441117","potions_obtained":[{"floor":1,"key":"Swift Potion"},{"floor":11,"key":"SneckoOil"},{"floor":22,"key":"Poison Potion"},{"floor":24,"key":"FearPotion"},{"floor":33,"key":"LiquidBronze"},{"floor":36,"key":"BlessingOfTheForge"}],"is_trial":false,"path_per_floor":["M","?","$","?","M","R","E","R","T","M","M","R","M","?","R","B",null,"M","$","?","M","M","R","E","M","T","R","M","R","M","M","R","B",null,"M","M","$","?"],"character_chosen":"THE_SILENT","items_purchased":["Adrenaline"],"campfire_rested":3,"item_purchase_floors":[19],"current_hp_per_floor":[57,57,57,57,54,54,15,15,15,15,15,33,28,24,24,21,50,48,48,48,48,48,48,48,19,19,19,9,27,20,15,33,23,51,48,43,43,0,0],"gold":135,"neow_bonus":"ONE_RARE_RELIC","is_daily":false,"chose_seed":false,"campfire_upgraded":5,"win_rate":0.0,"timestamp":1611120303,"path_taken":["M","?","$","?","M","R","E","R","T","M","?","R","M","?","R","BOSS","M","$","?","M","M","R","E","M","T","R","M","R","M","M","R","BOSS","M","M","$","?"],"items_purchased_type":["Card"],"build_version":"2020-12-22","purchased_purges":3,"victory":false,"max_hp_per_floor":[60,60,60,60,60,60,60,60,60,60,60,60,60,60,60,60,60,60,60,60,60,60,60,60,60,60,60,60,60,60,60,60,60,60,60,60,60,60,60],"card_choices":[{"not_picked":["Sucker Punch","Expertise"],"picked":"Bouncing Flask","floor":1},{"not_picked":["Bane","Setup","Flying Knee"],"picked":"SKIP","floor":5},{"not_picked":["Well Laid Plans","Escape Plan"],"picked":"Catalyst","floor":7},{"not_picked":["Poisoned Stab","Sucker Punch","Dagger Spray"],"picked":"SKIP","floor":10},{"not_picked":["Caltrops","Underhanded Strike"],"picked":"Reflex","floor":11},{"not_picked":["Endless Agony","Quick Slash","Caltrops"],"picked":"SKIP","floor":13},{"not_picked":["Phantasmal Killer","Doppelganger"],"picked":"Burst","floor":16},{"not_picked":["Endless Agony","PiercingWail"],"picked":"Concentrate","floor":18},{"not_picked":["Backflip","Tactician"],"picked":"Acrobatics+1","floor":21},{"not_picked":["Deflect+1","Bane+1"],"picked":"Bouncing Flask","floor":22},{"not_picked":["Quick Slash","Catalyst"],"picked":"Malaise","floor":24},{"not_picked":["Poisoned Stab","Endless Agony","Sucker Punch"],"picked":"SKIP","floor":25},{"not_picked":["Outmaneuver","Flying Knee","Dagger Spray+1"],"picked":"SKIP","floor":28},{"not_picked":["Outmaneuver","Caltrops"],"picked":"Reflex","floor":30},{"not_picked":["Backstab","Slice"],"picked":"Footwork","floor":31},{"not_picked":["Unload","Grand Finale"],"picked":"After Image","floor":33},{"not_picked":["Endless Agony","Deadly Poison","Prepared"],"picked":"SKIP","floor":35},{"not_picked":["Flying Knee+1","Dash","Outmaneuver+1"],"picked":"SKIP","floor":36}],"player_experience":1160395,"relics_obtained":[{"floor":7,"key":"Paper Crane"},{"floor":9,"key":"Anchor"},{"floor":24,"key":"PreservedInsect"},{"floor":26,"key":"HornCleat"}],"event_choices":[{"cards_removed":["Strike_G"],"damage_healed":0,"gold_gain":0,"player_choice":"Forget","damage_taken":0,"max_hp_gain":0,"max_hp_loss":0,"event_name":"Living Wall","floor":2,"gold_loss":0},{"damage_healed":0,"gold_gain":0,"player_choice":"1 cards matched","damage_taken":0,"max_hp_gain":0,"max_hp_loss":0,"event_name":"Match and Keep!","floor":4,"gold_loss":0,"cards_obtained":["Neutralize"]},{"damage_healed":0,"gold_gain":0,"player_choice":"1 cards matched","damage_taken":0,"max_hp_gain":0,"max_hp_loss":0,"event_name":"Match and Keep!","floor":4,"gold_loss":0,"cards_obtained":["Neutralize"]},{"damage_healed":0,"gold_gain":0,"player_choice":"Success","damage_taken":5,"relics_obtained":["Bag of Marbles"],"max_hp_gain":0,"max_hp_loss":0,"event_name":"Scrap Ooze","floor":14,"gold_loss":0},{"damage_healed":0,"gold_gain":0,"player_choice":"Read","damage_taken":0,"max_hp_gain":0,"max_hp_loss":0,"event_name":"The Library","floor":20,"gold_loss":0,"cards_obtained":["Tactician"]},{"damage_healed":0,"gold_gain":0,"player_choice":"Fight","damage_taken":0,"max_hp_gain":0,"max_hp_loss":0,"event_name":"OrinTheCat","floor":38,"gold_loss":0}],"is_beta":false,"boss_relics":[{"not_picked":["Runic Dome","Calling Bell"],"picked":"Ring of the Serpent"},{"not_picked":["Cursed Key","WristBlade"],"picked":"Coffee Dripper"}],"items_purged_floors":[3,19,37],"is_endless":false,"potions_floor_spawned":[1,11,22,24,33,36],"killed_by":"Orin","ascension_level":19}}