{"host":"hw9lt6p3yhr90vz0","time":1611123001,"event":{"mods":["BaseMod","DeckTracker","Minty Spire (QoL Compilation)","Relic Stats"],"gold_per_floor":[117,132,148,0,0,30,30,59,127,141,241,260,277,291,291,394,394,407,506,506,506,284,284,294,321,347,347,347],"floor_reached":27,"language":"ENG","playtime":1217,"items_purged":[],"score":279,"play_id":"1f1a58d9-a046-4587-8f36-260caa30d517","local_time":"20210120011001","is_ascension_mode":true,"campfire_choices":[{"floor":7,"key":"REST"},{"floor":15,"key":"REST"},{"floor":23,"key":"RECALL"}],"circlet_count":0,"master_deck":["Strike_B","Strike_B","Strike_B","Strike_B+1","Defend_B","Defend_B","Defend_B","Defend_B+1","Zap","Dualcast","Lockon","Streamline","Machine Learning","Tempest","Sweeping Beam","Hologram","White Noise","Barrage","Chaos","Core Surge","Sweeping Beam","Self Repair","Hologram"],"relics":["Cracked Core","Boot","Lizard Tail","Tiny Chest","Gremlin Horn","SlaversCollar","Vajra","Anchor"],"acts_visited":["Exordium","TheCity"],"potions_floor_usage":[6,14,16,16,16],"damage_taken":[{"damage":14,"enemies":"2 Louse","floor":1,"turns":3},{"damage":0,"enemies":"Small Slimes","floor":2,"turns":2},{"damage":1,"enemies":"Cultist","floor":3,"turns":3},{"damage":16,"enemies":"Gremlin Nob","floor":6,"turns":4},{"damage":60,"enemies":"Lagavulin","floor":8,"turns":6},{"damage":0,"enemies":"Large Slime","floor":10,"turns":4},{"damage":4,"enemies":"Looter","floor":12,"turns":3},{"damage":13,"enemies":"Blue Slaver","floor":13,"turns":2},{"damage":1,"enemies":"2 Fungi Beasts","floor":14,"turns":2},{"damage":25,"enemies":"Hexaghost","floor":16,"turns":7},{"damage":41,"enemies":"3 Byrds","floor":18,"turns":5},{"damage":36,"enemies":"Spheric Guardian","floor":24,"turns":5},{"damage":30,"enemies":"Snake Plant","floor":27,"turns":2}],"seed_played":"-7672625081501054748","potions_obtained":[{"floor":2,"key":"SneckoOil"},{"floor":8,"key":"Strength Potion"},{"floor":12,"key":"SneckoOil"},{"floor":13,"key":"AttackPotion"},{"floor":14,"key":"LiquidBronze"}],"is_trial":false,"path_per_floor":["M","M","M","$","?","E","R","E","T","M","?","M","M","M","R","B",null,"M","?","$","?","$","R","M","T","T","M"],"character_chosen":"DEFECT","items_purchased":["Boot","Vajra","Self Repair"],"campfire_rested":2,"item_purchase_floors":[4,22,22],"current_hp_per_floor":[68,68,67,67,51,35,59,41,41,41,41,37,24,23,47,22,67,26,26,26,53,53,53,24,24,24,0,0],"gold":347,"neow_bonus":"TEN_PERCENT_HP_BONUS","is_daily":false,"chose_seed":false,"campfire_upgraded":0,"win_rate":0.0,"timestamp":1611123001,"path_taken":["M","M","M","$","?","E","R","E","T","M","?","M","M","M","R","BOSS","M","?","$","?","$","R","M","?","T","M"],"items_purchased_type":["Relic","Relic","Card"],"build_version":"2020-12-22","purchased_purges":0,"victory":false,"max_hp_per_floor":[82,82,82,82,82,82,82,82,82,82,82,82,82,82,82,82,82,82,82,82,82,82,82,82,82,82,82,82],"relic_stats":{"Lizard Tail":41,"Gremlin Horn":[4,4],"counters":[13,48],"Tiny Chest":1,"Boot":[16],"obtain_stats":[{"SlaversCollar":17,"Lizard Tail":6,"Anchor":26,"Gremlin Horn":9,"Vajra":22,"Tiny Chest":8,"Cracked Core":0,"Boot":4},{"SlaversCollar":10,"Lizard Tail":4,"Anchor":12,"Gremlin Horn":5,"Vajra":11,"Tiny Chest":5,"Cracked Core":0,"Boot":3},{"SlaversCollar":36,"Lizard Tail":12,"Anchor":46,"Gremlin Horn":18,"Vajra":41,"Tiny Chest":18,"Cracked Core":0,"Boot":8}]},"card_choices":[{"not_picked":["Redo","Ball Lightning"],"picked":"Lockon","floor":1},{"not_picked":["Cold Snap","Sweeping Beam"],"picked":"Streamline","floor":2},{"not_picked":["Undo","Turbo"],"picked":"Machine Learning","floor":3},{"not_picked":["Darkness","Blizzard"],"picked":"Tempest","floor":6},{"not_picked":["Chill","Undo"],"picked":"Sweeping Beam","floor":8},{"not_picked":["Compile Driver","Scrape"],"picked":"Hologram","floor":10},{"not_picked":["Stack","Self Repair"],"picked":"White Noise","floor":12},{"not_picked":["Steam Power","Streamline"],"picked":"Barrage","floor":13},{"not_picked":["Stack","Coolheaded"],"picked":"Chaos","floor":14},{"not_picked":["Multi-Cast","Amplify"],"picked":"Core Surge","floor":16},{"not_picked":["Gash","Scrape"],"picked":"Sweeping Beam","floor":18},{"not_picked":["Sweeping Beam","Gash"],"picked":"Hologram","floor":24}],"player_experience":1240659,"relics_obtained":[{"floor":6,"key":"Lizard Tail"},{"floor":8,"key":"Tiny Chest"},{"floor":9,"key":"Gremlin Horn"},{"floor":26,"key":"Anchor"}],"event_choices":[{"damage_healed":0,"gold_gain":0,"player_choice":"Entered Light","damage_taken":16,"max_hp_gain":0,"max_hp_loss":0,"event_name":"Shining Light","floor":5,"gold_loss":0,"cards_upgraded":["Defend_B","Strike_B"]},{"damage_healed":0,"gold_gain":100,"player_choice":"Pray","damage_taken":0,"max_hp_gain":0,"max_hp_loss":0,"event_name":"Golden Shrine","floor":11,"gold_loss":0},{"damage_healed":0,"gold_gain":99,"player_choice":"Stole From Cult","damage_taken":0,"max_hp_gain":0,"max_hp_loss":0,"event_name":"Nest","floor":19,"gold_loss":0},{"damage_healed":27,"gold_gain":0,"player_choice":"Heal","damage_taken":0,"max_hp_gain":0,"max_hp_loss":0,"event_name":"The Library","floor":21,"gold_loss":0}],"is_beta":false,"boss_relics":[{"not_picked":["Ectoplasm","SacredBark"],"picked":"SlaversCollar"}],"items_purged_floors":[],"is_endless":false,"potions_floor_spawned":[2,8,12,13,14],"killed_by":"Snake Plant","ascension_level":5}}