{"host":"msa0wxqjs3jv1k3j","time":1611115641,"event":{"mods":["AchievementEnabler","BaseMod","BetterRewards","Colored Map","Highlight Path","KOR Keyword Fix","Keyboard Shortcuts","Minty Spire (QoL Compilation)","Quick Restart","SuperFastMode","everything is the same but u backflip on backflip"],"gold_per_floor":[116,134,134,34,48,80,80,92,92,425,91,105,105,124,124,220,220,233,233,251,350,429,429,429,429,429,429,429,440,458,458,458,555,555,566,229,248,348,376,376,376,376],"floor_reached":41,"language":"KOR","playtime":1233,"items_purged":["Defend_G","Defend_G","Strike_G"],"score":451,"play_id":"18334230-8fc2-4236-9ef4-a80ea8eac229","local_time":"20210120130721","is_ascension_mode":false,"campfire_choices":[{"data":"Bouncing Flask","floor":7,"key":"SMITH"},{"floor":15,"key":"REST"},{"floor":23,"key":"REST"},{"data":"Catalyst","floor":24,"key":"SMITH"},{"floor":25,"key":"REST"},{"data":"Catalyst","floor":27,"key":"SMITH"},{"data":"Bouncing Flask","floor":32,"key":"SMITH"},{"floor":40,"key":"REST"}],"circlet_count":0,"master_deck":["Strike_G","Strike_G","Defend_G","Defend_G","Survivor","Neutralize","Bouncing Flask+1","Enlightenment","Slice","Flying Knee","Deadly Poison","Crippling Poison","Outmaneuver","Catalyst+1","Catalyst+1","Poisoned Stab","A Thousand Cuts","Blade Dance+1","Poisoned Stab+1","PiercingWail","Bouncing Flask+1","Dash","Cloak And Dagger+1","Outmaneuver","Deflect"],"relics":["Ring of the Snake","PreservedInsect","White Beast Statue","WingedGreaves","InkBottle","The Specimen","Old Coin","Shuriken","WristBlade","The Courier","Pantograph","Enchiridion","Black Star","TheAbacus","CeramicFish"],"acts_visited":["Exordium","TheCity","TheBeyond"],"potions_floor_usage":[10,10,16,16,20],"damage_taken":[{"damage":0,"enemies":"Small Slimes","floor":1,"turns":2},{"damage":0,"enemies":"Cultist","floor":2,"turns":2},{"damage":3,"enemies":"Jaw Worm","floor":5,"turns":3},{"damage":18,"enemies":"Gremlin Nob","floor":6,"turns":3},{"damage":5,"enemies":"Blue Slaver","floor":8,"turns":3},{"damage":13,"enemies":"Lagavulin","floor":10,"turns":4},{"damage":0,"enemies":"Large Slime","floor":12,"turns":4},{"damage":0,"enemies":"Exordium Thugs","floor":14,"turns":3},{"damage":20,"enemies":"Slime Boss","floor":16,"turns":7},{"damage":28,"enemies":"2 Thieves","floor":18,"turns":3},{"damage":5,"enemies":"Chosen","floor":20,"turns":3},{"damage":15,"enemies":"Snake Plant","floor":29,"turns":3},{"damage":1,"enemies":"Centurion and Healer","floor":30,"turns":3},{"damage":19,"enemies":"Champ","floor":33,"turns":4},{"damage":4,"enemies":"Orb Walker","floor":35,"turns":2},{"damage":36,"enemies":"3 Darklings","floor":37,"turns":5},{"damage":15,"enemies":"Maw","floor":39,"turns":5},{"damage":45,"enemies":"Nemesis","floor":41,"turns":3}],"seed_played":"6983443679298628351","potions_obtained":[{"floor":1,"key":"ColorlessPotion"},{"floor":2,"key":"FearPotion"},{"floor":5,"key":"GamblersBrew"},{"floor":6,"key":"Poison Potion"},{"floor":10,"key":"SkillPotion"},{"floor":12,"key":"LiquidBronze"},{"floor":14,"key":"Poison Potion"},{"floor":16,"key":"Regen Potion"},{"floor":18,"key":"Dexterity Potion"},{"floor":20,"key":"Swift Potion"},{"floor":29,"key":"GhostInAJar"},{"floor":33,"key":"GhostInAJar"}],"is_trial":false,"path_per_floor":["M","M","?","$","M","E","R","M","T","E","$","M","$","M","R","B",null,"M","?","M","?","T","R","R","R","T","R","?","M","M","?","R","B",null,"M","$","M","?","M","R","E"],"character_chosen":"THE_SILENT","items_purchased":["PreservedInsect","White Beast Statue","Bouncing Flask","Enlightenment","Slice","Catalyst","Shuriken","TheAbacus","CeramicFish"],"campfire_rested":4,"item_purchase_floors":[0,0,0,0,0,11,11,36,36],"current_hp_per_floor":[70,70,70,70,67,49,49,44,44,31,31,31,31,31,52,32,70,42,29,33,33,33,55,55,75,75,75,59,44,43,43,43,49,75,71,71,35,35,20,42,0,0],"gold":376,"neow_bonus":"","is_daily":false,"chose_seed":false,"campfire_upgraded":4,"win_rate":0.0,"timestamp":1611115641,"path_taken":["M","M","?","$","M","E","R","M","T","E","$","?","?","M","R","BOSS","M","?","M","?","?","R","R","R","T","R","?","M","M","?","R","BOSS","M","$","M","?","M","R","E"],"items_purchased_type":["Relic","Relic","Card","Card","Card","Card","Relic","Relic","Relic"],"build_version":"2020-12-22","purchased_purges":3,"victory":false,"max_hp_per_floor":[70,70,70,70,70,70,70,70,70,70,70,70,70,70,70,70,70,70,75,75,75,75,75,75,75,75,75,75,75,75,75,75,75,75,75,75,75,75,75,75,75,75],"card_choices":[{"not_picked":["Dodge and Roll","Slice"],"picked":"Flying Knee","floor":1},{"not_picked":["Acrobatics","Sucker Punch"],"picked":"Deadly Poison","floor":2},{"not_picked":["Calculated Gamble","Prepared","Eviscerate"],"picked":"SKIP","floor":5},{"not_picked":["Grand Finale","Reflex"],"picked":"Crippling Poison","floor":6},{"not_picked":["Dagger Spray","Quick Slash","Expertise"],"picked":"SKIP","floor":8},{"not_picked":["Blade Dance","Accuracy"],"picked":"Outmaneuver","floor":10},{"not_picked":["Prepared","Sucker Punch"],"picked":"Catalyst","floor":12},{"not_picked":["Endless Agony","Cloak And Dagger"],"picked":"Poisoned Stab","floor":14},{"not_picked":["Burst","Unload"],"picked":"A Thousand Cuts","floor":16},{"not_picked":["Prepared","Distraction"],"picked":"Blade Dance+1","floor":18},{"not_picked":["Expertise","Accuracy"],"picked":"Poisoned Stab+1","floor":20},{"not_picked":["Deadly Poison","Dodge and Roll"],"picked":"PiercingWail","floor":29},{"not_picked":["Blade Dance","Skewer","Dodge and Roll+1"],"picked":"SKIP","floor":30},{"not_picked":["Slice+1","Acrobatics"],"picked":"Cloak And Dagger+1","floor":35},{"not_picked":["Well Laid Plans","Dodge and Roll+1"],"picked":"Outmaneuver","floor":37},{"not_picked":["Blur+1","Escape Plan"],"picked":"Deflect","floor":39}],"player_experience":132816,"relics_obtained":[{"floor":6,"key":"InkBottle"},{"floor":9,"key":"The Specimen"},{"floor":10,"key":"Old Coin"},{"floor":22,"key":"The Courier"},{"floor":26,"key":"Pantograph"},{"floor":28,"key":"Enchiridion"}],"event_choices":[{"cards_removed":["Strike_G"],"damage_healed":0,"gold_gain":0,"player_choice":"Offered Basic","damage_taken":0,"max_hp_gain":0,"max_hp_loss":0,"event_name":"Bonfire Elementals","floor":3,"gold_loss":0},{"damage_healed":0,"gold_gain":0,"player_choice":"Shed Blood","damage_taken":18,"max_hp_gain":5,"max_hp_loss":0,"event_name":"Forgotten Altar","floor":19,"gold_loss":0},{"damage_healed":0,"gold_gain":99,"player_choice":"Stole From Cult","damage_taken":0,"max_hp_gain":0,"max_hp_loss":0,"event_name":"Nest","floor":21,"gold_loss":0},{"damage_healed":0,"gold_gain":0,"player_choice":"Obtained Book","damage_taken":16,"max_hp_gain":0,"max_hp_loss":0,"event_name":"Cursed Tome","floor":28,"gold_loss":0},{"damage_healed":0,"gold_gain":0,"cards_transformed":["Strike_G","Defend_G"],"player_choice":"Became Test Subject","damage_taken":0,"max_hp_gain":0,"max_hp_loss":0,"event_name":"Drug Dealer","floor":31,"gold_loss":0,"cards_obtained":["Bouncing Flask","Dash"]},{"damage_healed":0,"gold_gain":100,"player_choice":"Pray","damage_taken":0,"max_hp_gain":0,"max_hp_loss":0,"event_name":"Golden Shrine","floor":38,"gold_loss":0}],"is_beta":false,"boss_relics":[{"not_picked":["Snecko Eye","Runic Pyramid"],"picked":"WristBlade"},{"not_picked":["Cursed Key","Runic Dome"],"picked":"Black Star"}],"items_purged_floors":[0,4,36],"is_endless":false,"potions_floor_spawned":[1,2,5,6,8,10,12,14,16,18,20,29,30,33,35,37,39],"killed_by":"Nemesis","ascension_level":0}}