{"host":"flm17o2q7bfjyna6","time":1611171377,"event":{"mods":["2.2 Compatiblity","Act Like it!","BaseMod","Better Altar","Better Match","Better Note","Better Sensory Stone","Better Skull","Better Third Choice","Better Vampires","Colored Map","Colored Powertips","DeckTracker","Fox Events","Hermit","Minty Spire (QoL Compilation)","Quick Restart","Replay The Spire","Reworked Bosses","Spicy Shops","StSLib","Wandering Minibosses"],"gold_per_floor":[111,111,131,141,66,66,99,24,70,70,13,13,13,40,40,138,138,156,44,44,61,161,161,181,181,257,257,257,297,335,373,373,373,373],"floor_reached":33,"language":"ENG","playtime":1192,"items_purged":["Pain"],"score":471,"play_id":"ae1b4af4-1722-458f-8697-ec4512f0c2a6","local_time":"20210120143617","is_ascension_mode":true,"campfire_choices":[{"data":"Zap","floor":6,"key":"SMITH"},{"data":"BasicCrystalCard","floor":12,"key":"SMITH"},{"data":"Cold Snap","floor":15,"key":"SMITH"},{"floor":23,"key":"REST"},{"floor":25,"key":"REST"},{"data":"Buffer","floor":32,"key":"SMITH"}],"circlet_count":0,"master_deck":["AscendersBane","Zap+1","Dualcast+1","Leap","Cold Snap+1","Sweeping Beam","BasicCrystalCard+1","Conserve Battery","Buffer+1","Turbo","Rip and Tear","Genetic Algorithm","Double Energy","Fission","Reinforced Body","Beam Cell","Go for the Eyes","Reinforced Body+1","Spreading Infection","BootSequence","Darkness","Melter","Seek","Sweeping Beam+1","Beam Cell+1","Stack","Chaos+1"],"relics":["Cracked Core","NeowsBlessing","WarpedTongs","Bag of Preparation","PreservedInsect","War Paint","Mango","Pandora\u0027s Box","Prayer Wheel","ReplayTheSpireMod:CursedCoin","Pantograph","Potion Belt","CeramicFish","Blue Doll"],"acts_visited":["Exordium","TheCity"],"potions_floor_usage":[7,7,7,7,16,18,21,21,29,31],"damage_taken":[{"damage":0,"enemies":"Jaw Worm","floor":1,"turns":1},{"damage":0,"enemies":"Cultist","floor":3,"turns":1},{"damage":1,"enemies":"Small Slimes","floor":4,"turns":1},{"damage":12,"enemies":"Lagavulin","floor":7,"turns":6},{"damage":0,"enemies":"Gremlin Nob","floor":14,"turns":2},{"damage":53,"enemies":"Hexaghost","floor":16,"turns":11},{"damage":30,"enemies":"Spheric Guardian","floor":18,"turns":6},{"damage":23,"enemies":"Chosen","floor":21,"turns":5},{"damage":25,"enemies":"Snake Plant","floor":24,"turns":5},{"damage":9,"enemies":"Slavers","floor":29,"turns":3},{"damage":0,"enemies":"Snecko","floor":30,"turns":4},{"damage":10,"enemies":"Gremlin Leader","floor":31,"turns":6},{"damage":77,"enemies":"Pondfish","floor":33,"turns":13}],"seed_played":"-3830838010939729788","potions_obtained":[{"floor":1,"key":"Adrenaline Potion"},{"floor":3,"key":"EntropicBrew"},{"floor":4,"key":"Elixir"},{"floor":13,"key":"EntropicBrew"},{"floor":13,"key":"EssenceOfSteel"},{"floor":13,"key":"LiquidBronze"},{"floor":16,"key":"Dexterity Potion"},{"floor":21,"key":"Strength Potion"},{"floor":24,"key":"Explosive Potion"},{"floor":30,"key":"Fire Potion"}],"is_trial":false,"path_per_floor":["M","?","M","M","?","R","E","$","T","?","$","R","?","E","R","B",null,"M","$","?","M","?","R","M","R","T","T","?","E","M","E","R","B"],"character_chosen":"DEFECT","items_purchased":["War Paint","ReplayTheSpireMod:CursedCoin","Pantograph"],"campfire_rested":2,"item_purchase_floors":[11,19,19],"current_hp_per_floor":[68,68,68,67,67,67,55,55,55,55,55,55,55,69,69,16,71,41,41,41,18,18,44,19,45,45,45,45,36,36,26,26,5,5],"gold":373,"neow_bonus":"THREE_ENEMY_KILL","is_daily":false,"chose_seed":false,"campfire_upgraded":4,"win_rate":0.0,"timestamp":1611171377,"path_taken":["M","?","?","M","?","R","E","$","T","?","$","R","?","E","R","BOSS","M","$","?","M","?","R","M","R","T","?","?","E","M","E","R","BOSS"],"items_purchased_type":["Relic","Relic","Relic"],"build_version":"2020-12-22","purchased_purges":1,"victory":false,"max_hp_per_floor":[75,75,75,75,75,75,75,75,75,75,75,75,75,89,89,89,89,89,89,89,89,89,89,89,89,89,89,89,89,89,89,89,89,89],"card_choices":[{"not_picked":["Tempest","Barrage"],"picked":"Leap","floor":1},{"not_picked":["ReplayTheSpireMod:GoodbyeWorld","Skim"],"picked":"Cold Snap","floor":3},{"not_picked":["Cold Snap","Rebound"],"picked":"Sweeping Beam","floor":4},{"not_picked":["ReplayTheSpireMod:Omega Cannon","Steam"],"picked":"BasicCrystalCard","floor":7},{"not_picked":["Stack","Cold Snap"],"picked":"Conserve Battery","floor":14},{"not_picked":["All For One","Biased Cognition"],"picked":"Buffer","floor":16},{"not_picked":["Cold Snap","Sweeping Beam+1"],"picked":"Go for the Eyes","floor":18},{"not_picked":["Lockon","Beam Cell"],"picked":"Reinforced Body+1","floor":18},{"not_picked":["Steam","Barrage"],"picked":"BootSequence","floor":21},{"not_picked":["Ball Lightning","Consume+1"],"picked":"Darkness","floor":21},{"not_picked":["Cold Snap","Chaos"],"picked":"Melter","floor":24},{"not_picked":["Turbo","Hello World"],"picked":"Seek","floor":24},{"not_picked":["Cold Snap","Heatsinks"],"picked":"Sweeping Beam+1","floor":29},{"not_picked":["Go for the Eyes","Time Bomb"],"picked":"Beam Cell+1","floor":30},{"not_picked":["Ball Lightning","Compile Driver"],"picked":"Stack","floor":30},{"not_picked":["Barrage","ReplaySolidLightProjector"],"picked":"Chaos+1","floor":31}],"player_experience":1669889,"relics_obtained":[{"floor":7,"key":"Bag of Preparation"},{"floor":9,"key":"PreservedInsect"},{"floor":14,"key":"Mango"},{"floor":27,"key":"Potion Belt"},{"floor":29,"key":"CeramicFish"},{"floor":31,"key":"Blue Doll"}],"event_choices":[{"damage_healed":0,"gold_gain":0,"player_choice":"Rummage","damage_taken":0,"relics_obtained":["WarpedTongs"],"max_hp_gain":0,"max_hp_loss":0,"event_name":"Accursed Blacksmith","floor":2,"gold_loss":0,"cards_obtained":["Pain"]},{"damage_healed":0,"gold_gain":0,"player_choice":"2","damage_taken":0,"max_hp_gain":0,"max_hp_loss":0,"event_name":"betterMatch:BetterMatch","floor":5,"gold_loss":0,"cards_obtained":[]},{"damage_healed":0,"gold_gain":0,"player_choice":"Got Potions","damage_taken":0,"max_hp_gain":0,"max_hp_loss":0,"event_name":"Lab","floor":13,"gold_loss":0},{"damage_healed":0,"gold_gain":0,"player_choice":"Ignored","damage_taken":0,"max_hp_gain":0,"max_hp_loss":0,"event_name":"N\u0027loth","floor":20,"gold_loss":0},{"damage_healed":0,"gold_gain":100,"player_choice":"Pray","damage_taken":0,"max_hp_gain":0,"max_hp_loss":0,"event_name":"Golden Shrine","floor":22,"gold_loss":0},{"cards_removed":["Regret"],"damage_healed":0,"gold_gain":0,"player_choice":"Purged","damage_taken":0,"max_hp_gain":0,"max_hp_loss":0,"event_name":"Purifier","floor":28,"gold_loss":0}],"is_beta":false,"boss_relics":[{"not_picked":["Runic Pyramid","Snecko Heart"],"picked":"Pandora\u0027s Box"}],"items_purged_floors":[8],"is_endless":false,"potions_floor_spawned":[1,3,4,16,21,24,30],"killed_by":"Pondfish","ascension_level":10}}