{"host":"6cl6ydfziu43iq79","time":1611161093,"event":{"mods":["AchievementEnabler","Aspiration","BaseMod","CCEM","Minty Spire (QoL Compilation)","Shop Mod","StSLib","Unceasing Turn Reminder","everything is the same but u backflip on backflip"],"gold_per_floor":[112,112,136,59,77,102,119,119,119,150,150,177,177,195,195,291,291,311,323,323,248,260,289,309,309,362,393,287,303,337,337,337,439,439,449,126,146,157,177,177,208,208,255,255,107,107,122,10,10,10,10,10,10,37,37,37],"floor_reached":55,"language":"ENG","playtime":12019,"items_purged":["Defend_G","Defend_G","Defend_G"],"score":805,"play_id":"c83f29df-592a-4818-99de-4c7291acf6c2","local_time":"20210120174453","is_ascension_mode":false,"campfire_choices":[{"floor":8,"key":"REST"},{"data":"Footwork","floor":13,"key":"SMITH"},{"data":"Accuracy","floor":15,"key":"SMITH"},{"data":"Accuracy","floor":25,"key":"SMITH"},{"floor":32,"key":"REST"},{"floor":40,"key":"REST"},{"floor":42,"key":"RECALL"},{"data":"Footwork","floor":44,"key":"SMITH"},{"data":"Accuracy","floor":46,"key":"SMITH"},{"floor":49,"key":"REST"},{"data":"Cloak And Dagger","floor":52,"key":"SMITH"}],"circlet_count":0,"master_deck":["Strike_G","Strike_G","Strike_G","Defend_G","Defend_G","Survivor+1","Neutralize","Cloak And Dagger","Accuracy+1","Bandage Up+1","Panacea+1","Blade Dance","Dramatic Entrance+1","Footwork+1","Cloak And Dagger+1","Accuracy+1","After Image","Dash","Finisher+1","Footwork+1","Infinite Blades","After Image","Corpse Explosion+1","Cloak And Dagger+1","Infinite Blades","Blur","Cloak And Dagger","Accuracy+1","Backstab+1","Terror+1"],"relics":["Ring of the Snake","aspiration:HatOfInfinitePower","Vajra","Runic Pyramid","CCEMRelics:TinyMinotavrHorn","MerchantsRug","aspiration:FetidBarrel","aspiration:Stabinomicon","SlaversCollar","aspiration:Lifesprig","Snake Skull","InkBottle"],"acts_visited":["Exordium","TheCity","TheBeyond","TheEnding"],"potions_floor_usage":[12,16,30,39,39,55,55,55],"damage_taken":[{"damage":0,"enemies":"Small Slimes","floor":1,"turns":3},{"damage":2,"enemies":"Jaw Worm","floor":5,"turns":5},{"damage":36,"enemies":"3 Sentries","floor":6,"turns":20},{"damage":0,"enemies":"2 Louse","floor":7,"turns":3},{"damage":2,"enemies":"Lagavulin","floor":10,"turns":9},{"damage":10,"enemies":"Gremlin Nob","floor":12,"turns":4},{"damage":0,"enemies":"Gremlin Gang","floor":14,"turns":3},{"damage":1,"enemies":"Slime Boss","floor":16,"turns":4},{"damage":0,"enemies":"Chosen","floor":18,"turns":5},{"damage":8,"enemies":"2 Thieves","floor":19,"turns":4},{"damage":13,"enemies":"Snake Plant","floor":22,"turns":6},{"damage":10,"enemies":"Book of Stabbing","floor":23,"turns":6},{"damage":4,"enemies":"Centurion and Healer","floor":24,"turns":5},{"damage":3,"enemies":"Shelled Parasite and Fungi","floor":27,"turns":5},{"damage":0,"enemies":"3 Cultists","floor":29,"turns":3},{"damage":10,"enemies":"Gremlin Leader","floor":30,"turns":5},{"damage":39,"enemies":"Automaton","floor":33,"turns":8},{"damage":20,"enemies":"3 Shapes","floor":35,"turns":3},{"damage":2,"enemies":"Orb Walker","floor":37,"turns":3},{"damage":15,"enemies":"Writhing Mass","floor":38,"turns":3},{"damage":13,"enemies":"4 Shapes","floor":39,"turns":2},{"damage":3,"enemies":"Giant Head","floor":41,"turns":5},{"damage":0,"enemies":"Maw","floor":47,"turns":6},{"damage":10,"enemies":"Awakened One","floor":50,"turns":6},{"damage":33,"enemies":"Shield and Spear","floor":54,"turns":5},{"damage":88,"enemies":"The Heart","floor":55,"turns":3}],"seed_played":"7579265008210505119","potions_obtained":[{"floor":6,"key":"Weak Potion"},{"floor":7,"key":"LiquidMemories"},{"floor":14,"key":"CunningPotion"},{"floor":16,"key":"Regen Potion"},{"floor":18,"key":"SpeedPotion"},{"floor":19,"key":"CultistPotion"},{"floor":35,"key":"SkillPotion"},{"floor":39,"key":"SteroidPotion"},{"floor":41,"key":"ColorlessPotion"},{"floor":47,"key":"AttackPotion"}],"is_trial":false,"path_per_floor":["M","?","T","$","M","E","M","R","T","E","?","E","R","M","R","B",null,"M","M","?","?","M","E","M","R","T","M","$","M","E","?","R","B",null,"M","$","M","M","M","R","E","R","T","R","$","R","M","$","R","B",null,"R","$","E","B"],"character_chosen":"THE_SILENT","items_purchased":["Accuracy","MerchantsRug","Footwork","aspiration:Lifesprig","Infinite Blades","Accuracy","Snake Skull"],"campfire_rested":4,"item_purchase_floors":[4,28,28,36,36,45,48],"current_hp_per_floor":[70,63,63,63,61,31,37,58,58,62,62,58,58,64,64,69,70,70,68,68,68,61,57,59,59,59,56,56,62,58,42,63,30,70,50,50,48,39,31,52,55,55,55,55,55,55,61,61,70,66,70,70,70,43,0,0],"gold":37,"neow_bonus":"RANDOM_COMMON_RELIC","is_daily":false,"chose_seed":false,"campfire_upgraded":6,"win_rate":0.0,"timestamp":1611161093,"path_taken":["M","?","?","?","M","E","M","R","T","E","?","E","R","M","R","BOSS","M","M","?","?","M","E","M","R","T","M","$","M","E","?","R","BOSS","M","$","M","M","M","R","E","R","T","R","$","R","M","$","R","BOSS","R","$","E","BOSS"],"items_purchased_type":["Card","Relic","Card","Relic","Card","Card","Relic"],"build_version":"2020-12-22","purchased_purges":3,"victory":false,"max_hp_per_floor":[70,70,70,70,70,70,70,70,70,70,70,70,70,70,70,70,70,70,70,70,70,70,70,70,70,70,70,70,70,70,70,70,70,70,70,70,70,70,70,70,70,70,70,70,70,70,70,70,70,70,70,70,70,70,70,70],"card_choices":[{"not_picked":["Reflex","Backstab"],"picked":"Cloak And Dagger","floor":1},{"not_picked":["Enlightenment+1","Dramatic Entrance+1"],"picked":"Bandage Up+1","floor":5},{"not_picked":["Slice","Tactician","Sucker Punch"],"picked":"SKIP","floor":5},{"not_picked":["Flash of Steel+1","Blind+1"],"picked":"Panacea+1","floor":6},{"not_picked":["PiercingWail","Underhanded Strike"],"picked":"Blade Dance","floor":6},{"not_picked":["Finesse+1","Metamorphosis+1"],"picked":"Dramatic Entrance+1","floor":7},{"not_picked":["Deadly Poison","Sucker Punch"],"picked":"Footwork","floor":7},{"not_picked":["Bouncing Flask","Dodge and Roll","Poisoned Stab"],"picked":"SKIP","floor":10},{"not_picked":["Riddle With Holes","Blur"],"picked":"Cloak And Dagger","floor":12},{"not_picked":["Skewer","Flechettes"],"picked":"Accuracy","floor":14},{"not_picked":["Bullet Time","Phantasmal Killer"],"picked":"After Image","floor":16},{"not_picked":["Quick Slash","Prepared","Backflip"],"picked":"SKIP","floor":18},{"not_picked":["PiercingWail","Crippling Poison","Flying Knee"],"picked":"SKIP","floor":19},{"not_picked":["Bouncing Flask","Deadly Poison+1"],"picked":"Dash","floor":22},{"not_picked":["Dagger Spray","Dagger Throw","Acrobatics+1"],"picked":"SKIP","floor":23},{"not_picked":["Flying Knee+1","Skewer"],"picked":"Finisher+1","floor":24},{"not_picked":["Deflect","Leg Sweep+1","Prepared+1"],"picked":"SKIP","floor":27},{"not_picked":["Poisoned Stab","Reflex"],"picked":"Infinite Blades","floor":29},{"not_picked":["Predator","Malaise"],"picked":"After Image","floor":30},{"not_picked":["Venomology","Night Terror"],"picked":"Corpse Explosion","floor":33},{"not_picked":["Expertise","Riddle With Holes+1"],"picked":"Cloak And Dagger+1","floor":35},{"not_picked":["Underhanded Strike","Flying Knee"],"picked":"Blur","floor":37},{"not_picked":["Dodge and Roll+1","Finisher+1","Terror+1"],"picked":"SKIP","floor":38},{"not_picked":["Catalyst+1","PiercingWail"],"picked":"Cloak And Dagger","floor":39},{"not_picked":["Flying Knee+1","Calculated Gamble","Prepared+1"],"picked":"SKIP","floor":41},{"not_picked":["Dash+1","Quick Slash"],"picked":"Backstab+1","floor":47},{"not_picked":["Acrobatics+1","Footwork+1"],"picked":"Terror+1","floor":54}],"player_experience":102047,"relics_obtained":[{"floor":3,"key":"CCEMRelics:FestiveHat"},{"floor":6,"key":"CCEMRelics:FryingPan"},{"floor":10,"key":"aspiration:HatOfInfinitePower"},{"floor":12,"key":"aspiration:HiddenCompartment"},{"floor":23,"key":"CCEMRelics:TinyMinotavrHorn"},{"floor":26,"key":"MawBank"},{"floor":30,"key":"aspiration:FetidBarrel"},{"floor":31,"key":"aspiration:Stabinomicon"},{"floor":41,"key":"CCEMRelics:PorcelainBowl"},{"floor":43,"key":"War Paint"},{"floor":54,"key":"InkBottle"}],"event_choices":[{"cards_removed":["Strike_G"],"damage_healed":0,"gold_gain":0,"player_choice":"Card Removal","damage_taken":7,"max_hp_gain":0,"max_hp_loss":0,"event_name":"Golden Wing","floor":2,"gold_loss":0},{"damage_healed":0,"gold_gain":0,"player_choice":"Box","damage_taken":0,"relics_obtained":["Vajra"],"max_hp_gain":0,"max_hp_loss":0,"event_name":"Big Fish","floor":11,"gold_loss":0,"cards_obtained":["Regret"]},{"cards_removed":["Regret"],"damage_healed":0,"gold_gain":0,"player_choice":"Purged","damage_taken":0,"max_hp_gain":0,"max_hp_loss":0,"event_name":"Purifier","floor":20,"gold_loss":0},{"cards_removed":["Strike_G"],"damage_healed":0,"gold_gain":0,"player_choice":"Gave Gold","damage_taken":0,"max_hp_gain":0,"max_hp_loss":0,"event_name":"Beggar","floor":21,"gold_loss":75},{"damage_healed":0,"gold_gain":0,"player_choice":"Obtained Book","damage_taken":16,"max_hp_gain":0,"max_hp_loss":0,"event_name":"Cursed Tome","floor":31,"gold_loss":0}],"is_beta":false,"boss_relics":[{"not_picked":["Pandora\u0027s Box","Black Star"],"picked":"Runic Pyramid"},{"not_picked":["Snecko Eye","Velvet Choker"],"picked":"SlaversCollar"}],"items_purged_floors":[28,36,45],"is_endless":false,"potions_floor_spawned":[6,7,14,16,18,19,24,27,35,39,41,47],"killed_by":"The Heart","ascension_level":0}}