{"host":"wj6vwlg8bkoql3lv","time":1611181915,"event":{"mods":["BaseMod","Colored Map","Friendly Minions","Hermit","Hubris","Infinite Spire","JesterMod","Jorbs\u0027s Wanderer Trilogy","Marisa????????","Minty Spire (QoL Compilation)","Replay The Spire","Shade Mod","StSLib","The Blue Laboratory","The Bug Knight","The Cursed","The Disciple","The Gatherer","The Hierophant","The Jungle","The Marked","The Mystic","The Runesmith","The Senshi","The Servant 0.9.4"],"gold_per_floor":[113,123,123,140,158,158,158,158],"floor_reached":6,"language":"ENG","playtime":684,"items_purged":[],"score":38,"play_id":"bb6d2c7d-cfca-40c4-96aa-83b8cb0357e7","local_time":"20210120223155","is_ascension_mode":false,"metric_token":1617,"campfire_choices":[],"circlet_count":0,"master_deck":["Gatherer:Strike_Gatherer","Gatherer:Strike_Gatherer","Gatherer:Strike_Gatherer","Gatherer:Strike_Gatherer","Gatherer:Strike_Gatherer","Gatherer:Defend_Gatherer","Gatherer:Defend_Gatherer","Gatherer:Defend_Gatherer","Gatherer:Defend_Gatherer","Gatherer:Defend_Gatherer","Gatherer:Centralize","Gatherer:FlowerWhip","Gatherer:QuickSynthesis","Gatherer:Uplift+1","Gatherer:RecoveryHerb","Gatherer:EchoOfNature"],"relics":["Gatherer:AlchemyBag"],"acts_visited":["Exordium"],"potions_floor_usage":[4,5,6],"damage_taken":[{"damage":6,"enemies":"Jaw Worm","floor":1,"turns":3},{"damage":0,"enemies":"2 Louse","floor":2,"turns":3},{"damage":0,"enemies":"Small Slimes","floor":4,"turns":2},{"damage":26,"enemies":"Exordium Thugs","floor":5,"turns":7},{"damage":48,"enemies":"Lagavulin","floor":6,"turns":8}],"seed_played":"7156745270695930647","potions_obtained":[{"floor":0,"key":"blueLaboratory:LouseDecoction"},{"floor":0,"key":"BottledMiracle"},{"floor":0,"key":"SteroidPotion"},{"floor":5,"key":"Adrenaline Potion"}],"is_trial":false,"path_per_floor":["M","M","?","M","M","E"],"character_chosen":"THE_GATHERER","items_purchased":[],"campfire_rested":0,"item_purchase_floors":[],"current_hp_per_floor":[66,66,66,66,40,0,0,0],"gold":158,"neow_bonus":"THREE_SMALL_POTIONS","is_daily":false,"chose_seed":false,"campfire_upgraded":0,"win_rate":0.0,"timestamp":1611181915,"path_taken":["M","M","?","M","M","E"],"items_purchased_type":[],"build_version":"2020-12-22","purchased_purges":0,"victory":false,"max_hp_per_floor":[72,72,72,72,72,72,72,72],"card_choices":[{"not_picked":["Gatherer:FlowerFalling","Gatherer:Duplicator"],"picked":"Gatherer:QuickSynthesis","floor":1},{"not_picked":["Gatherer:AromaProtection","Gatherer:Frenzy"],"picked":"Gatherer:Uplift","floor":2},{"not_picked":["Gatherer:AromaProtection","Gatherer:CarefulStrike"],"picked":"Gatherer:RecoveryHerb","floor":4},{"not_picked":["Gatherer:FlowerPower","Gatherer:CollectorsShot"],"picked":"Gatherer:EchoOfNature","floor":5}],"player_experience":111120,"relics_obtained":[],"event_choices":[],"is_beta":false,"boss_relics":[],"items_purged_floors":[],"is_endless":false,"potions_floor_spawned":[1,2,5],"killed_by":"Lagavulin","ascension_level":0}}