{"host":"07e1k1rk6c4zn0bu","time":1611101186,"event":{"mods":["AchievementEnabler","BaseMod","Bestiary","Colored Map","Colored Powertips","DeckTracker","Minty Spire (QoL Compilation)","StSLib","slay the spire mod where everything is the same but ironclad has a cowboy hat"],"gold_per_floor":[111,111,14,14,14,43,57,86,86,96,96,107,133,149,149,244,244,213,488,75,75,75,75,93,93,93,193,213,213,213,231,231,231,231],"floor_reached":33,"language":"ENG","playtime":2092,"items_purged":["Regret"],"score":312,"play_id":"c6eadb8e-0d67-402d-a370-9f30d21da79f","local_time":"20210119190626","is_ascension_mode":false,"campfire_choices":[{"data":"Armaments","floor":11,"key":"SMITH"},{"data":"Dual Wield","floor":15,"key":"SMITH"},{"data":"Rage","floor":23,"key":"SMITH"},{"data":"Barricade","floor":25,"key":"SMITH"},{"floor":32,"key":"REST"}],"circlet_count":0,"master_deck":["Strike_R+1","Strike_R+1","Strike_R+1","Strike_R+1","Defend_R+1","Defend_R+1","Defend_R+1","Defend_R+1","Bash","Feel No Pain","Berserk","Infernal Blade","True Grit","Fire Breathing","Armaments+1","Shrug It Off","Disarm","Inflame","Reckless Charge","Dual Wield+1","Barricade+1","Rage+1","PanicButton","Flex","Reckless Charge+1","Sever Soul","Rage","Decay"],"relics":["Burning Blood","NeowsBlessing","Ornamental Fan","Darkstone Periapt","Pantograph","Orichalcum","Lantern","Torii","Runic Pyramid","Juzu Bracelet","Spirit Poop","Ginger","Unceasing Top","Bottled Lightning"],"acts_visited":["Exordium","TheCity"],"potions_floor_usage":[7,11,16,16,27,31,31,31,33],"damage_taken":[{"damage":0,"enemies":"Small Slimes","floor":1,"turns":1},{"damage":0,"enemies":"Gremlin Nob","floor":6,"turns":1},{"damage":0,"enemies":"2 Louse","floor":7,"turns":1},{"damage":20,"enemies":"Lagavulin","floor":8,"turns":6},{"damage":6,"enemies":"Jaw Worm","floor":10,"turns":2},{"damage":19,"enemies":"Exordium Thugs","floor":12,"turns":5},{"damage":16,"enemies":"3 Sentries","floor":13,"turns":5},{"damage":14,"enemies":"Lots of Slimes","floor":14,"turns":5},{"damage":41,"enemies":"Slime Boss","floor":16,"turns":6},{"damage":37,"enemies":"2 Thieves","floor":18,"turns":5},{"damage":12,"enemies":"3 Byrds","floor":24,"turns":8},{"damage":13,"enemies":"Colosseum Slavers","floor":27,"turns":7},{"damage":32,"enemies":"Colosseum Nobs","floor":27,"turns":6},{"damage":15,"enemies":"Snake Plant","floor":28,"turns":5},{"damage":55,"enemies":"3 Cultists","floor":31,"turns":8},{"damage":84,"enemies":"Collector","floor":33,"turns":7}],"seed_played":"-655887113866546628","potions_obtained":[{"floor":1,"key":"ColorlessPotion"},{"floor":7,"key":"Fruit Juice"},{"floor":10,"key":"Fruit Juice"},{"floor":12,"key":"PowerPotion"},{"floor":16,"key":"SteroidPotion"},{"floor":27,"key":"Regen Potion"},{"floor":28,"key":"Fire Potion"},{"floor":31,"key":"AttackPotion"}],"is_trial":false,"path_per_floor":["M","?","$","?","?","E","M","E","T","M","R","M","E","M","R","B",null,"M","?","$","?","?","R","M","R","T","?","M","?","?","M","R","B"],"character_chosen":"IRONCLAD","items_purchased":["Infernal Blade","True Grit","PanicButton","Juzu Bracelet","SpeedPotion","Flex"],"campfire_rested":1,"item_purchase_floors":[3,3,20,20,20,20],"current_hp_per_floor":[80,80,80,80,73,79,85,71,71,71,76,63,53,45,45,35,90,59,65,65,65,65,65,59,59,59,26,17,23,57,17,47,0,0],"gold":231,"neow_bonus":"THREE_ENEMY_KILL","is_daily":false,"chose_seed":false,"campfire_upgraded":4,"win_rate":0.0,"timestamp":1611101186,"path_taken":["M","?","$","?","?","E","?","E","T","M","R","M","E","M","R","BOSS","M","?","$","?","?","R","M","R","T","?","M","?","?","M","R","BOSS"],"items_purchased_type":["Card","Card","Card","Relic","Potion","Card"],"build_version":"2020-12-22","purchased_purges":1,"victory":false,"max_hp_per_floor":[80,80,80,80,80,80,85,85,85,85,90,90,90,90,90,90,90,90,96,96,96,96,96,96,96,96,96,96,102,102,102,102,102,102],"card_choices":[{"not_picked":["Reckless Charge","Battle Trance"],"picked":"Feel No Pain","floor":1},{"not_picked":["Clash","Whirlwind"],"picked":"Fire Breathing","floor":6},{"not_picked":["Clash","Perfected Strike"],"picked":"Armaments","floor":7},{"not_picked":["Iron Wave","Clash"],"picked":"Shrug It Off","floor":8},{"not_picked":["Fire Breathing","Flex"],"picked":"Disarm","floor":10},{"not_picked":["Ghostly Armor","Hemokinesis"],"picked":"Inflame","floor":12},{"not_picked":["Carnage","Blood for Blood"],"picked":"Reckless Charge","floor":13},{"not_picked":["Clothesline","Anger"],"picked":"Dual Wield","floor":14},{"not_picked":["Fiend Fire","Corruption"],"picked":"Barricade","floor":16},{"not_picked":["Perfected Strike","Burning Pact+1"],"picked":"Rage","floor":18},{"not_picked":["Dual Wield","Sword Boomerang"],"picked":"Reckless Charge+1","floor":24},{"not_picked":["Sword Boomerang","Flex"],"picked":"Sever Soul","floor":27},{"not_picked":["True Grit","Cleave+1"],"picked":"Rage","floor":28},{"not_picked":["Cleave+1","Fire Breathing","Pommel Strike"],"picked":"SKIP","floor":31}],"player_experience":63127,"relics_obtained":[{"floor":6,"key":"Pantograph"},{"floor":8,"key":"Orichalcum"},{"floor":9,"key":"Lantern"},{"floor":13,"key":"Torii"},{"floor":26,"key":"Ginger"},{"floor":27,"key":"Unceasing Top"},{"floor":27,"key":"Bottled Lightning"}],"event_choices":[{"damage_healed":0,"gold_gain":0,"cards_transformed":["Strike_R"],"player_choice":"Change","damage_taken":0,"max_hp_gain":0,"max_hp_loss":0,"event_name":"Living Wall","floor":2,"gold_loss":0,"cards_obtained":["Berserk"]},{"damage_healed":0,"gold_gain":0,"player_choice":"Box","damage_taken":0,"relics_obtained":["Ornamental Fan"],"max_hp_gain":0,"max_hp_loss":0,"event_name":"Big Fish","floor":4,"gold_loss":0,"cards_obtained":["Regret"]},{"damage_healed":0,"gold_gain":0,"player_choice":"Success","damage_taken":7,"relics_obtained":["Darkstone Periapt"],"max_hp_gain":0,"max_hp_loss":0,"event_name":"Scrap Ooze","floor":5,"gold_loss":0},{"damage_healed":0,"gold_gain":275,"player_choice":"Desecrate","damage_taken":0,"max_hp_gain":0,"max_hp_loss":0,"event_name":"Golden Shrine","floor":19,"gold_loss":0,"cards_obtained":["Regret"]},{"cards_removed":["Regret"],"damage_healed":0,"gold_gain":0,"player_choice":"Offered Curse","damage_taken":0,"relics_obtained":["Spirit Poop"],"max_hp_gain":0,"max_hp_loss":0,"event_name":"Bonfire Elementals","floor":21,"gold_loss":0},{"damage_healed":0,"gold_gain":0,"player_choice":"Simplicity","damage_taken":0,"max_hp_gain":0,"max_hp_loss":0,"event_name":"Back to Basics","floor":22,"gold_loss":0,"cards_upgraded":["Strike_R","Strike_R","Strike_R","Strike_R","Defend_R","Defend_R","Defend_R","Defend_R"]},{"damage_healed":0,"gold_gain":0,"player_choice":"Fight","damage_taken":0,"max_hp_gain":0,"max_hp_loss":0,"event_name":"Colosseum","floor":27,"gold_loss":0},{"damage_healed":0,"gold_gain":0,"player_choice":"Fought Nobs","damage_taken":0,"max_hp_gain":0,"max_hp_loss":0,"event_name":"Colosseum","floor":27,"gold_loss":0},{"damage_healed":0,"gold_gain":0,"player_choice":"Smashed Altar","damage_taken":0,"max_hp_gain":0,"max_hp_loss":0,"event_name":"Forgotten Altar","floor":29,"gold_loss":0,"cards_obtained":["Decay"]},{"damage_healed":34,"gold_gain":0,"player_choice":"Heal","damage_taken":0,"max_hp_gain":0,"max_hp_loss":0,"event_name":"The Library","floor":30,"gold_loss":0}],"is_beta":false,"boss_relics":[{"not_picked":["Ectoplasm","Philosopher\u0027s Stone"],"picked":"Runic Pyramid"}],"items_purged_floors":[20],"is_endless":false,"potions_floor_spawned":[1,7,10,12,16,27,28,31],"killed_by":"Collector","ascension_level":0}}