{"host":"ooy9sn8qgs7oliwr","time":1611149638,"event":{"mods":["ATMod(阿瑾Mod)","Act Like it!","BaseMod","BetterRewards","Minty Spire (QoL Compilation)","Pale of the Ancients","Prisma Mod","Remilia_Scarlet Moed（蕾米莉亚・斯卡雷特）3.3.5","Replay The Spire","RumiaBox-露米娅的神秘盒子","StSLib","The Alterego","The Jungle","Yakumo Yukari mod","【遗物卡牌】REMEMod"],"gold_per_floor":[116,216,234,50,61,61,73,73,73,90,116,47,72,87,87,184,184,196,52,71,71,71,100,115,130,157,257,277,307,324,341,341,445,445,465,319,319,333,333,363,381,409,409,420,420,447,187,217,217,217],"floor_reached":51,"language":"ZHS","playtime":2785,"items_purged":["Hallucinations"],"score":1244,"play_id":"f66dfd51-5238-4d46-b490-9adfad86a4f5","local_time":"20210120213358","is_ascension_mode":false,"campfire_choices":[{"data":"FollowUp","floor":6.0,"key":"SMITH"},{"data":"Establishment","floor":8.0,"key":"SMITH"},{"floor":15.0,"key":"REST"},{"data":"AT_EmpoweredMortalDraw","floor":45,"key":"SMITH"},{"floor":49,"key":"REST"}],"circlet_count":0,"master_deck":["Strike_P","Strike_P+1","Defend_P+1","Defend_P","Vigilance","Mirror_TwoAndThreeElementRealm_purple+1","FollowUp+1","EmptyBody+1","Tantrum+1","Establishment+1","Halt+1","TalkToTheHand+1","Worship+1","BattleHymn","Worship+1","LessonLearned","Conclude+1","Consecrate+1","SashWhip+1","CrushJoints","DeceiveReality+1","AT_DivineConfetti+1","AT_OneInchPunch+1","DeusExMachina+1","AT_EmpoweredMortalDraw+1","BattleHymn+1","Replay:Vibes+1"],"relics":["PureWater","AT_ATBox","REME_ComplimentaryCards","NeowsBlessing","ReplayTheSpireMod:CursedCoin","Toxic Egg 2","Bottled Lightning","Mercury Hourglass","GodSword3","Astrolabe","REME_CardOfGreed","Kunai","Bag of Marbles","AT_RabadonDeathcap","Replay:WaspNest","Incense Burner","Replay:Grab Bag","Sozu","Busted Crown","AT_MortalBlade","ReplayFunnel","Mummified Hand","GodSword5","GodSword7","Ancient Tea Set","ReplayTheSpireMod:Shallot","AT_BladeRuinedKing"],"acts_visited":["Exordium","TheCity","TheBeyond"],"potions_floor_usage":[25,29],"damage_taken":[{"damage":0.0,"enemies":"Jaw Worm","floor":1.0,"turns":1.0},{"damage":0.0,"enemies":"Cultist","floor":3.0,"turns":1.0},{"damage":0.0,"enemies":"2 Louse","floor":5.0,"turns":1.0},{"damage":12.0,"enemies":"2 Fungi Beasts","floor":7.0,"turns":3.0},{"damage":0.0,"enemies":"Large Slime","floor":10.0,"turns":4.0},{"damage":24.0,"enemies":"Gremlin Nob","floor":11.0,"turns":4.0},{"damage":31.0,"enemies":"Replay:BlueRogue","floor":13.0,"turns":7.0},{"damage":17.0,"enemies":"Exordium Thugs","floor":14.0,"turns":4.0},{"damage":0.0,"enemies":"Slime Boss","floor":16.0,"turns":6.0},{"damage":15.0,"enemies":"3 Byrds","floor":18.0,"turns":2.0},{"damage":26.0,"enemies":"2 Thieves","floor":20.0,"turns":3.0},{"damage":5.0,"enemies":"Replay:Snechameleon","floor":23.0,"turns":4.0},{"damage":36,"enemies":"Shelled Parasite and Fungi","floor":24,"turns":3},{"damage":2,"enemies":"Sentry and Sphere","floor":25,"turns":3},{"damage":6,"enemies":"Colosseum Slavers","floor":27,"turns":3},{"damage":18,"enemies":"Colosseum Nobs","floor":27,"turns":3},{"damage":0,"enemies":"Snecko","floor":28,"turns":4},{"damage":0,"enemies":"REME_1_Revenger","floor":29,"turns":2},{"damage":0,"enemies":"Snake Plant","floor":30,"turns":3},{"damage":20,"enemies":"Shelled Parasite and Fungi","floor":31,"turns":3},{"damage":24,"enemies":"Pondfish","floor":33,"turns":7},{"damage":0,"enemies":"3 Darklings","floor":35,"turns":2},{"damage":0,"enemies":"3 Shapes","floor":38,"turns":2},{"damage":34,"enemies":"Reptomancer","floor":40,"turns":3},{"damage":0,"enemies":"Writhing Mass","floor":41,"turns":3},{"damage":0,"enemies":"Giant Head","floor":42,"turns":4},{"damage":4,"enemies":"4 Shapes","floor":44,"turns":3},{"damage":24,"enemies":"Nemesis","floor":46,"turns":3},{"damage":0,"enemies":"R_Hoarder","floor":48,"turns":5},{"damage":0,"enemies":"Donu and Deca","floor":50,"turns":3}],"seed_played":"3381655464105575088","potions_obtained":[{"floor":5.0,"key":"Explosive Potion"},{"floor":11.0,"key":"Ancient Potion"},{"floor":13.0,"key":"SteroidPotion"},{"floor":14.0,"key":"Adrenaline Potion"},{"floor":20.0,"key":"SkillPotion"},{"floor":23.0,"key":"Fire Potion"},{"floor":27,"key":"Strength Potion"},{"floor":29,"key":"Fire Potion"}],"is_trial":false,"path_per_floor":["M","?","M","$","M","R","M","R","T","M","E","$","E","M","R","B",null,"M","$","M","?","?","E","M","M","T","?","M","E","M","M","R","B",null,"M","$","?","M","?","E","M","E","T","M","R","E","$","E","R","B",null],"character_chosen":"WATCHER","items_purchased":["ReplayTheSpireMod:CursedCoin","Toxic Egg 2","Worship+1","REME_CardOfGreed","ReplayFunnel","ReplayTheSpireMod:Shallot"],"campfire_rested":2,"item_purchase_floors":[4,4,12,19,36,47],"current_hp_per_floor":[72,72,72,72,72,72,72,72,72,72,48,48,35,28,49,49,72,72,72,52,52,52,47,47,45,45,47,47,47,47,45,66,45,72,72,72,72,72,72,38,38,38,38,56,56,62,62,62,72,72],"gold":217,"neow_bonus":"THREE_ENEMY_KILL","is_daily":false,"chose_seed":false,"campfire_upgraded":3,"win_rate":0.0,"timestamp":1611149638,"path_taken":["M","?","M","?","M","R","M","R","T","M","E","$","E","M","R","BOSS","M","$","M","?","?","E","?","M","T","?","M","E","M","M","R","BOSS","M","$","?","M","?","E","?","E","T","M","R","E","?","E","R","BOSS"],"items_purchased_type":["Relic","Relic","Card","Relic","Relic","Relic"],"build_version":"2020-12-22","purchased_purges":1,"victory":true,"max_hp_per_floor":[72,72,72,72,72,72,72,72,72,72,72,72,72,72,72,72,72,72,72,72,72,72,72,72,72,72,72,72,72,72,72,72,72,72,72,72,72,72,72,72,72,72,72,72,72,72,72,72,72,72],"card_choices":[{"not_picked":["JustLucky","Replay:AtTheReady"],"picked":"FollowUp","floor":1.0},{"not_picked":["EmptyFist","Protect"],"picked":"EmptyBody","floor":3.0},{"not_picked":["Consecrate","Protect+1"],"picked":"Tantrum","floor":5.0},{"not_picked":["CrushJoints","EmptyFist"],"picked":"Establishment","floor":7.0},{"not_picked":["Conclude","WheelKick"],"picked":"Halt+1","floor":10.0},{"not_picked":["Replay:Anticipation+1","REME_CRH+1"],"picked":"TalkToTheHand","floor":11.0},{"not_picked":["SignatureMove","Replay:AtTheReady+1"],"picked":"BattleHymn","floor":13.0},{"not_picked":["FearNoEvil","FollowUp"],"picked":"Worship+1","floor":14.0},{"not_picked":["Replay:AllIn+1","AT_IrregularMenstruation+1"],"picked":"LessonLearned","floor":16.0},{"not_picked":["CutThroughFate","Sanctity+1","Collect+1"],"picked":"SKIP","floor":18.0},{"not_picked":["Replay:ManipulateFuture+1","Adaptation","CutThroughFate"],"picked":"SKIP","floor":20.0},{"not_picked":["Replay:AtTheReady+1","ConjureBlade+1","CrushJoints"],"picked":"SKIP","floor":23.0},{"not_picked":["Replay:AtTheReady+1","ConjureBlade+1"],"picked":"CrushJoints","floor":23.0},{"not_picked":["Swivel+1","Fasting2","Replay:Anticipation+1"],"picked":"SKIP","floor":24},{"not_picked":["ThirdEye+1","Replay:AtTheReady+1","WheelKick"],"picked":"SKIP","floor":25},{"not_picked":["Crescendo+1","CrushJoints","Replay:Battleflow+1"],"picked":"SKIP","floor":28},{"not_picked":["PathToVictory+1","CutThroughFate"],"picked":"DeceiveReality+1","floor":29},{"not_picked":["Swivel+1","FlurryOfBlows"],"picked":"AT_DivineConfetti+1","floor":30},{"not_picked":["FlurryOfBlows","Wallop"],"picked":"AT_OneInchPunch","floor":31},{"not_picked":["Replay:AllIn+1","AT_RealColorLess"],"picked":"DeusExMachina+1","floor":33},{"not_picked":["Adaptation"],"picked":"SKIP","floor":35},{"not_picked":[],"picked":"BattleHymn+1","floor":38},{"not_picked":["EmptyFist"],"picked":"SKIP","floor":40},{"not_picked":["JustLucky+1"],"picked":"SKIP","floor":41},{"not_picked":["Weave+1"],"picked":"SKIP","floor":42},{"not_picked":["Replay:AtTheReady+1"],"picked":"SKIP","floor":44},{"not_picked":["FlurryOfBlows+1"],"picked":"SKIP","floor":46},{"not_picked":[],"picked":"Replay:Vibes+1","floor":48}],"player_experience":34893,"relics_obtained":[{"floor":9.0,"key":"Bottled Lightning"},{"floor":11.0,"key":"Mercury Hourglass"},{"floor":13.0,"key":"GodSword3"},{"floor":23.0,"key":"Kunai"},{"floor":26,"key":"Bag of Marbles"},{"floor":27,"key":"AT_RabadonDeathcap"},{"floor":27,"key":"Replay:WaspNest"},{"floor":29,"key":"Incense Burner"},{"floor":40,"key":"Mummified Hand"},{"floor":42,"key":"GodSword5"},{"floor":43,"key":"GodSword7"},{"floor":46,"key":"Ancient Tea Set"},{"floor":48,"key":"AT_BladeRuinedKing"}],"event_choices":[{"damage_healed":0.0,"max_hp_gain":0.0,"max_hp_loss":0.0,"gold_gain":100.0,"event_name":"Wheel of Change","player_choice":"Gold","floor":2.0,"gold_loss":0.0,"damage_taken":0.0},{"damage_healed":0.0,"max_hp_gain":0.0,"max_hp_loss":0.0,"gold_gain":0.0,"event_name":"Ghosts","player_choice":"Ignored","floor":21.0,"gold_loss":0.0,"damage_taken":0.0},{"cards_removed":["Defend_P"],"damage_healed":0.0,"max_hp_gain":0.0,"max_hp_loss":0.0,"gold_gain":0.0,"event_name":"Purifier","player_choice":"Purged","floor":22.0,"gold_loss":0.0,"damage_taken":0.0},{"damage_healed":0,"gold_gain":0,"player_choice":"Fight","damage_taken":0,"max_hp_gain":0,"max_hp_loss":0,"event_name":"Colosseum","floor":27,"gold_loss":0},{"damage_healed":0,"gold_gain":0,"player_choice":"Fought Nobs","damage_taken":0,"max_hp_gain":0,"max_hp_loss":0,"event_name":"Colosseum","floor":27,"gold_loss":0},{"cards_removed":["Eruption"],"damage_healed":0,"gold_gain":0,"player_choice":"Removed Attack","damage_taken":0,"max_hp_gain":0,"max_hp_loss":0,"event_name":"Falling","floor":37,"gold_loss":0}],"is_beta":false,"boss_relics":[{"not_picked":["Honey Jar","Black Star"],"picked":"Astrolabe"},{"not_picked":["Abe\u0027s Treasure","Cursed Key"],"picked":"Replay:Grab Bag"},{"not_picked":["Runic Dome","Velvet Choker"],"picked":"Sozu"},{"not_picked":["ChewingGum","Fusion Hammer"],"picked":"Busted Crown"},{"not_picked":["Tiny House","REME_DemonsWealth"],"picked":"AT_MortalBlade"}],"items_purged_floors":[4],"is_endless":false,"potions_floor_spawned":[5,11,13,14,20,23,27,29,33,40,44,46,48],"ascension_level":0}}