{"host":"0qlrtuw7bw78ucw4","time":1611140078,"event":{"mods":["BaseMod","Downfall","Minty Spire (QoL Compilation)","StSLib"],"gold_per_floor":[99,110,123,33,57,77,77,88,88,100,100,117,117,152,169,169,169,169],"floor_reached":16,"language":"ENG","playtime":4625,"items_purged":["bronze:Defend"],"score":142,"play_id":"2a920e41-f8f6-4149-b8a9-82c622db40ab","local_time":"20210120215438","is_ascension_mode":true,"campfire_choices":[{"data":"bronze:ForLoop","floor":1,"key":"SMITH"},{"data":"bronze:DelayedSlice","floor":9,"key":"SMITH"},{"data":"bronze:TinkerersToolbox","floor":11,"key":"SMITH"},{"data":"bronze:Constructor","floor":13,"key":"SMITH"}],"circlet_count":0,"master_deck":["bronze:Strike","bronze:Strike","bronze:Strike","bronze:Strike","bronze:Defend","bronze:Defend","bronze:Defend","bronze:Replicate","bronze:Goto","bronze:ForLoop+1","bronze:Constructor+1","bronze:TinkerersToolbox+1","bronze:Frontload","bronze:DelayedSlice+1","bronze:DigitalCarnage","bronze:Philosophize","bronze:ChildClass","bronze:Repair"],"relics":["bronze:BronzeCore","Ancient Tea Set","Darkstone Periapt","Shuriken"],"acts_visited":["Exordium"],"potions_floor_usage":[],"damage_taken":[{"damage":1,"enemies":"Cultist","floor":2,"turns":4},{"damage":7,"enemies":"Small Slimes","floor":3,"turns":4},{"damage":0,"enemies":"downfall:FleeingMerchant","floor":4,"turns":4},{"damage":7,"enemies":"Jaw Worm","floor":6,"turns":3},{"damage":0,"enemies":"Exordium Wildlife","floor":8,"turns":5},{"damage":18,"enemies":"Large Slime","floor":10,"turns":7},{"damage":0,"enemies":"Lots of Slimes","floor":12,"turns":2},{"damage":0,"enemies":"Gremlin Nob","floor":14,"turns":2},{"damage":1,"enemies":"Exordium Thugs","floor":15,"turns":4},{"damage":47,"enemies":"IC_STATUS_ARCHETYPE","floor":16,"turns":8}],"seed_played":"350058698801255775","potions_obtained":[{"floor":6,"key":"bronze:BurnAndBuffPotion"},{"floor":8,"key":"champ:CounterPotion"},{"floor":10,"key":"Energy Potion"},{"floor":14,"key":"DuplicationPotion"}],"is_trial":false,"path_per_floor":["R","M","M","$","T","M","T","M","R","M","R","M","R","E","M","B"],"character_chosen":"THE_AUTOMATON","items_purchased":[],"campfire_rested":0,"item_purchase_floors":[],"current_hp_per_floor":[70,69,62,62,62,55,55,55,55,37,37,37,37,37,36,0,0,0],"gold":169,"neow_bonus":"THREE_CARDS","is_daily":false,"chose_seed":false,"campfire_upgraded":4,"win_rate":0.0,"timestamp":1611140078,"path_taken":["R","M","?","$","?","M","T","M","R","?","R","M","R","E","M","BOSS"],"items_purchased_type":[],"build_version":"2020-12-22","purchased_purges":1,"victory":false,"max_hp_per_floor":[70,70,70,70,70,70,70,70,70,70,70,70,70,70,70,70,70,70],"card_choices":[{"not_picked":["bronze:FineTuning","bronze:Separator"],"picked":"bronze:ForLoop","floor":0},{"not_picked":["bronze:ChildClass","bronze:OilSpill"],"picked":"bronze:Constructor","floor":2},{"not_picked":["bronze:Separator","bronze:Safeguard","bronze:Deprecate"],"picked":"SKIP","floor":3},{"not_picked":["bronze:OilSpill","bronze:BitShift"],"picked":"bronze:TinkerersToolbox","floor":4},{"not_picked":["bronze:GetLatest","bronze:Refactor"],"picked":"bronze:Frontload","floor":6},{"not_picked":["bronze:DarkDash","bronze:Allocate"],"picked":"bronze:DelayedSlice","floor":8},{"not_picked":["bronze:ChosenStrike","bronze:OilSpill"],"picked":"bronze:DigitalCarnage","floor":10},{"not_picked":["bronze:Constructor","bronze:BronzeOrb"],"picked":"bronze:Philosophize","floor":12},{"not_picked":["bronze:Invalidate","bronze:Turbo"],"picked":"bronze:ChildClass","floor":14},{"not_picked":["bronze:Refactor","bronze:Overload"],"picked":"bronze:Repair","floor":15}],"player_experience":895521,"relics_obtained":[{"floor":5,"key":"Ancient Tea Set"},{"floor":7,"key":"Darkstone Periapt"},{"floor":14,"key":"Shuriken"}],"event_choices":[],"is_beta":false,"boss_relics":[],"items_purged_floors":[4],"is_endless":false,"potions_floor_spawned":[6,8,10,14],"killed_by":"IC_STATUS_ARCHETYPE","ascension_level":2}}