{"host":"1u4zr9vl8my47i07","time":1611138110,"event":{"mods":["AchievementEnabler","BaseMod","Colored Map","DeckTracker","Highlight Path","Keyboard Shortcuts","Minty Spire (QoL Compilation)","Relic Stats","StSLib","SuperFastMode","Uncapped","Waifu the Spire","everything is the same but u backflip on backflip"],"gold_per_floor":[119,6,6,18,29,54,68,68,120,135,162,175,192,220,220,317,317,337,237,253,272,304,332,332,346,346,346,446,446,446,446,446,551,551,570,581,592,7,23,23,69,114,114,114,130,163,385,401,401,401],"floor_reached":51,"language":"KOR","playtime":2600,"items_purged":["Strike_P","Strike_P","Writhe"],"score":1182,"play_id":"1ee89a58-0c11-4907-bd80-0b19c6e42d03","local_time":"20210120192150","is_ascension_mode":true,"campfire_choices":[{"data":"BattleHymn","floor":8,"key":"SMITH"},{"data":"MentalFortress","floor":15,"key":"SMITH"},{"floor":24,"key":"REST"},{"floor":32,"key":"REST"},{"floor":40,"key":"REST"},{"floor":49,"key":"REST"}],"circlet_count":0,"master_deck":["Strike_P+1","Defend_P","Defend_P+1","Defend_P+1","Eruption+1","Vigilance+1","Tantrum+1","BattleHymn+1","WheelKick+1","Protect","Sanctity","EmptyFist+1","SashWhip","FearNoEvil","MentalFortress+1","Wallop+1","Prostrate+1","LessonLearned+1","InnerPeace","Adaptation+1","MasterReality","Tantrum","CrushJoints+1","Vault+1","Purity","Adaptation+1"],"relics":["PureWater","Shuriken","Bag of Marbles","Damaru","Bottled Lightning","Pear","Runic Pyramid","Red Mask","Whetstone","InkBottle","Mummified Hand","Prayer Wheel","Darkstone Periapt","HornCleat","Fusion Hammer","TheAbacus","Singing Bowl","Strawberry","Ancient Tea Set","Anchor"],"acts_visited":["Exordium","TheCity","TheBeyond"],"potions_floor_usage":[14,16,21,22,23,25,33,35],"damage_taken":[{"damage":0,"enemies":"Cultist","floor":1,"turns":2},{"damage":21,"enemies":"Small Slimes","floor":4,"turns":3},{"damage":7,"enemies":"Jaw Worm","floor":5,"turns":3},{"damage":0,"enemies":"Lagavulin","floor":6,"turns":3},{"damage":0,"enemies":"Exordium Wildlife","floor":7,"turns":3},{"damage":5,"enemies":"Looter","floor":10,"turns":2},{"damage":7,"enemies":"Gremlin Nob","floor":11,"turns":3},{"damage":1,"enemies":"3 Louse","floor":12,"turns":2},{"damage":0,"enemies":"2 Fungi Beasts","floor":13,"turns":2},{"damage":2,"enemies":"3 Sentries","floor":14,"turns":4},{"damage":0,"enemies":"Hexaghost","floor":16,"turns":6},{"damage":2,"enemies":"Shell Parasite","floor":18,"turns":3},{"damage":0,"enemies":"Spheric Guardian","floor":20,"turns":3},{"damage":32,"enemies":"Shelled Parasite and Fungi","floor":21,"turns":4},{"damage":12,"enemies":"Masked Bandits","floor":22,"turns":4},{"damage":13,"enemies":"Gremlin Leader","floor":23,"turns":4},{"damage":24,"enemies":"Chosen and Byrds","floor":25,"turns":6},{"damage":1,"enemies":"Colosseum Slavers","floor":28,"turns":3},{"damage":4,"enemies":"Colosseum Nobs","floor":28,"turns":5},{"damage":0,"enemies":"Automaton","floor":33,"turns":6},{"damage":2,"enemies":"3 Shapes","floor":35,"turns":7},{"damage":0,"enemies":"3 Darklings","floor":36,"turns":3},{"damage":15,"enemies":"Spire Growth","floor":37,"turns":3},{"damage":5,"enemies":"4 Shapes","floor":39,"turns":5},{"damage":6,"enemies":"2 Orb Walkers","floor":41,"turns":4},{"damage":0,"enemies":"Jaw Worm Horde","floor":45,"turns":3},{"damage":11,"enemies":"Nemesis","floor":46,"turns":4},{"damage":0,"enemies":"3 Darklings","floor":48,"turns":3},{"damage":14,"enemies":"Awakened One","floor":50,"turns":7}],"seed_played":"-3004729958488041565","potions_obtained":[{"floor":1,"key":"BottledMiracle"},{"floor":4,"key":"Swift Potion"},{"floor":12,"key":"AttackPotion"},{"floor":14,"key":"DistilledChaos"},{"floor":16,"key":"LiquidMemories"},{"floor":21,"key":"LiquidMemories"},{"floor":22,"key":"FairyPotion"},{"floor":28,"key":"Weak Potion"},{"floor":33,"key":"Fire Potion"},{"floor":36,"key":"SpeedPotion"},{"floor":37,"key":"StancePotion"}],"is_trial":false,"path_per_floor":["M","$","?","M","M","E","M","R","T","M","E","M","M","E","R","B",null,"M","$","M","M","?","E","R","M","T","?","?","?","T","?","R","B",null,"M","M","M","$","M","R","?","T","T","$","M","E","?","M","R","B",null],"character_chosen":"WATCHER","items_purchased":["BattleHymn","TheAbacus","Singing Bowl","Purity"],"campfire_rested":4,"item_purchase_floors":[2,38,38,38],"current_hp_per_floor":[65,65,62,41,34,34,34,34,34,29,22,21,21,29,29,29,69,67,67,67,35,23,10,34,10,10,10,5,5,5,5,29,29,69,67,67,52,52,51,76,72,79,79,79,83,74,74,76,103,89],"gold":401,"neow_bonus":"REMOVE_CARD","is_daily":false,"chose_seed":false,"campfire_upgraded":2,"win_rate":0.0,"timestamp":1611138110,"path_taken":["M","?","?","?","M","E","M","R","T","M","E","M","M","E","R","BOSS","M","$","M","M","?","E","R","M","T","?","?","?","?","?","R","BOSS","M","?","M","?","M","R","?","?","T","$","?","E","?","M","R","BOSS"],"items_purchased_type":["Card","Relic","Relic","Card"],"build_version":"2020-12-22","purchased_purges":3,"victory":true,"max_hp_per_floor":[72,72,72,72,72,72,72,72,72,72,72,72,72,82,82,82,82,82,82,82,82,82,82,82,82,82,82,82,82,82,82,82,82,82,82,82,82,82,86,86,88,95,95,95,99,101,101,103,103,103],"relic_stats":{"Darkstone Periapt":0,"TheAbacus":[12],"Singing Bowl":14,"counters":[29,110],"Shuriken":[44],"Mummified Hand":[53],"Prayer Wheel":6,"Whetstone":["Strike_P","WheelKick"],"obtain_stats":[{"Darkstone Periapt":28,"Pear":14,"Singing Bowl":38,"Dead Branch":41,"Damaru":9,"Whetstone":23,"Ancient Tea Set":43,"Anchor":46,"HornCleat":30,"TheAbacus":38,"Shuriken":3,"Mummified Hand":27,"Strawberry":42,"Prayer Wheel":28,"Fusion Hammer":34,"Bag of Marbles":6,"Red Mask":22,"Bottled Lightning":11,"PureWater":0,"InkBottle":26,"Runic Pyramid":17},{"Darkstone Periapt":19,"Pear":10,"Singing Bowl":23,"Dead Branch":25,"Damaru":5,"Whetstone":16,"Ancient Tea Set":25,"Anchor":27,"HornCleat":19,"TheAbacus":23,"Shuriken":1,"Mummified Hand":17,"Strawberry":25,"Prayer Wheel":19,"Fusion Hammer":20,"Bag of Marbles":4,"Red Mask":15,"Bottled Lightning":7,"PureWater":0,"InkBottle":17,"Runic Pyramid":11},{"Darkstone Periapt":65,"Pear":27,"Singing Bowl":84,"Dead Branch":93,"Damaru":14,"Whetstone":51,"Ancient Tea Set":93,"Anchor":100,"HornCleat":65,"TheAbacus":84,"Shuriken":2,"Mummified Hand":57,"Strawberry":93,"Prayer Wheel":65,"Fusion Hammer":71,"Bag of Marbles":11,"Red Mask":47,"Bottled Lightning":19,"PureWater":0,"InkBottle":57,"Runic Pyramid":33}],"InkBottle":[23]},"card_choices":[{"not_picked":["FollowUp","Crescendo"],"picked":"Tantrum","floor":1},{"not_picked":["EmptyFist","Crescendo"],"picked":"WheelKick","floor":4},{"not_picked":["LikeWater","EmptyFist"],"picked":"Protect","floor":5},{"not_picked":["BowlingBash","FlyingSleeves"],"picked":"Sanctity","floor":6},{"not_picked":["FlyingSleeves","DevaForm"],"picked":"EmptyFist","floor":7},{"not_picked":["FollowUp","WheelKick"],"picked":"SashWhip","floor":10},{"not_picked":["EmptyFist","Vengeance"],"picked":"FearNoEvil","floor":11},{"not_picked":["PathToVictory","SashWhip"],"picked":"MentalFortress","floor":12},{"not_picked":["Protect","Halt"],"picked":"Wallop","floor":13},{"not_picked":["PathToVictory","Indignation"],"picked":"Prostrate","floor":14},{"not_picked":["Ragnarok","Brilliance"],"picked":"LessonLearned","floor":16},{"not_picked":["PathToVictory+1","Evaluate"],"picked":"InnerPeace","floor":18},{"not_picked":["Collect+1","CrushJoints"],"picked":"Adaptation+1","floor":20},{"not_picked":["PathToVictory","CutThroughFate"],"picked":"MasterReality","floor":21},{"not_picked":["WindmillStrike","ConjureBlade"],"picked":"Tantrum","floor":23},{"not_picked":["SashWhip+1","EmptyFist"],"picked":"CrushJoints","floor":25},{"not_picked":["Ragnarok","Blasphemy"],"picked":"Vault","floor":33},{"not_picked":["FlyingSleeves","Swivel+1","Protect"],"picked":"SKIP","floor":35},{"not_picked":["EmptyBody+1","ThirdEye","ClearTheMind+1"],"picked":"SKIP","floor":35},{"not_picked":["Evaluate","Protect","SandsOfTime+1"],"picked":"SKIP","floor":36},{"not_picked":["Wallop+1","Consecrate+1","LikeWater+1"],"picked":"SKIP","floor":36},{"not_picked":["SashWhip","DevaForm","CutThroughFate+1"],"picked":"SKIP","floor":37},{"not_picked":["EmptyFist","Halt","Protect+1"],"picked":"SKIP","floor":37},{"not_picked":["CrushJoints","FlurryOfBlows","SashWhip"],"picked":"Singing Bowl","floor":39},{"not_picked":["Halt+1","Indignation","Protect+1"],"picked":"Singing Bowl","floor":39},{"not_picked":["Indignation","CarveReality+1","Halt+1"],"picked":"Singing Bowl","floor":41},{"not_picked":["Wireheading+1","CrushJoints+1","FollowUp+1"],"picked":"Singing Bowl","floor":45},{"not_picked":["Brilliance","Consecrate","FlyingSleeves+1"],"picked":"Singing Bowl","floor":45},{"not_picked":["ClearTheMind+1","ThirdEye+1","Crescendo+1"],"picked":"Singing Bowl","floor":46},{"not_picked":["CrushJoints+1","Vengeance"],"picked":"Adaptation+1","floor":48},{"not_picked":["Vengeance","LikeWater","Alpha"],"picked":"Singing Bowl","floor":48}],"player_experience":349452,"relics_obtained":[{"floor":6,"key":"Bag of Marbles"},{"floor":9,"key":"Damaru"},{"floor":11,"key":"Bottled Lightning"},{"floor":14,"key":"Pear"},{"floor":22,"key":"Red Mask"},{"floor":23,"key":"Whetstone"},{"floor":26,"key":"InkBottle"},{"floor":28,"key":"Prayer Wheel"},{"floor":28,"key":"Darkstone Periapt"},{"floor":30,"key":"HornCleat"},{"floor":41,"key":"Dead Branch"},{"floor":42,"key":"Strawberry"},{"floor":43,"key":"Ancient Tea Set"},{"floor":46,"key":"Anchor"}],"event_choices":[{"damage_healed":0,"gold_gain":0,"player_choice":"Success","damage_taken":3,"relics_obtained":["Shuriken"],"max_hp_gain":0,"max_hp_loss":0,"event_name":"Scrap Ooze","floor":3,"gold_loss":0},{"damage_healed":0,"gold_gain":0,"player_choice":"Fought Bandits","damage_taken":0,"max_hp_gain":0,"max_hp_loss":0,"event_name":"Masked Bandits","floor":22,"gold_loss":0},{"damage_healed":0,"gold_gain":0,"player_choice":"Opened","damage_taken":0,"relics_obtained":["Mummified Hand"],"max_hp_gain":0,"max_hp_loss":0,"event_name":"The Mausoleum","floor":27,"gold_loss":0,"cards_obtained":["Writhe"]},{"damage_healed":0,"gold_gain":0,"player_choice":"Fight","damage_taken":0,"max_hp_gain":0,"max_hp_loss":0,"event_name":"Colosseum","floor":28,"gold_loss":0},{"damage_healed":0,"gold_gain":0,"player_choice":"Fought Nobs","damage_taken":0,"max_hp_gain":0,"max_hp_loss":0,"event_name":"Colosseum","floor":28,"gold_loss":0},{"cards_removed":["Strike_P"],"damage_healed":0,"gold_gain":0,"player_choice":"Elegance","damage_taken":0,"max_hp_gain":0,"max_hp_loss":0,"event_name":"Back to Basics","floor":29,"gold_loss":0},{"damage_healed":0,"gold_gain":0,"player_choice":"Upgraded","damage_taken":0,"max_hp_gain":0,"max_hp_loss":0,"event_name":"Upgrade Shrine","floor":31,"gold_loss":0,"cards_upgraded":["CrushJoints"]},{"damage_healed":0,"gold_gain":0,"player_choice":"Fight","damage_taken":0,"max_hp_gain":0,"max_hp_loss":0,"event_name":"Mysterious Sphere","floor":41,"gold_loss":0},{"damage_healed":0,"gold_gain":222,"player_choice":"Wore Mask","damage_taken":0,"max_hp_gain":0,"max_hp_loss":0,"event_name":"Tomb of Lord Red Mask","floor":47,"gold_loss":0}],"is_beta":false,"boss_relics":[{"not_picked":["Busted Crown","Velvet Choker"],"picked":"Runic Pyramid"},{"not_picked":["Coffee Dripper","Philosopher\u0027s Stone"],"picked":"Fusion Hammer"}],"items_purged_floors":[2,19,38],"is_endless":false,"potions_floor_spawned":[1,4,12,14,16,20,21,22,28,33,36,37,46],"ascension_level":6}}