{"host":"TheShotgunBoss","time":1611179346,"event":{"mods":["AchievementEnabler","Always Whale","Aspiration","BaseMod","Beaked The Cultist","Colored Map","Colored Powertips","Colorless Booster Pack","Conspire","Downfall","Energized Spire","FetchMod","GifTheSpireLib","Halation","Hubris","Infinite Spire","Jedi Mod","Minty Spire (QoL Compilation)","Quick Restart","RNG!","Relic Sorter","SacredBarkPlus","Shop Mod","Spikes Relics","StSLib","Stuff the Spire","The Blue Laboratory","The Construct","Uncapped","Unceasing Turn Reminder","everything is the same but u backflip on backflip","vexMod","??????REMEMod"],"gold_per_floor":[99,116,132,132,132,43,68,97,110,120,135,35,52,81,100,203,203,203,216,216,216,316,316,316,316],"floor_reached":23,"language":"ENG","playtime":1278,"items_purged":[],"score":215,"play_id":"b1bdbc0f-d825-4640-9f02-898a5e6d637c","local_time":"20210120164906","is_ascension_mode":false,"campfire_choices":[{"data":"Slimebound:Split","floor":1,"key":"SMITH"},{"data":"beaked:Sacrifice","floor":12,"key":"SMITH"},{"data":"Slimebound:SpikyOuterGoop","floor":18,"key":"SMITH"}],"circlet_count":0,"master_deck":["Slimebound:Strike_Slimebound+1","Slimebound:Strike_Slimebound","Slimebound:Strike_Slimebound","Slimebound:Tackle+1","Slimebound:Defend_Slimebound","Slimebound:Defend_Slimebound","Slimebound:Defend_Slimebound","Slimebound:Defend_Slimebound","Slimebound:Split+1","Slimebound:CorrosiveSpit","beaked:Sacrifice+1","Slimebound:GoopSpray","Slimebound:LeechEnergy","Slimebound:OozeBath","Slimebound:SpikyOuterGoop","Slimebound:LeechingTouch","Slimebound:AcidTongue","Slimebound:SpikyOuterGoop+1","Slimebound:ItLooksTasty","Slimebound:GrowthPunch"],"relics":["Slimebound:AbsorbEndCombat","REME_ComplimentaryCards","downfall:ShatteredFragment","hubris:Towel","Whetstone","Lantern","downfall:HeartBlessingGreen","hubris:BottledRain","StuffTheSpire:RunicHypercube"],"acts_visited":["Exordium","TheCity"],"potions_floor_usage":[],"damage_taken":[{"damage":5,"enemies":"infinitespire:Voidling","floor":2,"turns":5},{"damage":0,"enemies":"2 Louse","floor":3,"turns":3},{"damage":0,"enemies":"downfall:FleeingMerchant","floor":6,"turns":4},{"damage":11,"enemies":"3 Sentries","floor":8,"turns":9},{"damage":0,"enemies":"Small Slimes","floor":9,"turns":2},{"damage":0,"enemies":"conspire:2 RoseBushes","floor":10,"turns":4},{"damage":0,"enemies":"Blue Slaver","floor":11,"turns":3},{"damage":1,"enemies":"3 Louse","floor":13,"turns":3},{"damage":31,"enemies":"Gremlin Nob","floor":14,"turns":4},{"damage":5,"enemies":"Large Slime","floor":15,"turns":3},{"damage":62,"enemies":"IC_STATUS_ARCHETYPE","floor":16,"turns":9},{"damage":90,"enemies":"conspire:FuzzyDice","floor":19,"turns":14},{"damage":23,"enemies":"Spheric Guardian","floor":23,"turns":5}],"seed_played":"620861728309997142","potions_obtained":[{"floor":2,"key":"Regen Potion"},{"floor":11,"key":"blueLaboratory:PyrophylliteBrew"},{"floor":13,"key":"LiquidBronze"}],"is_trial":false,"path_per_floor":["R","M","M","?","?","$","T","E","M","M","M","R","M","E","M","B",null,"R","M","?","?","?","M"],"character_chosen":"SLIMEBOUND","items_purchased":["Slimebound:SpikyOuterGoop"],"campfire_rested":0,"item_purchase_floors":[6],"current_hp_per_floor":[71,66,73,55,55,59,59,59,64,75,84,84,89,63,63,12,98,98,8,17,17,17,0,0,0],"gold":316,"neow_bonus":"TEN_PERCENT_HP_BONUS","is_daily":false,"chose_seed":false,"campfire_upgraded":3,"win_rate":0.0,"timestamp":1611179346,"path_taken":["R","M","?","?","?","$","T","E","M","?","M","R","M","E","M","BOSS","R","M","?","?","?","M"],"items_purchased_type":["Card"],"build_version":"2020-12-18","purchased_purges":0,"victory":false,"max_hp_per_floor":[71,71,74,74,74,74,74,77,80,83,86,86,89,92,95,98,98,98,98,98,98,98,98,98,98],"card_choices":[{"not_picked":["Slimebound:Replication","Slimebound:FinishingTackle"],"picked":"Slimebound:GoopSpray","floor":2},{"not_picked":["Slimebound:Equalize","Slimebound:SplitBruiser"],"picked":"Slimebound:LeechEnergy","floor":3},{"not_picked":["Slimebound:SlimeSpikes","Slimebound:GoopTackle"],"picked":"Slimebound:OozeBath","floor":6},{"not_picked":["Slimebound:Chomp","Slimebound:RollThrough","Slimebound:DivideAndConquer"],"picked":"SKIP","floor":8},{"not_picked":["Slimebound:DuplicatedForm","Slimebound:SplitMire","Slimebound:ViciousTackle"],"picked":"SKIP","floor":9},{"not_picked":["Slimebound:DivideAndConquer","Slimebound:SplitMire"],"picked":"Slimebound:LeechingTouch","floor":10},{"not_picked":["Slimebound:Replication","Slimebound:Schlurp","Slimebound:GoopTackle"],"picked":"SKIP","floor":11},{"not_picked":["Slimebound:SlimeSpikes","Slimebound:LeadByExample"],"picked":"Slimebound:AcidTongue","floor":13},{"not_picked":["Slimebound:ItLooksTasty","Slimebound:GoopTackle"],"picked":"Slimebound:SpikyOuterGoop","floor":14},{"not_picked":["Slimebound:SplitLeeching","Slimebound:GoopTackle"],"picked":"Slimebound:ItLooksTasty","floor":15},{"not_picked":["Slimebound:Gluttony","Slimebound:DisruptingSlam+1"],"picked":"Slimebound:GrowthPunch","floor":19}],"player_experience":258976,"relics_obtained":[{"floor":7,"key":"Whetstone"},{"floor":8,"key":"Lantern"},{"floor":14,"key":"hubris:BottledRain"}],"event_choices":[{"damage_healed":0,"gold_gain":0,"player_choice":"Ignored","damage_taken":0,"max_hp_gain":0,"max_hp_loss":0,"event_name":"Vampires","floor":21,"gold_loss":0}],"is_beta":true,"boss_relics":[{"not_picked":["halation:PlatinumPhoenix","energizedSpire:EnergizedDie"],"picked":"StuffTheSpire:RunicHypercube"}],"items_purged_floors":[],"is_endless":false,"potions_floor_spawned":[2,11,13,14],"killed_by":"Spheric Guardian","ascension_level":0}}