{"host":"d6c1my71jrq4jqot","time":1611178928,"event":{"mods":["AchievementEnabler","BaseMod","Colored Powertips","Minty Spire (QoL Compilation)","Relic Stats","Slay the Relics Exporter"],"gold_per_floor":[113,131,206,356,356,356,9,9,9,19,19,31,43,43,43],"floor_reached":14,"language":"ENG","playtime":343,"items_purged":["Doubt"],"score":148,"play_id":"da5ec163-4870-47b0-9d4d-311b3a16c007","local_time":"20210120194208","is_ascension_mode":true,"campfire_choices":[{"data":"Blade Dance","floor":6,"key":"SMITH"},{"data":"Leg Sweep","floor":8,"key":"SMITH"},{"data":"Neutralize","floor":11,"key":"SMITH"}],"circlet_count":0,"master_deck":["AscendersBane","Strike_G","Strike_G","Strike_G","Strike_G","Strike_G","Defend_G","Defend_G","Defend_G","Defend_G","Defend_G","Survivor","Neutralize","Blade Dance+1","Leg Sweep+1","Neutralize+1","Deadly Poison+1","Acrobatics+1","Deflect+1"],"relics":["Ring of the Snake","NeowsBlessing","Toxic Egg 2","TungstenRod"],"acts_visited":["Exordium"],"potions_floor_usage":[14],"damage_taken":[{"damage":0,"enemies":"Cultist","floor":1,"turns":1},{"damage":0,"enemies":"Small Slimes","floor":2,"turns":1},{"damage":0,"enemies":"2 Louse","floor":10,"turns":1},{"damage":38,"enemies":"Gremlin Gang","floor":12,"turns":5},{"damage":4,"enemies":"3 Louse","floor":13,"turns":5},{"damage":7,"enemies":"Gremlin Nob","floor":14,"turns":4}],"seed_played":"6241969675361259550","potions_obtained":[{"floor":10,"key":"GamblersBrew"},{"floor":12,"key":"Dexterity Potion"}],"is_trial":false,"path_per_floor":["M","M","?","?","?","R","$","R","T","M","R","M","M","E"],"character_chosen":"THE_SILENT","items_purchased":["Toxic Egg 2"],"campfire_rested":0,"item_purchase_floors":[7],"current_hp_per_floor":[59,59,48,48,48,48,48,48,48,48,48,10,6,0,0],"gold":43,"neow_bonus":"THREE_ENEMY_KILL","is_daily":false,"chose_seed":false,"campfire_upgraded":3,"win_rate":0.0,"timestamp":1611178928,"path_taken":["M","?","?","?","?","R","$","R","T","M","R","?","M","E"],"items_purchased_type":["Relic"],"build_version":"2020-12-22","purchased_purges":1,"victory":false,"max_hp_per_floor":[66,66,66,66,66,66,66,66,66,66,66,66,66,66,66],"relic_stats":{"counters":[6,17],"obtain_stats":[{"NeowsBlessing":0,"Toxic Egg 2":7,"TungstenRod":9,"Ring of the Snake":0},{"NeowsBlessing":0,"Toxic Egg 2":2,"TungstenRod":2,"Ring of the Snake":0},{"NeowsBlessing":0,"Toxic Egg 2":2,"TungstenRod":2,"Ring of the Snake":0}],"TungstenRod":7,"Ring of the Snake":[12]},"card_choices":[{"not_picked":["Underhanded Strike","Deadly Poison"],"picked":"Blade Dance","floor":1},{"not_picked":["Dagger Throw","PiercingWail"],"picked":"Leg Sweep","floor":2},{"not_picked":["Poisoned Stab","Accuracy"],"picked":"Deadly Poison+1","floor":10},{"not_picked":["Underhanded Strike","Slice"],"picked":"Acrobatics+1","floor":12},{"not_picked":["Poisoned Stab","Well Laid Plans"],"picked":"Deflect+1","floor":13}],"player_experience":641018,"relics_obtained":[{"floor":9,"key":"TungstenRod"}],"event_choices":[{"damage_healed":0,"gold_gain":75,"player_choice":"Gather Gold","damage_taken":11,"max_hp_gain":0,"max_hp_loss":0,"event_name":"World of Goop","floor":3,"gold_loss":0},{"damage_healed":0,"gold_gain":150,"player_choice":"AGREE","damage_taken":0,"max_hp_gain":0,"max_hp_loss":0,"event_name":"Liars Game","floor":4,"gold_loss":0,"cards_obtained":["Doubt"]},{"damage_healed":0,"gold_gain":0,"player_choice":"1 cards matched","damage_taken":0,"max_hp_gain":0,"max_hp_loss":0,"event_name":"Match and Keep!","floor":5,"gold_loss":0,"cards_obtained":["Neutralize"]}],"is_beta":false,"boss_relics":[],"items_purged_floors":[7],"is_endless":false,"potions_floor_spawned":[10,12],"killed_by":"Gremlin Nob","ascension_level":17}}