{"host":"9kesdg97wkrx2bva","time":1611101150,"event":{"mods":["AchievementEnabler","BaseMod","Colored Map","GifTheSpireLib","Infinite Spire","Minty Spire (QoL Compilation)","Replay The Spire","StSLib"],"gold_per_floor":[214,214,32,43,63,98,98,98,98,98,108,124,124,143,143,143,143],"floor_reached":16,"language":"ENG","playtime":535,"items_purged":["Strike_B"],"score":189,"play_id":"38966765-872f-4f3c-96f9-7b781e4fe90f","local_time":"20210119180550","is_ascension_mode":true,"campfire_choices":[{"data":"Zap","floor":8,"key":"SMITH"},{"data":"Dualcast","floor":10,"key":"SMITH"},{"data":"Reprogram","floor":13,"key":"SMITH"},{"floor":15,"key":"REST"}],"circlet_count":0,"master_deck":["AscendersBane","Strike_B","Strike_B","Strike_B","Defend_B","Defend_B","Defend_B","Defend_B","Zap+1","Dualcast+1","Barrage","infinitespire:Starlight","Gash","Ball Lightning","Crystallizer","Scrape","Self Repair","Streamline","Reprogram+1","Gash"],"relics":["Cracked Core","Replay:Wax Seal","Blood Vial","Symbiotic Virus"],"acts_visited":["Exordium"],"potions_floor_usage":[14],"damage_taken":[{"damage":4,"enemies":"Jaw Worm","floor":1,"turns":3},{"damage":2,"enemies":"2 Louse","floor":4,"turns":2},{"damage":1,"enemies":"Cultist","floor":5,"turns":3},{"damage":42,"enemies":"Replay:BlueRogue","floor":6,"turns":4},{"damage":12,"enemies":"2 Fungi Beasts","floor":11,"turns":3},{"damage":24,"enemies":"Large Slime","floor":12,"turns":4},{"damage":24,"enemies":"Exordium Thugs","floor":14,"turns":3},{"damage":45,"enemies":"Slime Boss","floor":16,"turns":8}],"seed_played":"970498998968023392","potions_obtained":[{"floor":4,"key":"Reflective Coating"},{"floor":6,"key":"SmokeBomb"},{"floor":12,"key":"DistilledChaos"}],"is_trial":false,"path_per_floor":["M","?","$","M","M","E","?","R","T","R","M","M","R","M","R","B"],"character_chosen":"DEFECT","items_purchased":["Gash","Ball Lightning"],"campfire_rested":1,"item_purchase_floors":[3,3],"current_hp_per_floor":[60,42,42,50,59,27,27,27,27,27,27,22,22,10,31,0,0],"gold":143,"neow_bonus":"HUNDRED_GOLD","is_daily":false,"chose_seed":false,"campfire_upgraded":3,"win_rate":0.0,"timestamp":1611101150,"path_taken":["M","?","$","M","M","E","?","R","T","R","M","M","R","M","R","BOSS"],"items_purchased_type":["Card","Card"],"build_version":"2020-12-22","purchased_purges":1,"victory":false,"max_hp_per_floor":[71,71,71,71,71,71,71,71,71,71,71,71,71,71,71,71,71],"card_choices":[{"not_picked":["Leap","Skim"],"picked":"Barrage","floor":1},{"not_picked":["ReplayTheSpireMod:Echoes of Time","infinitespire:Punishment"],"picked":"infinitespire:Starlight","floor":2},{"not_picked":["Steam","Coolheaded"],"picked":"Crystallizer","floor":4},{"not_picked":["Redo","Steam"],"picked":"Scrape","floor":5},{"not_picked":["Panic Button","Redo"],"picked":"Self Repair","floor":6},{"not_picked":["Reprogram","Cold Snap"],"picked":"Streamline","floor":11},{"not_picked":["Skim","Turbo"],"picked":"Reprogram","floor":12},{"not_picked":["Steam","ReplayTheSpireMod:Repulse"],"picked":"Gash","floor":14}],"player_experience":942386,"relics_obtained":[{"floor":6,"key":"Replay:Wax Seal"},{"floor":9,"key":"Symbiotic Virus"}],"event_choices":[{"damage_healed":0,"gold_gain":0,"player_choice":"Gave Potion","damage_taken":0,"relics_obtained":["Blood Vial"],"max_hp_gain":0,"max_hp_loss":0,"event_name":"WeMeetAgain","floor":7,"gold_loss":0}],"is_beta":false,"boss_relics":[],"items_purged_floors":[3],"is_endless":false,"potions_floor_spawned":[4,6,12],"killed_by":"Slime Boss","ascension_level":17}}