{"host":"bf9sa99gaumonoeu","time":1611157425,"event":{"mods":["AchievementEnabler","Act Like it!","Aspiration","BaseMod","Bestiary","Better Note","Block Reminder","Colored Map","Colored Powertips","Fox Events","Friendly Minions","Gensokyo","GifTheSpireLib","Googly Eyes","Hallownest","Hermit","Highlight Path","Jorbs\u0027s Wanderer Trilogy","KinomotoSakuraMod(????)","Koishi","Marisa????????","Minty Spire (QoL Compilation)","Rare Cards Sparkle","Reimu??????","Relic Stats","Spire Arcade","StS++","StSLib","The Administrix","The Animator","The Bug Knight","The Construct","The Cursed","The Hierophant","The Mystic","The Necromancer","The Poker Player","The Runesmith","The Senshi","The Servant 0.9.4","ojb\u0027s Info Mod"],"gold_per_floor":[112,122,134,152,170,199,199,55,108,121,134,134,134,134,134,206,206,217,231,124,141,214,214,214,228,255,255,280,280,480,498,498,498,498],"floor_reached":33,"language":"ENG","playtime":2272,"items_purged":[],"score":538,"play_id":"df96a42b-7772-49e7-ab07-b31ae4b27124","local_time":"20210120134345","is_ascension_mode":true,"campfire_choices":[{"data":"StSpp:Dive","floor":7.0,"key":"SMITH"},{"floor":13.0,"key":"REST"},{"data":"Terror","floor":15.0,"key":"SMITH"},{"data":"StSpp:AbandonFlesh","floor":23.0,"key":"SMITH"},{"data":"Distraction","floor":27.0,"key":"SMITH"},{"floor":29.0,"key":"REST"},{"floor":32.0,"key":"REST"}],"circlet_count":0,"master_deck":["AscendersBane","Strike_G","Strike_G","Strike_G","Strike_G","Defend_G","Defend_G","Defend_G","Defend_G","Defend_G","Survivor","Neutralize","Blade Dance","Finisher","Blade Dance","Distraction+1","All Out Attack+1","StSpp:Dive+1","Accuracy","Terror+1","Backflip","StSpp:AbandonFlesh+1","Cloak And Dagger+1","Backflip","Infinite Blades","Finisher","StSpp:FiercePoison"],"relics":["Ring of the Snake","Bag of Preparation","Bronze Scales","construct:ClawGrip","Nunchaku","StSpp:WoodenPendulum","theSenshi:SailorFukuRelic","aspiration:Lifesprig"],"acts_visited":["Exordium","TheCity"],"potions_floor_usage":[],"damage_taken":[{"damage":3.0,"enemies":"Cultist","floor":1.0,"turns":5.0},{"damage":1.0,"enemies":"Jaw Worm","floor":2.0,"turns":4.0},{"damage":1.0,"enemies":"2 Louse","floor":3.0,"turns":2.0},{"damage":13.0,"enemies":"Gremlin Gang","floor":4.0,"turns":4.0},{"damage":5.0,"enemies":"3 Louse","floor":5.0,"turns":4.0},{"damage":10.0,"enemies":"Lagavulin","floor":6.0,"turns":5.0},{"damage":0.0,"enemies":"Looter","floor":10.0,"turns":2.0},{"damage":4.0,"enemies":"Lots of Slimes","floor":11.0,"turns":2.0},{"damage":2.0,"enemies":"Slime Boss","floor":16.0,"turns":7.0},{"damage":1.0,"enemies":"Spheric Guardian","floor":18.0,"turns":3.0},{"damage":15.0,"enemies":"Shell Parasite","floor":19.0,"turns":2.0},{"damage":17.0,"enemies":"Shelled Parasite and Fungi","floor":21.0,"turns":3.0},{"damage":2.0,"enemies":"Centurion and Healer","floor":25.0,"turns":5.0},{"damage":21.0,"enemies":"Slavers","floor":28.0,"turns":5.0},{"damage":13.0,"enemies":"Snecko","floor":31.0,"turns":4.0},{"damage":34,"enemies":"Champ","floor":33,"turns":7}],"seed_played":"5677626819390181342","potions_obtained":[{"floor":0.0,"key":"GhostInAJar"},{"floor":0.0,"key":"MagicPotion:ReiMu"},{"floor":5.0,"key":"PowerPotion"},{"floor":6.0,"key":"Ancient Potion"},{"floor":19.0,"key":"Strength Potion"},{"floor":21.0,"key":"Energy Potion"}],"is_trial":false,"path_per_floor":["M","M","M","M","M","E","R","$","T","M","M","?","R","?","R","B",null,"M","M","?","M","T","R","?","M","T","R","E","R","?","M","R","B"],"character_chosen":"THE_SILENT","items_purchased":["Fire Potion","Accuracy"],"campfire_rested":3,"item_purchase_floors":[8,8],"current_hp_per_floor":[56,55,54,41,36,26,26,26,26,26,22,15,34,34,34,32,58,57,42,42,25,25,25,25,23,23,23,2,21,21,8,27,0,0],"gold":498,"neow_bonus":"THREE_SMALL_POTIONS","is_daily":false,"chose_seed":false,"campfire_upgraded":4,"win_rate":0.0,"timestamp":1611157425,"path_taken":["M","M","M","M","?","E","R","$","T","M","M","?","R","?","R","BOSS","M","?","?","?","?","R","?","M","T","R","E","R","?","M","R","BOSS"],"items_purchased_type":["Potion","Card"],"build_version":"2020-12-22","purchased_purges":0,"victory":false,"max_hp_per_floor":[66,66,66,66,66,66,66,66,66,66,66,66,66,66,66,66,66,66,66,66,66,66,66,66,66,66,66,66,66,66,66,66,66,66],"relic_stats":{"Nunchaku":[9],"counters":[16,64],"Bronze Scales":[70],"Bag of Preparation":[20],"obtain_stats":[{"construct:ClawGrip":17,"Nunchaku":20,"aspiration:Lifesprig":28,"Bronze Scales":9,"StSpp:WoodenPendulum":22,"Bag of Preparation":6,"theSenshi:SailorFukuRelic":26,"Ring of the Snake":0},{"construct:ClawGrip":9,"Nunchaku":11,"aspiration:Lifesprig":14,"Bronze Scales":6,"StSpp:WoodenPendulum":12,"Bag of Preparation":6,"theSenshi:SailorFukuRelic":13,"Ring of the Snake":0},{"construct:ClawGrip":35,"Nunchaku":40,"aspiration:Lifesprig":53,"Bronze Scales":24,"StSpp:WoodenPendulum":43,"Bag of Preparation":24,"theSenshi:SailorFukuRelic":48,"Ring of the Snake":0}],"Ring of the Snake":[32]},"card_choices":[{"not_picked":["Eviscerate","StSpp:Dive"],"picked":"Blade Dance","floor":1.0},{"not_picked":["Slice","Poisoned Stab"],"picked":"Finisher","floor":2.0},{"not_picked":["Deadly Poison","Acrobatics"],"picked":"Blade Dance","floor":3.0},{"not_picked":["Tactician","Setup"],"picked":"Distraction","floor":4.0},{"not_picked":["StSpp:PoisonousPunch","Cloak And Dagger"],"picked":"All Out Attack","floor":5.0},{"not_picked":["Sucker Punch","Envenom"],"picked":"StSpp:Dive","floor":6.0},{"not_picked":["StSpp:FiercePoison","Predator"],"picked":"Terror","floor":10.0},{"not_picked":["Acrobatics","Riddle With Holes"],"picked":"Backflip","floor":11.0},{"not_picked":["Glass Knife","Unload"],"picked":"StSpp:AbandonFlesh","floor":16.0},{"not_picked":["Prepared","Dash"],"picked":"Cloak And Dagger+1","floor":18.0},{"not_picked":["StSpp:StrikeFirst","Dagger Throw"],"picked":"Backflip","floor":19.0},{"not_picked":["Outmaneuver","Acrobatics+1"],"picked":"Infinite Blades","floor":21.0},{"not_picked":["Prepared","Dagger Spray","Phantasmal Killer","Bullet Time"],"picked":"Finisher","floor":25.0},{"not_picked":["Terror","Doppelganger","Noxious Fumes","Concentrate","Poisoned Stab"],"picked":"SKIP","floor":28.0},{"not_picked":["StSpp:Anticipation","StSpp:NonchalentStrike","Bouncing Flask","Slice"],"picked":"StSpp:FiercePoison","floor":31.0}],"player_experience":1031212,"relics_obtained":[{"floor":6.0,"key":"Bag of Preparation"},{"floor":9.0,"key":"Bronze Scales"},{"floor":22.0,"key":"StSpp:WoodenPendulum"},{"floor":26.0,"key":"theSenshi:SailorFukuRelic"},{"floor":28.0,"key":"aspiration:Lifesprig"}],"event_choices":[{"cards_removed":["Strike_G"],"damage_healed":0.0,"max_hp_gain":0.0,"max_hp_loss":0.0,"gold_gain":0.0,"event_name":"Golden Wing","player_choice":"Card Removal","floor":12.0,"gold_loss":0.0,"damage_taken":7.0},{"damage_healed":0.0,"max_hp_gain":0.0,"max_hp_loss":0.0,"gold_gain":0.0,"event_name":"Match and Keep!","player_choice":"0 cards matched","floor":14.0,"gold_loss":0.0,"damage_taken":0.0,"cards_obtained":[]},{"damage_healed":0.0,"max_hp_gain":0.0,"max_hp_loss":0.0,"gold_gain":0.0,"event_name":"WeMeetAgain","player_choice":"Paid Gold","floor":20.0,"gold_loss":107.0,"damage_taken":0.0,"relics_obtained":["Nunchaku"]},{"damage_healed":0.0,"max_hp_gain":0.0,"max_hp_loss":0.0,"gold_gain":0.0,"event_name":"Accursed Blacksmith","player_choice":"Forge","floor":24.0,"gold_loss":0.0,"damage_taken":0.0,"cards_upgraded":["All Out Attack"]},{"damage_healed":0.0,"max_hp_gain":0.0,"max_hp_loss":0.0,"gold_gain":200.0,"event_name":"Wheel of Change","player_choice":"Gold","floor":30.0,"gold_loss":0.0,"damage_taken":0.0}],"is_beta":false,"boss_relics":[{"not_picked":["Runic Dome","Sozu"],"picked":"construct:ClawGrip"}],"items_purged_floors":[],"is_endless":false,"potions_floor_spawned":[4,5,6,10,19,21],"killed_by":"Champ","ascension_level":20}}