{"host":"ymw71f7rc9ndansy","time":1611124682,"event":{"mods":["ATMod(阿瑾Mod)","Act Like it!","Aspiration","BaseMod","DeckTracker","Hubris","Library of Ruina","Library of Ruina Extra","Minty Spire (QoL Compilation)","MostiFishMod","Remove Card Discount Mod","Replay The Spire","RumiaBox-露米娅的神秘盒子","StSLib","TestMod","【功能Mod】精心准备","【遗物卡牌】REMEMod"],"gold_per_floor":[110,110,99,117,75,105,125,142,193,225,245,245,278,278,278,403,403,423,438,458,449,399,424,438,467,493,493,521,541,258,273,273,400,400,400],"floor_reached":34,"language":"ZHS","playtime":690,"items_purged":["LightAttack","FocusedStrikes","LightDefense","Dodge","LightDefense","ChargeAndCover","LightAttack","LightAttack","hubris:Compulsion","LightDefense","AT_MachinaRedman+1","AT_EssenceShift","LightDefense","RepressedFlesh+1","MindCrush"],"score":1389,"play_id":"5cc144d7-f8f7-4ff2-824e-3014f45fe9e4","local_time":"20210120143802","is_ascension_mode":true,"campfire_choices":[{"data":"CleanUp","floor":12,"key":"SMITH"},{"data":"UnforgettableMelody","floor":15,"key":"SMITH"},{"data":"Concentration","floor":27,"key":"SMITH"},{"data":"Reload","floor":32,"key":"SMITH"}],"circlet_count":0,"master_deck":["AscendersBane","QuickSuppression+1","FrontalAssault","GrazeTheGrass","Concentration+1","CleanUp+1","UnforgettableMelody+1","EnergyBeam","SavageMode+1","Reload+1","testmod-TaurusBlackCat+1","DevastatingThrash","Commandeering"],"relics":["PageOfLibrarian","testmod-TestBox","REME_ComplimentaryCards","AT_ATBox","FeatherPendant","testmod-AscensionHeart","NeowsBlessing","SynthV:TestCard","Singing Bowl","Oddly Smooth Stone","Replay:Mystery Machine","DaveBox","Membership Card","Black Star","Akabeko","REME_HourglassOfDeath","ReplayTheSpireMod:CursedCoin","LastBattle","ReplayFunnel","Gremlin Food","hubris:SlimyHat","Strawberry","Onion Ring","SynthV:C4","AT_Kusabimaru","Whetstone","GreenFoldingFan"],"acts_visited":["Exordium","TheCity","TheBeyond"],"potions_floor_usage":[],"damage_taken":[{"damage":5,"enemies":"2 Louse","floor":1,"turns":2},{"damage":0,"enemies":"Cultist","floor":4,"turns":1},{"damage":0,"enemies":"3 Sentries","floor":6,"turns":2},{"damage":0,"enemies":"Jaw Worm","floor":7,"turns":1},{"damage":0,"enemies":"Large Slime","floor":8,"turns":1},{"damage":0,"enemies":"Lagavulin","floor":10,"turns":3},{"damage":0,"enemies":"Red Slaver","floor":11,"turns":1},{"damage":0,"enemies":"Gremlin Nob","floor":13,"turns":2},{"damage":0,"enemies":"Slime Boss","floor":16,"turns":1},{"damage":0,"enemies":"Shell Parasite","floor":18,"turns":1},{"damage":0,"enemies":"2 Thieves","floor":19,"turns":1},{"damage":0,"enemies":"Snake Plant","floor":20,"turns":1},{"damage":0,"enemies":"Slavers","floor":23,"turns":1},{"damage":0,"enemies":"Snecko","floor":24,"turns":2},{"damage":0,"enemies":"Replay:Snechameleon","floor":25,"turns":2},{"damage":0,"enemies":"Gremlin Leader","floor":28,"turns":2},{"damage":0,"enemies":"Shelled Parasite and Fungi","floor":29,"turns":2},{"damage":0,"enemies":"Snake Plant","floor":31,"turns":1},{"damage":31,"enemies":"RedHoodMercenary","floor":33,"turns":5}],"seed_played":"-6447083558793893548","potions_obtained":[{"floor":6,"key":"Block Potion"},{"floor":7,"key":"DistilledChaos"}],"is_trial":false,"path_per_floor":["M","?","$","M","$","E","M","M","T","E","M","R","E","?","R","B",null,"M","M","M","$","?","E","M","E","T","R","E","M","$","M","R","B",null],"character_chosen":"Librarian","items_purchased":["FrontalAssault","Concentration","Akabeko","REME_HourglassOfDeath","ReplayTheSpireMod:CursedCoin","AT_Kusabimaru","Whetstone","testmod-TaurusBlackCat"],"campfire_rested":0,"item_purchase_floors":[3,5,21,21,21,30,30,30],"current_hp_per_floor":[50,50,50,51,51,53,56,59,59,61,64,64,66,66,66,74,94,97,98,99,99,99,103,106,108,115,115,118,118,118,118,118,92,115,115],"gold":400,"neow_bonus":"THREE_ENEMY_KILL","is_daily":false,"chose_seed":false,"campfire_upgraded":4,"win_rate":0.0,"timestamp":1611124682,"path_taken":["M","?","$","?","$","E","M","?","T","E","M","R","E","?","R","BOSS","M","M","M","$","?","E","M","E","T","R","E","?","$","M","R","BOSS"],"items_purchased_type":["Card","Card","Relic","Relic","Relic","Relic","Relic","Card"],"build_version":"2020-12-22","purchased_purges":15,"victory":false,"max_hp_per_floor":[77,77,77,77,77,78,80,82,82,83,85,85,93,93,93,100,100,102,102,102,102,102,105,107,108,115,115,118,118,118,118,118,123,123,123],"card_choices":[{"not_picked":["Wallop_lor","FierceCharge","UpbeatPerformance","DefenseOrder","SmokingPipe","WildCard","RatsGuideToSurvival","HandleRequest"],"picked":"QuickSuppression","floor":1},{"not_picked":["SharpSwipe","EnergyCycle","GuardingStance","Wallop_lor","DeepDrag","ViolentFlame","LeRegole","Pound","Quickness","BlowItUp"],"picked":"GrazeTheGrass","floor":4},{"not_picked":["CleanUp","FormingStorm","TieShanKao","RagingStorm","Observe","Commandeering","DaringDecision","FormingStorm","SavageMode","GoinFirst"],"picked":"CleanUp","floor":6},{"not_picked":["AsThePrescriptOrders","SerpentSwordTechnique","BindingChains","Faith","ConcentratedFire","Guardian_lor","Creak","FierceOnslaught","Pound","CumulusWall","IdentifyWeakpoint"],"picked":"Singing Bowl","floor":7},{"not_picked":["Diversion","GuardingStance","SnakesPrey","FleetFootsteps","LeRegole","YoureAHindrance","HighKick","Pound","Multislash","ForcefulGesture","Unlock1"],"picked":"Singing Bowl","floor":8},{"not_picked":["Disposal","FleshFillet","BoundaryOfDeath","WillProduceFineSilk","BoundaryOfDeath","Disposal","WillProduceFineSilk","BoundaryOfDeath","FormingStorm","GroundSmash"],"picked":"RepressedFlesh","floor":10},{"not_picked":["FleetEdge","Diversion","AlloutWar","GreatSerpentsImpact","Thirst","CumulusWall","MultiBlock","BayonetCombat","UnavoidableGaze","SnakesPrey","SunsetBlade"],"picked":"Singing Bowl","floor":11},{"not_picked":["FormingStorm","Decapitation","Disposal","FlamingDragonFist","Decapitation","BoundaryOfDeath","GroundSmash","GoinFirst","TieShanKao","ScratchThat"],"picked":"UnforgettableMelody","floor":13},{"not_picked":["Cruelty","RepressedFlesh","TrashDisposal","Commandeering","EmotionalTurbulence"],"picked":"Singing Bowl","floor":16},{"not_picked":["OpportunitySpotted","FierceCharge","SearingSword","SerpentSwordTechnique","Wallop_lor","FaintMemories","Pound","FrontalAssault","StructuralAnalysis","FlyingSword","DesperateStruggle"],"picked":"Singing Bowl","floor":18},{"not_picked":["FeelinGood","SinglePointStab","HeavyPeaks+1","MultiHit","Rampage_lor","WillOfThePrescript+1","MultiBlock","PreparedMind+1","WaitUp","StructuralAnalysis"],"picked":"MindCrush","floor":19},{"not_picked":["StrikeDown","HighKick","FierceOnslaught","HiddenBlade","TasteMyFlamingBat","SteelKnuckles","UnavoidableGaze+1","ToWhereThePrescriptPoints","Multislash","EnergyShield"],"picked":"EnergyBeam","floor":20},{"not_picked":["FleshFillet","FormingStorm","UnforgettableMelody","BoundaryOfDeath","GroundSmash","UnforgettableMelody","LeRegole","GroundSmash","BoundaryOfDeath","Commandeering","Observe"],"picked":"Singing Bowl","floor":23},{"not_picked":["HiddenBlade","SerpentSwordTechnique","PreemptiveStrike+1","Diversion","ForTheFamily","HighKick","Parry","EmotionalTurbulence","WillBeTasty","CumulusWall","UpbeatPerformance"],"picked":"Singing Bowl","floor":24},{"not_picked":["GoinFirst","Cruelty","RagingStorm","RepressedFlesh","TrashDisposal","TieShanKao","EmotionalTurbulence","ScratchThat","Transpierce","TieShanKao"],"picked":"SavageMode","floor":25},{"not_picked":["RepressedFlesh","GutHarvesting","MindCrush","Commandeering","UnforgettableMelody","GoinFirst","GoinFirst","Deflect_lor","Punishment","Punishment","GutHarvesting"],"picked":"Singing Bowl","floor":28},{"not_picked":["Collision+1","WildCard+1","Tttonst","ViolentFlame+1","BulkyImpact","Endure","Thrust","Wallop_lor","WillOfThePrescript+1","HiddenBlade"],"picked":"Reload","floor":29},{"not_picked":["SerpentineBarrier","FleetEdge+1","Quickness+1","EnergyCycle+1","IngredientHunt","BackAttack","Diversion","QuickSuppression","ViolentFlame+1","BindingChains"],"picked":"DevastatingThrash","floor":31},{"not_picked":["MirageStorm","LeRegole","RipSpace","BlazingStrike"],"picked":"Commandeering","floor":33}],"player_experience":1060192,"relics_obtained":[{"floor":1,"key":"SynthV:TestCard"},{"floor":6,"key":"Singing Bowl"},{"floor":10,"key":"Oddly Smooth Stone"},{"floor":13,"key":"Replay:Mystery Machine"},{"floor":23,"key":"LastBattle"},{"floor":23,"key":"ReplayFunnel"},{"floor":25,"key":"Gremlin Food"},{"floor":25,"key":"hubris:SlimyHat"},{"floor":26,"key":"Strawberry"},{"floor":28,"key":"Onion Ring"},{"floor":28,"key":"SynthV:C4"}],"event_choices":[{"damage_healed":0,"gold_gain":0,"player_choice":"Upgraded","damage_taken":0,"max_hp_gain":0,"max_hp_loss":0,"event_name":"Upgrade Shrine","floor":2,"gold_loss":0,"cards_upgraded":["AT_MachinaRedman"]},{"damage_healed":0,"gold_gain":0,"player_choice":"Swap Relic","damage_taken":0,"relics_obtained":["DaveBox"],"max_hp_gain":0,"max_hp_loss":0,"event_name":"给自己的盒子","floor":14,"relics_lost":["DaveBox"],"gold_loss":0},{"damage_healed":0,"gold_gain":0,"player_choice":"Bet on Murderer","damage_taken":0,"max_hp_gain":0,"max_hp_loss":0,"event_name":"The Joust","floor":22,"gold_loss":50}],"is_beta":false,"boss_relics":[{"not_picked":["Snecko Eye","aspiration:PoetsPen_weak"],"picked":"Black Star"},{"not_picked":["FrostBlade","Abe\u0027s Treasure"],"picked":"GreenFoldingFan"}],"items_purged_floors":[3,3,3,3,5,5,5,5,21,21,21,21,30,30,30],"is_endless":false,"potions_floor_spawned":[6,7,10,11,13,23,24,33],"ascension_level":20}}