{"host":"tf5skwcwe0vlu2md","time":1611152008,"event":{"mods":["BaseMod","Downfall","Highlight Path","Minty Spire (QoL Compilation)","Quick Restart","StSLib","The Hierophant"],"gold_per_floor":[10,10,23,33,47,47,78,78,78,103,103,115,132,147,147,147,147],"floor_reached":16,"playtime":609,"items_purged":[],"score":162,"play_id":"0edf6228-b7ab-4b62-8570-d2b12eda1092","local_time":"20210121011328","is_ascension_mode":true,"campfire_choices":[{"data":"Bash","floor":6,"key":"SMITH"},{"data":"Spot Weakness","floor":8,"key":"SMITH"},{"data":"Clash","floor":11,"key":"SMITH"},{"data":"Flame Barrier","floor":15,"key":"SMITH"}],"circlet_count":0,"master_deck":["Strike_R","Strike_R","Strike_R+1","Strike_R","Strike_R","Defend_R","Defend_R","Defend_R","Defend_R","Bash+1","Fire Breathing","Spot Weakness+1","Flex","Sever Soul+1","Flame Barrier+1","Clash+1","Heavy Blade","Thunderclap","Wild Strike","Seeing Red"],"relics":["Burning Blood","Whetstone","Matryoshka"],"acts_visited":["Exordium"],"potions_floor_usage":[10,10,16,16],"damage_taken":[{"damage":13,"enemies":"Small Slimes","floor":1,"turns":5},{"damage":1,"enemies":"Cultist","floor":3,"turns":3},{"damage":9,"enemies":"Jaw Worm","floor":4,"turns":3},{"damage":12,"enemies":"Looter","floor":5,"turns":3},{"damage":57,"enemies":"Lagavulin","floor":7,"turns":8},{"damage":11,"enemies":"Gremlin Nob","floor":10,"turns":4},{"damage":18,"enemies":"Exordium Thugs","floor":12,"turns":4},{"damage":0,"enemies":"2 Fungi Beasts","floor":13,"turns":2},{"damage":10,"enemies":"Gremlin Gang","floor":14,"turns":4},{"damage":28,"enemies":"Slime Boss","floor":16,"turns":3}],"seed_played":"-5839132883328976204","potions_obtained":[{"floor":1,"key":"ColorlessPotion"},{"floor":4,"key":"FearPotion"},{"floor":7,"key":"hexamod:EctoCoolerPotion"},{"floor":12,"key":"SpeedPotion"},{"floor":13,"key":"Weak Potion"}],"is_trial":false,"path_per_floor":["M","?","M","M","M","R","E","R","T","E","R","M","M","M","R","B"],"character_chosen":"IRONCLAD","items_purchased":[],"campfire_rested":0,"item_purchase_floors":[],"current_hp_per_floor":[89,89,94,91,85,85,34,34,34,29,29,17,23,19,19,0,0],"gold":147,"neow_bonus":"TWENTY_PERCENT_HP_BONUS","is_daily":false,"chose_seed":false,"campfire_upgraded":4,"win_rate":0.0,"timestamp":1611152008,"path_taken":["M","?","?","M","M","R","E","R","T","E","R","M","M","M","R","BOSS"],"items_purchased_type":[],"build_version":"2020-12-13","purchased_purges":0,"victory":false,"max_hp_per_floor":[96,96,96,96,96,96,96,96,96,96,96,96,96,96,96,96,96],"card_choices":[{"not_picked":["Blood for Blood","Sentinel"],"picked":"Fire Breathing","floor":1},{"not_picked":["Pommel Strike","Clothesline"],"picked":"Flex","floor":3},{"not_picked":["Dropkick","Warcry"],"picked":"Sever Soul","floor":4},{"not_picked":["Flex","Barricade"],"picked":"Flame Barrier","floor":5},{"not_picked":["Bloodletting","Carnage"],"picked":"Clash","floor":7},{"not_picked":["Hemokinesis","Anger"],"picked":"Heavy Blade","floor":10},{"not_picked":["Twin Strike","Body Slam"],"picked":"Thunderclap","floor":12},{"not_picked":["Iron Wave","Entrench"],"picked":"Wild Strike","floor":13},{"not_picked":["Sever Soul","True Grit"],"picked":"Seeing Red","floor":14}],"player_experience":231281,"relics_obtained":[{"floor":7,"key":"Whetstone"},{"floor":10,"key":"Matryoshka"}],"event_choices":[{"damage_healed":0,"gold_gain":0,"player_choice":"1 cards matched","damage_taken":0,"max_hp_gain":0,"max_hp_loss":0,"event_name":"Match and Keep!","floor":2,"gold_loss":0,"cards_obtained":["Spot Weakness"]}],"is_beta":false,"boss_relics":[],"items_purged_floors":[],"is_endless":false,"potions_floor_spawned":[1,4,7,12,13,14],"killed_by":"Slime Boss","ascension_level":4}}