{"host":"wj6vwlg8bkoql3lv","time":1611175894,"event":{"mods":["BaseMod","Colored Map","Friendly Minions","Hermit","Hubris","Infinite Spire","JesterMod","Jorbs\u0027s Wanderer Trilogy","Marisa????????","Minty Spire (QoL Compilation)","Replay The Spire","Shade Mod","StSLib","The Blue Laboratory","The Bug Knight","The Cursed","The Disciple","The Gatherer","The Hierophant","The Jungle","The Marked","The Mystic","The Runesmith","The Senshi","The Servant 0.9.4"],"gold_per_floor":[115,129,129,129,2,37,37,37,37,49,67,67,93,93,93,212,212,232,232,232,253,273,273,311,311,338,356,390,411,435,473,473,601,601,620,620,633,633,633],"floor_reached":38,"language":"ENG","playtime":5684,"items_purged":["Delirium"],"score":444,"play_id":"bf99d6fa-d5ec-473b-ac8f-c0551f0099e7","local_time":"20210120205134","is_ascension_mode":false,"campfire_choices":[{"data":"theSenshi:SailorUranusAssists","floor":7,"key":"SMITH"},{"data":"theSenshi:MoonPrismPowerMakeUp","floor":12,"key":"SMITH"},{"data":"theSenshi:MoonCrystalPowerMakeUp","floor":15,"key":"SMITH"},{"data":"theSenshi:MoonHealingEscalation","floor":23,"key":"SMITH"},{"floor":32,"key":"REST"}],"circlet_count":0,"master_deck":["theSenshi:SailorKick","theSenshi:SailorKick","theSenshi:SailorKick","theSenshi:SailorKick","theSenshi:SailorBlock","theSenshi:SailorBlock","theSenshi:SailorBlock","theSenshi:SailorBlock","theSenshi:RoseThrow","theSenshi:MoonPrismPowerMakeUp+1","theSenshi:MoonTiaraMagic+1","theSenshi:SailorUranusAssists+1","theSenshi:SailorNeptuneAssists+1","theSenshi:SailorMercuryAssists","theSenshi:MoonCrystalPowerMakeUp+1","theSenshi:SailorVenusAssists","theSenshi:MoonPrincessHalation","theSenshi:WarriorOfTheMoon","theSenshi:JupitersPower","theSenshi:MoonCosmicPowerMakeUp+1","theSenshi:MoonlightKnight+1","theSenshi:MoonHealingEscalation+1","theSenshi:MoonsReflection+1","theSenshi:PlutosSolemnity","theSenshi:SailorV+1","theSenshi:MoonsReflection","theSenshi:EncouragingSpeech+1","theSenshi:TuxedoSmokingBomber","theSenshi:MoonPower","theSenshi:FatedKiss+1","theSenshi:MoonCrisisMakeUp+1","theSenshi:KlutzyLuck"],"relics":["theSenshi:TransformationBroochRelic","Ring of Hypnosis","Ring of Misfortune","Potion Belt","Mummified Hand","infinitespire:WardingShard","Golden Idol","Honey Jar","hubris:Towel","Golden Egg","theSenshi:SailorFukuRelic","theSenshi:TiaraRelic","Dream Catcher","ReplayTheSpireMod:Shallot","hubris:ScarierMask"],"acts_visited":["Exordium","TheCity","TheBeyond"],"potions_floor_usage":[11,13,24,33],"damage_taken":[{"damage":0,"enemies":"2 Louse","floor":1,"turns":2},{"damage":5,"enemies":"Jaw Worm","floor":2,"turns":3},{"damage":7,"enemies":"Lagavulin","floor":6,"turns":9},{"damage":0,"enemies":"Small Slimes","floor":10,"turns":2},{"damage":8,"enemies":"Exordium Thugs","floor":11,"turns":5},{"damage":6,"enemies":"3 Sentries","floor":13,"turns":5},{"damage":24,"enemies":"Slime Boss","floor":16,"turns":10},{"damage":4,"enemies":"Spheric Guardian","floor":18,"turns":5},{"damage":3,"enemies":"Shell Parasite","floor":21,"turns":4},{"damage":27,"enemies":"Snake Plant","floor":22,"turns":4},{"damage":23,"enemies":"Slavers","floor":24,"turns":10},{"damage":0,"enemies":"Snecko","floor":27,"turns":6},{"damage":10,"enemies":"Book of Stabbing","floor":28,"turns":7},{"damage":0,"enemies":"Chosen and Byrds","floor":29,"turns":5},{"damage":23,"enemies":"3 Cultists","floor":30,"turns":5},{"damage":19,"enemies":"Replay:Snechameleon","floor":31,"turns":7},{"damage":84,"enemies":"Automaton","floor":33,"turns":14},{"damage":21,"enemies":"3 Darklings","floor":35,"turns":7},{"damage":14,"enemies":"Orb Walker","floor":37,"turns":4},{"damage":118,"enemies":"Orin","floor":38,"turns":7}],"seed_played":"5998059806345625005","potions_obtained":[{"floor":1,"key":"FairyPotion"},{"floor":2,"key":"blueLaboratory:PyrophylliteBrew"},{"floor":10,"key":"Block Potion"},{"floor":11,"key":"AttackPotion"},{"floor":22,"key":"blueLaboratory:StoneskinPotion"},{"floor":27,"key":"FairyPotion"},{"floor":28,"key":"SteroidPotion"},{"floor":29,"key":"SpeedPotion"},{"floor":31,"key":"blueLaboratory:BottleOfRum"},{"floor":37,"key":"Strength Potion"}],"is_trial":false,"path_per_floor":["M","M","?","?","$","E","R","?","T","M","M","R","E","?","R","B",null,"M","?","T","M","M","R","E","?","T","M","E","M","M","E","R","B",null,"M","?","M","?"],"character_chosen":"THE_SENSHI","items_purchased":["theSenshi:SailorMercuryAssists"],"campfire_rested":1,"item_purchase_floors":[5],"current_hp_per_floor":[75,70,70,70,70,70,70,70,70,75,67,67,66,48,48,24,75,71,71,71,72,50,50,52,52,52,75,67,72,52,48,70,26,75,63,63,54,0,0],"gold":633,"neow_bonus":"THREE_CARDS","is_daily":false,"chose_seed":false,"campfire_upgraded":4,"win_rate":0.0,"timestamp":1611175894,"path_taken":["M","M","?","?","$","E","R","?","T","M","M","R","E","?","R","BOSS","M","?","?","M","?","R","E","?","T","M","E","M","M","E","R","BOSS","M","?","M","?"],"items_purchased_type":["Card"],"build_version":"2020-12-22","purchased_purges":1,"victory":false,"max_hp_per_floor":[75,75,75,75,75,75,75,75,75,75,75,75,75,75,75,75,75,75,75,75,75,75,75,75,75,75,75,75,75,75,75,75,75,75,75,75,75,75,75],"card_choices":[{"not_picked":["theSenshi:InTheNickOfTime","theSenshi:MoonsReflection"],"picked":"theSenshi:MoonTiaraMagic","floor":0},{"not_picked":["theSenshi:MoonPunch","theSenshi:SchoolBag"],"picked":"theSenshi:SailorUranusAssists","floor":1},{"not_picked":["theSenshi:SailorPlanetPower","theSenshi:LunaWiseMentor"],"picked":"theSenshi:SailorNeptuneAssists","floor":2},{"not_picked":["theSenshi:SailorChibiMoonAssists","theSenshi:SupersonicWaves"],"picked":"theSenshi:MoonCrystalPowerMakeUp","floor":6},{"not_picked":["theSenshi:MoonTwilightFlash","theSenshi:HesSoDreamy"],"picked":"theSenshi:SailorVenusAssists","floor":10},{"not_picked":["theSenshi:TallSilhouette","theSenshi:Sidestep"],"picked":"theSenshi:MoonPrincessHalation","floor":11},{"not_picked":["theSenshi:VenusGlamour","theSenshi:SupersonicWaves"],"picked":"theSenshi:WarriorOfTheMoon","floor":13},{"not_picked":["theSenshi:MoonGorgeousMeditation","theSenshi:StudyParty"],"picked":"theSenshi:JupitersPower","floor":16},{"not_picked":["theSenshi:MoonPower","theSenshi:TuxedoMaskAssists","theSenshi:SupersonicWaves"],"picked":"theSenshi:MoonCosmicPowerMakeUp","floor":18},{"not_picked":["theSenshi:SailorChibiMoonAssists","theSenshi:MoonCosmicPowerMakeUp","theSenshi:SailorPlanetPower+1"],"picked":"theSenshi:MoonlightKnight+1","floor":21},{"not_picked":["theSenshi:YouCanTalk+1","theSenshi:SailorChibiMoonAssists+1","theSenshi:WarriorOfTheMoon"],"picked":"theSenshi:MoonHealingEscalation","floor":22},{"not_picked":["theSenshi:MoonSpiralHeartAttack+1","theSenshi:MoonKick","theSenshi:RainbowMoonHeartAche"],"picked":"theSenshi:MoonsReflection+1","floor":24},{"not_picked":["theSenshi:SailorVenusAssists","theSenshi:MoonPower","theSenshi:SailorMercuryAssists"],"picked":"theSenshi:PlutosSolemnity","floor":27},{"not_picked":["theSenshi:DramaticEntrance","theSenshi:LateForSchool+1","theSenshi:MoonSpiralHeartAttack+1"],"picked":"theSenshi:SailorV+1","floor":28},{"not_picked":["theSenshi:MoonPrincessHalation","theSenshi:MoonKick","theSenshi:SailorNeptuneAssists"],"picked":"theSenshi:MoonsReflection","floor":29},{"not_picked":["theSenshi:SailorMercuryAssists","theSenshi:SailorStarMakerAssists","theSenshi:SailorVenusAssists+1"],"picked":"theSenshi:EncouragingSpeech+1","floor":30},{"not_picked":["theSenshi:Sidestep","theSenshi:SailorMercuryAssists","theSenshi:EncouragingSpeech+1"],"picked":"theSenshi:TuxedoSmokingBomber","floor":31},{"not_picked":["theSenshi:MoonPrincessHalation","theSenshi:SailorUranusAssists","theSenshi:LateForSchool+1"],"picked":"theSenshi:MoonPower","floor":32},{"not_picked":["theSenshi:SailorCosmosAssists","theSenshi:WarriorOfTheMoon","theSenshi:LunaSensingAllies"],"picked":"theSenshi:FatedKiss","floor":33},{"not_picked":["theSenshi:SchoolBag+1","theSenshi:SailorPlanetPower","theSenshi:Sidestep+1"],"picked":"theSenshi:MoonCrisisMakeUp+1","floor":35},{"not_picked":["theSenshi:MoonHealingEscalation","theSenshi:InTheNickOfTime+1","theSenshi:MoonPower"],"picked":"theSenshi:KlutzyLuck","floor":37}],"player_experience":104896,"relics_obtained":[{"floor":3,"key":"Ring of Hypnosis"},{"floor":3,"key":"Ring of Misfortune"},{"floor":6,"key":"Potion Belt"},{"floor":9,"key":"Mummified Hand"},{"floor":13,"key":"infinitespire:WardingShard"},{"floor":20,"key":"Golden Egg"},{"floor":24,"key":"theSenshi:SailorFukuRelic"},{"floor":26,"key":"theSenshi:TiaraRelic"},{"floor":28,"key":"Dream Catcher"},{"floor":31,"key":"ReplayTheSpireMod:Shallot"}],"event_choices":[{"damage_healed":0,"gold_gain":0,"player_choice":"Grow","damage_taken":0,"max_hp_gain":0,"max_hp_loss":0,"event_name":"Living Wall","floor":8,"gold_loss":0,"cards_upgraded":["theSenshi:MoonTiaraMagic"]},{"damage_healed":0,"gold_gain":0,"player_choice":"Take Damage","damage_taken":18,"relics_obtained":["Golden Idol"],"max_hp_gain":0,"max_hp_loss":0,"event_name":"Golden Idol","floor":14,"gold_loss":0},{"damage_healed":0,"gold_gain":0,"player_choice":"Ignored","damage_taken":0,"max_hp_gain":0,"max_hp_loss":0,"event_name":"Tomb of Lord Red Mask","floor":36,"gold_loss":0},{"damage_healed":0,"gold_gain":0,"player_choice":"Fight","damage_taken":0,"max_hp_gain":0,"max_hp_loss":0,"event_name":"OrinTheCat","floor":38,"gold_loss":0}],"is_beta":false,"boss_relics":[{"not_picked":["ReplayTheSpireMod:SealedPack","Busted Crown"],"picked":"Honey Jar"},{"not_picked":["Replay:Fungal Core","Runic Dome"],"picked":"hubris:ScarierMask"}],"items_purged_floors":[5],"is_endless":false,"potions_floor_spawned":[1,2,10,11,22,27,28,29,31,37],"killed_by":"Orin","ascension_level":0}}