{"host":"9gt1gyw31qbqqib1","time":1611106380,"event":{"mods":["AchievementEnabler","BaseMod","Better Sensory Stone","BetterRewards","Colored Map","Colored Powertips","Downfall","Fox Events","Highlight Path","Infinite Spire","Ironclad Rager","Marked Mod","Minty Spire (QoL Compilation)","Permanent Neow","Rare Cards Sparkle","Spicy Shops","StSLib","The Marked"],"gold_per_floor":[118,118,118,118,133,166,166,206,206,206,243,263,288,308,308,414,414,427,427,436,462,491,491,530,543,552,552,580,609,524,549,549,659,659,687,66,84,95,95,130,130,0,9,28,28,40,52,81,81,81,81],"floor_reached":50,"language":"ENG","playtime":2162,"items_purged":[],"score":568,"play_id":"d5455efc-7972-4283-8b30-666a3c6893d3","local_time":"20210120023300","is_ascension_mode":false,"campfire_choices":[{"data":"theMarked:SoldierOfQuellstein","floor":7,"key":"SMITH"},{"floor":15,"key":"REST"},{"floor":23,"key":"RECALL"},{"data":"theMarked:ComboAttacks","floor":27,"key":"SMITH"},{"data":"theMarked:SoldierForm","floor":32,"key":"SMITH"},{"data":"theMarked:Reabsorb","floor":41,"key":"SMITH"},{"floor":45,"key":"REST"},{"floor":49,"key":"REST"}],"circlet_count":0,"master_deck":["theMarked:Strike+1","theMarked:Strike+1","theMarked:Strike+1","theMarked:Defend+1","theMarked:Defend+1","theMarked:Defend+1","theMarked:SoldierOfQuellstein+1","theMarked:ParalyzingBlade+1","theMarked:ShockingTouch+1","Swift Strike+1","theMarked:EternalStudent+1","theMarked:BindingBlade+1","theMarked:SwordAndMagic+1","theMarked:MysticalArsenal+1","theMarked:SwordAndMagic+1","theMarked:EternalStudent+1","infinitespire:FutureSight+1","theMarked:ComboAttacks+1","theMarked:RogueSparks+1","theMarked:Aftermath+1","theMarked:EmpowerWeapon+1","theMarked:SoldierForm+1","theMarked:WardOff+1","theMarked:Defy+1","theMarked:DeterminationOfTheMarked+1","theMarked:Reabsorb+1","infinitespire:Pacifist","Parasite","theMarked:ParalyzingBlade+1"],"relics":["theMarked:ArtifactOfAir","StoneCalendar","CeramicFish","Thread and Needle","infinitespire:Lychee Nut","Cursed Key","MutagenicStrength","Pantograph","Centennial Puzzle","The Courier","Empty Cage","theMarked:DemonDagger","Singing Bowl","HornCleat","MealTicket","Mark of the Bloom","infinitespire:Lucky Rock","Red Mask","Pear"],"acts_visited":["Exordium","TheCity","TheBeyond"],"potions_floor_usage":[11,18,28,29,31,33,35,46,48],"damage_taken":[{"damage":1,"enemies":"Jaw Worm","floor":1,"turns":3},{"damage":2,"enemies":"2 Louse","floor":5,"turns":2},{"damage":16,"enemies":"Lagavulin","floor":6,"turns":5},{"damage":17,"enemies":"Gremlin Nob","floor":8,"turns":3},{"damage":17,"enemies":"3 Sentries","floor":11,"turns":5},{"damage":0,"enemies":"Cultist","floor":12,"turns":2},{"damage":0,"enemies":"3 Louse","floor":13,"turns":2},{"damage":8,"enemies":"Gremlin Gang","floor":14,"turns":3},{"damage":20,"enemies":"Slime Boss","floor":16,"turns":4},{"damage":6,"enemies":"Shell Parasite","floor":18,"turns":3},{"damage":0,"enemies":"Spheric Guardian","floor":21,"turns":2},{"damage":6,"enemies":"Chosen and Byrds","floor":22,"turns":3},{"damage":5,"enemies":"Gremlin Leader","floor":24,"turns":5},{"damage":18,"enemies":"Centurion and Healer","floor":25,"turns":3},{"damage":5,"enemies":"Cultist and Chosen","floor":28,"turns":3},{"damage":12,"enemies":"Snake Plant","floor":29,"turns":3},{"damage":8,"enemies":"Centurion and Healer","floor":31,"turns":2},{"damage":9,"enemies":"Collector","floor":33,"turns":5},{"damage":7,"enemies":"3 Shapes","floor":35,"turns":3},{"damage":1,"enemies":"Orb Walker","floor":37,"turns":2},{"damage":0,"enemies":"Transient","floor":38,"turns":5},{"damage":0,"enemies":"Nemesis","floor":40,"turns":3},{"damage":11,"enemies":"Writhing Mass","floor":44,"turns":3},{"damage":1,"enemies":"3 Darklings","floor":46,"turns":5},{"damage":8,"enemies":"4 Shapes","floor":47,"turns":3},{"damage":11,"enemies":"Writhing Mass","floor":48,"turns":3},{"damage":30,"enemies":"Time Eater","floor":50,"turns":3}],"seed_played":"7851608247932496779","potions_obtained":[{"floor":6,"key":"Ancient Potion"},{"floor":8,"key":"CultistPotion"},{"floor":14,"key":"SpeedPotion"},{"floor":21,"key":"Regen Potion"},{"floor":24,"key":"BlessingOfTheForge"},{"floor":25,"key":"Energy Potion"},{"floor":29,"key":"Swift Potion"},{"floor":33,"key":"Fire Potion"},{"floor":37,"key":"hexamod:SoulburnPotion"},{"floor":40,"key":"EssenceOfSteel"},{"floor":44,"key":"bronze:BurnAndBuffPotion"},{"floor":46,"key":"LiquidMemories"}],"is_trial":false,"path_per_floor":["M","?","?","?","M","E","R","E","T","?","E","M","M","M","R","B",null,"M","?","AVR","M","M","R","E","M","T","R","M","M","?","M","R","B",null,"M","$","M","M","?","E","R","?","T","M","R","M","M","M","R","B"],"character_chosen":"THE_DEFAULT","items_purchased":["theMarked:DemonDagger","Singing Bowl","HornCleat","MealTicket"],"campfire_rested":3,"item_purchase_floors":[36,36,36,36],"current_hp_per_floor":[69,62,62,62,60,44,44,27,27,27,10,13,16,13,28,14,52,46,46,46,49,48,48,49,36,36,36,36,39,39,34,34,44,52,47,47,51,56,56,56,56,56,56,45,45,44,36,25,25,0,0],"gold":81,"neow_bonus":"TRANSFORM_CARD","is_daily":false,"chose_seed":false,"campfire_upgraded":4,"win_rate":0.0,"timestamp":1611106380,"path_taken":["M","?","?","?","?","E","R","E","T","?","E","?","M","M","R","BOSS","M","?","AVR","M","M","R","E","M","T","R","M","M","?","?","R","BOSS","M","$","M","M","?","E","R","?","T","M","R","M","M","M","R","BOSS"],"items_purchased_type":["Relic","Relic","Relic","Relic"],"build_version":"2020-12-22","purchased_purges":0,"victory":false,"max_hp_per_floor":[70,70,70,70,70,70,70,70,70,70,52,52,52,52,52,52,52,52,52,52,52,52,52,52,52,52,52,52,52,52,52,52,52,52,52,52,54,56,56,56,56,56,66,68,68,70,72,72,72,72,72],"card_choices":[{"not_picked":["theMarked:Frustration","theMarked:WastefulAttack"],"picked":"theMarked:ShockingTouch","floor":1},{"not_picked":["theMarked:WastefulAttack","theMarked:BanishingWave","theMarked:Convert"],"picked":"SKIP","floor":5},{"not_picked":["theMarked:Reabsorb","theMarked:Static"],"picked":"theMarked:BindingBlade","floor":6},{"not_picked":["theMarked:Improvise","theMarked:HeightenedSenses"],"picked":"theMarked:SwordAndMagic","floor":8},{"not_picked":["theMarked:ReduceFriction","theMarked:Electrocute"],"picked":"theMarked:MysticalArsenal","floor":11},{"not_picked":["theMarked:MaelstromOfLightning","theMarked:Panic","theMarked:Electrocute"],"picked":"SKIP","floor":12},{"not_picked":["theMarked:Electrocute","theMarked:TunnelVision"],"picked":"theMarked:SwordAndMagic","floor":13},{"not_picked":["theMarked:ResourceFulStrike","theMarked:ElectricStrings","theMarked:ChainLightning"],"picked":"SKIP","floor":14},{"not_picked":["theMarked:Abjuration","theMarked:TakeOffHeels"],"picked":"theMarked:EternalStudent","floor":16},{"not_picked":["theMarked:MaelstromOfLightning+1","theMarked:WastefulDefense","theMarked:Parkour"],"picked":"SKIP","floor":18},{"not_picked":["theMarked:Parkour","theMarked:ReduceFriction"],"picked":"theMarked:ComboAttacks","floor":21},{"not_picked":["theMarked:HeritageOfTheMarked","theMarked:ResourceFulStrike+1"],"picked":"theMarked:RogueSparks","floor":22},{"not_picked":["theMarked:Overcharge","theMarked:WardOff"],"picked":"theMarked:Aftermath+1","floor":24},{"not_picked":["theMarked:TakeCover","theMarked:WastefulDefense","theMarked:HeightenedSenses+1"],"picked":"SKIP","floor":25},{"not_picked":["theMarked:WardOff+1","theMarked:Overcharge+1"],"picked":"theMarked:EmpowerWeapon","floor":28},{"not_picked":["theMarked:ChainLightning+1","theMarked:TunnelVision"],"picked":"theMarked:SoldierForm","floor":29},{"not_picked":["theMarked:ElectricStrings","theMarked:BanishingStrike"],"picked":"theMarked:WardOff","floor":31},{"not_picked":["theMarked:Snap","theMarked:TakeOffHeels"],"picked":"theMarked:Defy","floor":33},{"not_picked":["theMarked:Static+1","theMarked:StartUp+1"],"picked":"theMarked:DeterminationOfTheMarked+1","floor":35},{"not_picked":["theMarked:BanishingStrike","theMarked:Overcharge","theMarked:WastefulAttack"],"picked":"Singing Bowl","floor":37},{"not_picked":["theMarked:RepellingDischarge","theMarked:Improvise+1","theMarked:WastefulDefense"],"picked":"Singing Bowl","floor":38},{"not_picked":["theMarked:Parkour+1","theMarked:BanishingStrike+1"],"picked":"theMarked:Reabsorb","floor":40},{"not_picked":["theMarked:Polarize","theMarked:ParalyzingBlade","theMarked:Reabsorb"],"picked":"Singing Bowl","floor":44},{"not_picked":["theMarked:EmpowerWeapon","theMarked:RepellingDischarge","theMarked:CreepingChasm"],"picked":"Singing Bowl","floor":46},{"not_picked":["theMarked:Aftermath+1","theMarked:WardOff","theMarked:BanishingStrike+1"],"picked":"Singing Bowl","floor":47},{"not_picked":["theMarked:WastefulDefense","theMarked:BanishingWave"],"picked":"theMarked:ParalyzingBlade+1","floor":48}],"player_experience":253992,"relics_obtained":[{"floor":6,"key":"StoneCalendar"},{"floor":8,"key":"CeramicFish"},{"floor":9,"key":"Thread and Needle"},{"floor":11,"key":"infinitespire:Lychee Nut"},{"floor":24,"key":"Centennial Puzzle"},{"floor":40,"key":"infinitespire:Lucky Rock"},{"floor":43,"key":"Pear"}],"event_choices":[{"cards_removed":["theMarked:Strike"],"damage_healed":0,"gold_gain":0,"player_choice":"Card Removal","damage_taken":7,"max_hp_gain":0,"max_hp_loss":0,"event_name":"Golden Wing","floor":2,"gold_loss":0},{"damage_healed":0,"gold_gain":0,"player_choice":"2 cards matched","damage_taken":0,"max_hp_gain":0,"max_hp_loss":0,"event_name":"Match and Keep!","floor":4,"gold_loss":0,"cards_obtained":["Swift Strike","theMarked:EternalStudent"]},{"damage_healed":0,"gold_gain":0,"player_choice":"2 cards matched","damage_taken":0,"max_hp_gain":0,"max_hp_loss":0,"event_name":"Match and Keep!","floor":4,"gold_loss":0,"cards_obtained":["Swift Strike","theMarked:EternalStudent"]},{"damage_healed":0,"gold_gain":0,"player_choice":"Ignored","damage_taken":0,"max_hp_gain":0,"max_hp_loss":0,"event_name":"NoteForYourself","floor":10,"gold_loss":0},{"damage_healed":0,"gold_gain":0,"player_choice":"Inject Mutagens","damage_taken":0,"relics_obtained":["MutagenicStrength"],"max_hp_gain":0,"max_hp_loss":0,"event_name":"Drug Dealer","floor":19,"gold_loss":0},{"damage_healed":0,"gold_gain":0,"player_choice":"Obtained Relic","damage_taken":0,"relics_obtained":["The Courier"],"max_hp_gain":0,"max_hp_loss":0,"event_name":"Addict","floor":30,"gold_loss":85},{"damage_healed":0,"gold_gain":0,"player_choice":"Upgrade","damage_taken":0,"relics_obtained":["Mark of the Bloom"],"max_hp_gain":0,"max_hp_loss":0,"event_name":"MindBloom","floor":39,"gold_loss":0,"cards_upgraded":["theMarked:Strike","theMarked:Strike","theMarked:Strike","theMarked:Defend","theMarked:Defend","theMarked:Defend","theMarked:ParalyzingBlade","theMarked:ShockingTouch","Swift Strike","theMarked:EternalStudent","theMarked:BindingBlade","theMarked:SwordAndMagic","theMarked:MysticalArsenal","theMarked:SwordAndMagic","theMarked:EternalStudent","infinitespire:FutureSight","theMarked:RogueSparks","theMarked:EmpowerWeapon","theMarked:WardOff","theMarked:Defy"]},{"damage_healed":0,"gold_gain":0,"player_choice":"Paid","damage_taken":0,"relics_obtained":["Red Mask"],"max_hp_gain":0,"max_hp_loss":0,"event_name":"Tomb of Lord Red Mask","floor":42,"gold_loss":130}],"is_beta":false,"boss_relics":[{"not_picked":["Snecko Eye","Velvet Choker"],"picked":"Cursed Key"},{"not_picked":["bronze:MakeshiftBattery","Coffee Dripper"],"picked":"Empty Cage"}],"items_purged_floors":[],"is_endless":false,"potions_floor_spawned":[6,8,14,21,24,25,29,33,37,40,44,46],"killed_by":"Time Eater","ascension_level":0}}