{"host":"och2iitg9ibgz06n","time":1611181576,"event":{"mods":["Abigail Mod","AchievementEnabler","Aspiration","BaseMod","Colored Powertips","Dio Mod","Hubris","Hyrulean Relics","Infinite Spire","Minty Spire (QoL Compilation)","Replay The Spire","Small Relic Pack","StSLib","The Animator","The Bug Knight","The Hierophant","The Jungle","The Saiyan","TheHero","Wandering Minibosses","everything is the same but u backflip on backflip","slay the spire mod where everything is the same but ironclad has a cowboy hat","vexMod"],"gold_per_floor":[88,108,108,108,125,151,151,151,151,98,98,98,98,125,125,125,125],"floor_reached":16,"language":"ENG","playtime":554,"items_purged":[],"score":127,"play_id":"bacc9cbb-e016-4785-91de-36adf9e85dd8","local_time":"20210120162616","is_ascension_mode":true,"campfire_choices":[{"floor":8,"key":"REST"},{"data":"Saiyan:PowerStance","floor":11,"key":"SMITH"},{"floor":15,"key":"REST"}],"circlet_count":0,"master_deck":["Saiyan:SAIYA_Strike","Saiyan:SAIYA_Strike","Saiyan:SAIYA_Strike","Saiyan:SAIYA_Strike","Saiyan:SAIYA_Defend","Saiyan:SAIYA_Defend","Saiyan:SAIYA_Defend","Saiyan:SAIYA_Defend","Saiyan:EnergyBlast","Saiyan:KaioKen","Saiyan:RuthlessBlow","Saiyan:TurtleShell+1","Saiyan:KiExplosion","Injury","Saiyan:PowerPole+1","Saiyan:PowerStance+1","Saiyan:BackAttack+1","Saiyan:Expend"],"relics":["SaiyanSoul","SaiyanHeart","Molten Egg 2","aspiration:AnachronicSnailShell","ReplayTheSpireMod:Ring of Exchange","aspiration:StickyExplosives_weak"],"acts_visited":["Exordium"],"potions_floor_usage":[14],"damage_taken":[{"damage":0,"enemies":"Cultist","floor":1,"turns":3},{"damage":1,"enemies":"2 Louse","floor":2,"turns":3},{"damage":0,"enemies":"Small Slimes","floor":5,"turns":4},{"damage":32,"enemies":"Lagavulin","floor":6,"turns":10},{"damage":22,"enemies":"Gremlin Nob","floor":14,"turns":5},{"damage":62,"enemies":"Hexaghost","floor":16,"turns":11}],"seed_played":"-3196088244560618084","potions_obtained":[{"floor":1,"key":"FearPotion"},{"floor":5,"key":"Explosive Potion"},{"floor":14,"key":"Toxic Potion"}],"is_trial":false,"path_per_floor":["M","M","?","?","M","E","?","R","T","$","R","?","$","E","R","B"],"character_chosen":"SAIYAJIN","items_purchased":["Saiyan:BackAttack+1"],"campfire_rested":2,"item_purchase_floors":[10],"current_hp_per_floor":[67,67,67,67,69,38,38,59,59,59,59,59,59,38,59,0,0],"gold":125,"neow_bonus":"TEN_PERCENT_HP_BONUS","is_daily":false,"chose_seed":false,"campfire_upgraded":1,"win_rate":0.0,"timestamp":1611181576,"path_taken":["M","M","?","?","M","E","?","R","T","$","R","?","?","E","R","BOSS"],"items_purchased_type":["Card"],"build_version":"2020-12-22","purchased_purges":0,"victory":false,"max_hp_per_floor":[67,68,68,68,70,71,71,71,71,71,71,71,71,72,72,72,72],"card_choices":[{"not_picked":["Saiyan:Planning","Saiyan:FingerParry"],"picked":"Saiyan:TurtleShell","floor":1},{"not_picked":["Saiyan:Scouter","Saiyan:Kienzan"],"picked":"Saiyan:KiExplosion","floor":2},{"not_picked":["Saiyan:ConcussiveBlow+1","Saiyan:RemoveWeights"],"picked":"Saiyan:PowerPole+1","floor":5},{"not_picked":["Saiyan:PressOn","Saiyan:MajinSeal"],"picked":"Saiyan:PowerStance","floor":6},{"not_picked":["Saiyan:Kienzan+1","Saiyan:LastResort"],"picked":"Saiyan:Expend","floor":14}],"player_experience":415499,"relics_obtained":[{"floor":6,"key":"aspiration:AnachronicSnailShell"},{"floor":12,"key":"ReplayTheSpireMod:Ring of Exchange"},{"floor":14,"key":"aspiration:StickyExplosives_weak"}],"event_choices":[],"is_beta":false,"boss_relics":[],"items_purged_floors":[],"is_endless":false,"potions_floor_spawned":[1,5,14],"killed_by":"Hexaghost","ascension_level":4}}