{"host":"rzpi613efy9j52u4","time":1611159723,"event":{"mods":["Aspiration","BaseMod","BetterRewards","Colored Powertips","Downfall","Googly Eyes","Hubris","Minty Spire (QoL Compilation)","Rare Cards Sparkle","Shop Mod","StSLib","The Disciple","The Hierophant","The Poker Player"],"gold_per_floor":[118,118,148,170,193,205,217,242,322,334,358,370,399,427,439,451,451],"floor_reached":16,"language":"ENG","playtime":2045,"items_purged":[],"score":146,"play_id":"d4580340-a7fa-44e8-b337-8ad5afafce61","local_time":"20210120112203","is_ascension_mode":false,"campfire_choices":[{"data":"Echoward","floor":6,"key":"SMITH"},{"data":"DaylightSavings","floor":10,"key":"SMITH"},{"floor":12,"key":"REST"},{"floor":15,"key":"REST"}],"circlet_count":0,"master_deck":["Strike_Br","Strike_Br","Strike_Br","Strike_Br","Defend_Br","Defend_Br","Defend_Br","Defend_Br","SecondHand","LockedPlans","Echoward+1","LockedScales","PrimeTime","LockedWhetstone","DaylightSavings+7","BiteCommand","LockedBlood","Engulf","Stagnate"],"relics":["Chronometer","aspiration:Nostalgia","PureWater","hubris:BundleOfHerbs","MawBank","aspiration:StickyExplosives_weak"],"acts_visited":["Exordium"],"potions_floor_usage":[11,14,16],"damage_taken":[{"damage":10,"enemies":"Jaw Worm","floor":1,"turns":6},{"damage":0,"enemies":"Cultist","floor":3,"turns":5},{"damage":0,"enemies":"Small Slimes","floor":4,"turns":4},{"damage":4,"enemies":"Blue Slaver","floor":5,"turns":4},{"damage":28,"enemies":"Exordium Wildlife","floor":8,"turns":4},{"damage":2,"enemies":"Large Slime","floor":11,"turns":9},{"damage":21,"enemies":"Gremlin Gang","floor":13,"turns":4},{"damage":18,"enemies":"Exordium Thugs","floor":14,"turns":5},{"damage":27,"enemies":"Slime Boss","floor":16,"turns":3}],"seed_played":"3021897631990810362","potions_obtained":[{"floor":4,"key":"SpeedPotion"},{"floor":11,"key":"Explosive Potion"},{"floor":13,"key":"BlessingOfTheForge"}],"is_trial":false,"path_per_floor":["M","?","M","M","M","R","?","M","T","R","M","R","M","M","R","B"],"character_chosen":"CHRONO_CLASS","items_purchased":["aspiration:Nostalgia"],"campfire_rested":2,"item_purchase_floors":[0],"current_hp_per_floor":[40,40,46,46,42,42,42,14,14,14,18,36,19,7,25,0,0],"gold":451,"neow_bonus":"","is_daily":false,"chose_seed":false,"campfire_upgraded":2,"win_rate":0.0,"timestamp":1611159723,"path_taken":["M","?","?","M","M","R","?","M","T","R","M","R","M","M","R","BOSS"],"items_purchased_type":["Relic"],"build_version":"2020-12-13","purchased_purges":0,"victory":false,"max_hp_per_floor":[60,60,60,60,60,60,60,60,60,60,60,60,60,60,60,60,60],"card_choices":[{"not_picked":["LockedAnchor","BiteCommand"],"picked":"Echoward","floor":1},{"not_picked":["LockedOrichalcum","Tempo"],"picked":"LockedScales","floor":3},{"not_picked":["Break","BiteCommand"],"picked":"PrimeTime","floor":4},{"not_picked":["ReapSow","LockedMawBank"],"picked":"LockedWhetstone","floor":5},{"not_picked":["Recurrance","WindUp"],"picked":"BiteCommand","floor":8},{"not_picked":["LockedScales","WatchCommand"],"picked":"LockedBlood","floor":11},{"not_picked":["MasterKey","Echoward"],"picked":"Engulf","floor":13},{"not_picked":["Keepsakes","Analog"],"picked":"Stagnate","floor":14}],"player_experience":51177,"relics_obtained":[{"floor":2,"key":"MawBank"},{"floor":9,"key":"aspiration:StickyExplosives_weak"}],"event_choices":[{"damage_healed":0,"gold_gain":0,"player_choice":"Relic","damage_taken":0,"max_hp_gain":0,"max_hp_loss":0,"event_name":"Wheel of Change","floor":2,"gold_loss":0}],"is_beta":false,"boss_relics":[],"items_purged_floors":[],"is_endless":false,"potions_floor_spawned":[4,11,13],"killed_by":"Slime Boss","ascension_level":0}}