{"host":"l15sdf2mmi0nobpi","time":1611154111,"event":{"mods":["ATMod(°¢èªMod)","BaseMod","Highlight Path","Minty Spire (QoL Compilation)","Quick Restart","StSLib","¡¾¹¦ÄÜMod¡¿Neow½±Àø"],"gold_per_floor":[110,35,35,35,9,9,38,96,96,121,121,121,149,168,168,242,242,259,259,279,292,292,324,324,359,359,385,385,195,224,224,224,301,301,311,311,322,242,260,260,291,310,310,341,341,370,386,412,412,412,412,412,412,53,87,87],"floor_reached":57,"language":"ZHS","playtime":2251,"items_purged":["Pain","Streamline","Thunder Strike"],"score":3920,"play_id":"4006b083-e334-4e52-860d-a42bfab3e78a","local_time":"20210120224831","is_ascension_mode":true,"campfire_choices":[{"data":"AT_FamilyPortrait","floor":6.0,"key":"SMITH"},{"data":"Recycle","floor":11.0,"key":"SMITH"},{"data":"AT_StudyProgram","floor":15.0,"key":"SMITH"},{"data":"Hyperbeam","floor":24.0,"key":"SMITH"},{"floor":28.0,"key":"REST"},{"data":"Coolheaded","floor":32.0,"key":"SMITH"},{"floor":40,"key":"RECALL"},{"data":"Turbo","floor":49,"key":"SMITH"},{"data":"White Noise","floor":53,"key":"SMITH"}],"circlet_count":0,"master_deck":["AscendersBane","Zap","Dualcast","AT_FamilyPortrait+1","Recycle+1","Core Surge","AT_StudyProgram+1","Seek","Reinforced Body","Glacier","Hyperbeam+1","AT_EMC2","FTL","Force Field","Turbo+1","Ghostly","Ghostly","Ghostly","Seek","White Noise+1","AT_WaterDrop","Coolheaded+1","AT_RightCognition"],"relics":["Cracked Core","AT_ATBox","NeowsBlessing","Akabeko","AT_DeathDance","The Courier","Toy Ornithopter","Orichalcum","AT_Manta","Pandora\u0027s Box","WarpedTongs","AT_GoldPhoenixTree","Du-Vu Doll","Lizard Tail","Cables","AT_SeraphEmbrace","Boot","Runic Pyramid","Ice Cream","Bag of Preparation","ClockworkSouvenir","Centennial Puzzle","Bronze Scales"],"acts_visited":["Exordium","TheCity","TheBeyond","TheEnding"],"potions_floor_usage":[56,56],"damage_taken":[{"damage":0.0,"enemies":"Small Slimes","floor":1.0,"turns":1.0},{"damage":0.0,"enemies":"Lagavulin","floor":7.0,"turns":1.0},{"damage":0.0,"enemies":"Gremlin Nob","floor":8.0,"turns":1.0},{"damage":8.0,"enemies":"3 Sentries","floor":10.0,"turns":3.0},{"damage":0.0,"enemies":"Gremlin Nob","floor":13.0,"turns":3.0},{"damage":0.0,"enemies":"2 Louse","floor":14.0,"turns":2.0},{"damage":0.0,"enemies":"Slime Boss","floor":16.0,"turns":5.0},{"damage":6.0,"enemies":"3 Byrds","floor":18.0,"turns":1.0},{"damage":14.0,"enemies":"Shell Parasite","floor":20.0,"turns":4.0},{"damage":11.0,"enemies":"Snake Plant","floor":21.0,"turns":3.0},{"damage":3.0,"enemies":"Slavers","floor":23.0,"turns":5.0},{"damage":9.0,"enemies":"Book of Stabbing","floor":25.0,"turns":5.0},{"damage":12.0,"enemies":"Gremlin Leader","floor":27.0,"turns":6.0},{"damage":0.0,"enemies":"Slavers","floor":30.0,"turns":4.0},{"damage":0,"enemies":"Automaton","floor":33,"turns":5},{"damage":0,"enemies":"Orb Walker","floor":35,"turns":3},{"damage":0,"enemies":"3 Shapes","floor":37,"turns":5},{"damage":7,"enemies":"Jaw Worm Horde","floor":39,"turns":3},{"damage":0,"enemies":"Giant Head","floor":41,"turns":5},{"damage":0,"enemies":"Maw","floor":42,"turns":3},{"damage":0,"enemies":"Nemesis","floor":44,"turns":7},{"damage":0,"enemies":"Reptomancer","floor":46,"turns":4},{"damage":0,"enemies":"Spire Growth","floor":47,"turns":3},{"damage":0,"enemies":"Giant Head","floor":48,"turns":4},{"damage":0,"enemies":"Awakened One","floor":50,"turns":4},{"damage":0,"enemies":"Donu and Deca","floor":51,"turns":4},{"damage":0,"enemies":"Shield and Spear","floor":55,"turns":5},{"damage":12,"enemies":"The Heart","floor":56,"turns":6}],"seed_played":"-7519704754654485123","potions_obtained":[{"floor":1.0,"key":"DistilledChaos"},{"floor":10.0,"key":"LiquidMemories"},{"floor":13.0,"key":"Ancient Potion"},{"floor":21.0,"key":"SkillPotion"}],"is_trial":false,"path_per_floor":["M","?","$","?","$","R","E","?","T","E","R","T","E","M","R","B",null,"M","?","M","M","?","E","R","E","T","E","R","$","E","?","R","B",null,"M","?","M","$","M","R","E","M","T","E","?","E","M","E","R","B","B",null,"R","$","E","B",null],"character_chosen":"DEFECT","items_purchased":["Streamline","AT_ArchangelStaff","ClockworkSouvenir","Centennial Puzzle"],"campfire_rested":1,"item_purchase_floors":[5,29,54,54],"current_hp_per_floor":[64,64,64,69,69,69,69,69,69,61,61,61,66,66,66,66,74,68,68,54,43,38,35,35,26,26,14,25,25,25,25,25,25,35,38,38,38,38,38,38,38,38,38,38,38,38,38,38,38,38,38,38,38,38,38,31],"gold":87,"neow_bonus":"THREE_ENEMY_KILL","is_daily":false,"chose_seed":false,"campfire_upgraded":7,"win_rate":0.0,"timestamp":1611154111,"path_taken":["M","?","$","?","$","R","E","?","T","E","R","?","E","?","R","BOSS","M","?","?","M","?","E","R","E","T","E","R","$","E","?","R","BOSS","M","?","M","$","M","R","E","M","T","E","?","E","M","E","R","BOSS","BOSS","R","$","E","BOSS"],"items_purchased_type":["Card","Relic","Relic","Relic"],"build_version":"2020-12-22","purchased_purges":3,"victory":true,"max_hp_per_floor":[71,71,71,76,76,76,76,76,76,76,76,76,76,76,76,76,76,76,76,76,76,38,38,38,38,38,38,38,38,38,38,38,38,38,38,38,38,38,38,38,38,38,38,38,38,38,38,38,38,38,38,38,38,38,38,38],"card_choices":[{"not_picked":["AT_DarkMatter","Gash"],"picked":"Recycle","floor":1.0},{"not_picked":["Beam Cell","AT_HeatAcrobatics","Gash"],"picked":"SKIP","floor":7.0},{"not_picked":["Beam Cell","AT_HeatAcrobatics","Gash"],"picked":"SKIP","floor":7.0},{"not_picked":["Scrape","Rebound"],"picked":"Cold Snap","floor":8.0},{"not_picked":["AT_WarpDrive","Rebound"],"picked":"Core Surge","floor":10.0},{"not_picked":["Auto Shields","AT_HeatAcrobatics"],"picked":"AT_StudyProgram","floor":13.0},{"not_picked":["Rebound","Steam Power","Double Energy"],"picked":"SKIP","floor":14.0},{"not_picked":["Core Surge","Creative AI"],"picked":"Seek","floor":16.0},{"not_picked":["Blizzard","AT_HeatAcrobatics","Compile Driver"],"picked":"SKIP","floor":18.0},{"not_picked":["Turbo","Barrage","Cold Snap"],"picked":"SKIP","floor":20.0},{"not_picked":["Barrage","Cold Snap"],"picked":"Turbo","floor":20.0},{"not_picked":["Sweeping Beam","AT_StudyProgram","Rip and Tear"],"picked":"SKIP","floor":21.0},{"not_picked":["Ball Lightning+1","Compile Driver"],"picked":"Seek","floor":23.0},{"not_picked":["Cold Snap","Streamline"],"picked":"White Noise","floor":25.0},{"not_picked":["Hyperbeam","Capacitor","Stack"],"picked":"SKIP","floor":27.0},{"not_picked":["Stack","Gash"],"picked":"AT_WaterDrop","floor":30.0},{"not_picked":["Machine Learning","Core Surge"],"picked":"AT_RightCognition","floor":33},{"not_picked":["Chaos","Streamline+1","Cold Snap"],"picked":"SKIP","floor":35},{"not_picked":["Rebound+1","Sweeping Beam","Darkness"],"picked":"SKIP","floor":37},{"not_picked":["Chill","Conserve Battery","Steam"],"picked":"SKIP","floor":39},{"not_picked":["Buffer","Static Discharge","Undo+1"],"picked":"SKIP","floor":41},{"not_picked":["Buffer","Static Discharge","Undo+1"],"picked":"SKIP","floor":41},{"not_picked":["Beam Cell+1","Redo+1","Sweeping Beam"],"picked":"SKIP","floor":42},{"not_picked":["Turbo","Steam","Leap"],"picked":"SKIP","floor":44},{"not_picked":["Hologram","Storm+1","Rebound"],"picked":"SKIP","floor":46},{"not_picked":["Leap+1","Sweeping Beam","Streamline"],"picked":"SKIP","floor":47},{"not_picked":["Cold Snap","FTL","Hologram"],"picked":"SKIP","floor":48},{"not_picked":["Amplify","Go for the Eyes","Conserve Battery"],"picked":"SKIP","floor":55}],"player_experience":465544,"relics_obtained":[{"floor":7.0,"key":"Akabeko"},{"floor":8.0,"key":"AT_DeathDance"},{"floor":9.0,"key":"The Courier"},{"floor":10.0,"key":"Toy Ornithopter"},{"floor":12.0,"key":"Orichalcum"},{"floor":13.0,"key":"AT_Manta"},{"floor":23.0,"key":"AT_GoldPhoenixTree"},{"floor":25.0,"key":"Du-Vu Doll"},{"floor":26.0,"key":"Lizard Tail"},{"floor":27.0,"key":"Cables"},{"floor":30.0,"key":"Boot"},{"floor":46,"key":"Ice Cream"},{"floor":48,"key":"Bag of Preparation"},{"floor":55,"key":"Bronze Scales"}],"event_choices":[{"cards_removed":["Strike_B"],"damage_healed":0.0,"max_hp_gain":0.0,"max_hp_loss":0.0,"gold_gain":0.0,"event_name":"The Cleric","player_choice":"Card Removal","floor":2.0,"gold_loss":75.0,"damage_taken":0.0},{"damage_healed":0.0,"max_hp_gain":5.0,"max_hp_loss":0.0,"gold_gain":0.0,"event_name":"Big Fish","player_choice":"Donut","floor":4.0,"gold_loss":0.0,"damage_taken":0.0},{"damage_healed":0.0,"max_hp_gain":0.0,"max_hp_loss":0.0,"gold_gain":0.0,"event_name":"Dead Adventurer","player_choice":"Searched \u00272\u0027 times","floor":8.0,"gold_loss":0.0,"damage_taken":0.0},{"damage_healed":0.0,"max_hp_gain":0.0,"max_hp_loss":0.0,"gold_gain":0.0,"event_name":"Accursed Blacksmith","player_choice":"Rummage","floor":19.0,"gold_loss":0.0,"damage_taken":0.0,"relics_obtained":["WarpedTongs"],"cards_obtained":["Pain"]},{"damage_healed":0.0,"max_hp_gain":0.0,"max_hp_loss":38.0,"gold_gain":0.0,"event_name":"Ghosts","player_choice":"Became a Ghost","floor":22.0,"gold_loss":0.0,"damage_taken":0.0,"cards_obtained":["Ghostly","Ghostly","Ghostly"]},{"damage_healed":0.0,"max_hp_gain":0.0,"max_hp_loss":0.0,"gold_gain":0.0,"event_name":"The Library","player_choice":"Read","floor":31.0,"gold_loss":0.0,"damage_taken":0.0,"cards_obtained":["Coolheaded"]},{"damage_healed":0,"gold_gain":0,"player_choice":"Ignored","damage_taken":0,"max_hp_gain":0,"max_hp_loss":0,"event_name":"Tomb of Lord Red Mask","floor":36,"gold_loss":0},{"cards_removed":["Cold Snap"],"damage_healed":0,"gold_gain":0,"player_choice":"Removed Attack","damage_taken":0,"max_hp_gain":0,"max_hp_loss":0,"event_name":"Falling","floor":45,"gold_loss":0}],"is_beta":false,"boss_relics":[{"not_picked":["Sozu","Runic Dome"],"picked":"Pandora\u0027s Box"},{"not_picked":["AT_MortalBlade","SlaversCollar"],"picked":"Runic Pyramid"}],"items_purged_floors":[29,38,54],"is_endless":false,"potions_floor_spawned":[1,10,13,16,21,25,33,37,39,41,46,47],"ascension_level":20}}