{"host":"b78s5rp3ow4b1syk","time":1611122440,"event":{"mods":["AchievementEnabler","BaseMod","DeckTracker","Keyboard Shortcuts","Marisa£¨Ùöéë¡¡Øª×âÞÞ£©","Minty Spire (QoL Compilation)","Permanent Neow","Quick Restart","StSLib","SuperFastMode","The Cursed","everything is the same but u backflip on backflip"],"gold_per_floor":[113,16,16,16,32,42,42,42],"floor_reached":7,"language":"KOR","playtime":273,"items_purged":["Normality"],"score":43,"play_id":"1588e516-7970-4020-b20c-cdd21bff6168","local_time":"20210120150040","is_ascension_mode":true,"campfire_choices":[],"circlet_count":0,"master_deck":["Strike_G","Strike_G","Strike_G","Strike_G","Strike_G","Defend_G","Defend_G","Defend_G","Defend_G","Defend_G","Survivor","Neutralize","Panache","Blur+1","PiercingWail"],"relics":["Ring of the Snake","The Specimen"],"acts_visited":["Exordium"],"potions_floor_usage":[7],"damage_taken":[{"damage":10.0,"enemies":"Jaw Worm","floor":1.0,"turns":4.0},{"damage":2,"enemies":"Cultist","floor":5,"turns":5},{"damage":0,"enemies":"Small Slimes","floor":6,"turns":4},{"damage":6,"enemies":"Lagavulin","floor":7,"turns":3}],"seed_played":"-7986332243757511878","potions_obtained":[{"floor":6,"key":"SkillPotion"}],"is_trial":false,"path_per_floor":["M","$","?","?","M","M","E"],"character_chosen":"THE_SILENT","items_purchased":["PiercingWail"],"campfire_rested":0,"item_purchase_floors":[2],"current_hp_per_floor":[60,60,42,42,40,40,34,34],"gold":42,"neow_bonus":"RANDOM_COLORLESS_2","is_daily":false,"chose_seed":false,"campfire_upgraded":0,"win_rate":0.0,"timestamp":1611122440,"path_taken":["M","$","?","?","?","M","E"],"items_purchased_type":["Card"],"build_version":"2020-12-22","purchased_purges":1,"victory":false,"max_hp_per_floor":[70,70,70,70,70,70,70,70],"card_choices":[{"not_picked":["The Bomb","Chrysalis"],"picked":"Panache","floor":0.0},{"not_picked":["Underhanded Strike","Prepared"],"picked":"Blur","floor":1},{"not_picked":["Quick Slash","Crippling Poison","Bane"],"picked":"SKIP","floor":5},{"not_picked":["Dagger Spray","Underhanded Strike","Sucker Punch"],"picked":"SKIP","floor":6}],"player_experience":51273,"relics_obtained":[],"event_choices":[{"damage_healed":0,"gold_gain":0,"player_choice":"Success","damage_taken":18,"relics_obtained":["The Specimen"],"max_hp_gain":0,"max_hp_loss":0,"event_name":"Scrap Ooze","floor":3,"gold_loss":0},{"damage_healed":0,"gold_gain":0,"player_choice":"Upgraded","damage_taken":0,"max_hp_gain":0,"max_hp_loss":0,"event_name":"Upgrade Shrine","floor":4,"gold_loss":0,"cards_upgraded":["Blur"]}],"is_beta":false,"boss_relics":[],"items_purged_floors":[2],"is_endless":false,"potions_floor_spawned":[6],"killed_by":"Lagavulin","ascension_level":1}}