{"host":"07w92xc562nr1xn4","time":1611185955,"event":{"mods":["BaseMod","Colored Map","Colored Powertips","Minty Spire (QoL Compilation)","Quick Restart","Replay The Spire","StSLib","The Senshi"],"gold_per_floor":[111,126,139,149,149,181,207,220,220,220,255,266,286,286,286,390,390,408,426,426,426,426,460,478,503,503,522,217,251,251,269,269,374,374,394,484,484,202,219,219,252,252,276,286,318,193,225,239,239,239,239,239,36,69,69,69],"floor_reached":55,"language":"ENG","playtime":6197,"items_purged":["Strike_G","Strike_G","Strike_G"],"score":947,"play_id":"f6feb75b-db22-45f0-98d0-e703b1ad5f91","local_time":"20210120183915","is_ascension_mode":true,"campfire_choices":[{"data":"Neutralize","floor":10.0,"key":"SMITH"},{"data":"After Image","floor":15.0,"key":"SMITH"},{"data":"Burst","floor":30.0,"key":"SMITH"},{"data":"Fluid Movement","floor":32.0,"key":"SMITH"},{"data":"Blade Dance","floor":40.0,"key":"SMITH"},{"data":"Panache","floor":42.0,"key":"SMITH"},{"floor":49.0,"key":"RECALL"},{"data":"Infinite Blades","floor":52.0,"key":"SMITH"}],"circlet_count":0,"master_deck":["Strike_G","Defend_G+1","Defend_G+1","Defend_G+1","Defend_G+1","Defend_G+1","Survivor","Neutralize+1","Blade Dance+1","Infinite Blades+1","Backflip","After Image+1","All Out Attack","Flying Knee","Blur","Burst+1","PiercingWail+1","Terror","Accuracy","Finisher+1","Blade Dance","ReplayTheSpireMod:Speed Training","Cloak And Dagger","Fluid Movement+1","Panache+1","Panache","Caltrops","Distraction+1","Expertise","Escape Plan+1","Acrobatics+1","Adrenaline"],"relics":["Ring of the Snake","Bronze Scales","Akabeko","Vajra","Replay:Bottled Eggs","Boot","Sozu","Replay:Bottled Flurry","theSenshi:SpiralHeartMoonRodRelic","Art of War","Replay:Bottled Steam","Blue Doll","Lizard Tail","WristBlade","Happy Flower","Orichalcum","Replay:Wax Seal","Ancient Tea Set","ReplayTheSpireMod:Lightbulb","Oddly Smooth Stone"],"acts_visited":["Exordium","TheCity","TheBeyond","TheEnding"],"potions_floor_usage":[55,55],"damage_taken":[{"damage":0.0,"enemies":"Cultist","floor":1.0,"turns":4.0},{"damage":0.0,"enemies":"Jaw Worm","floor":2.0,"turns":4.0},{"damage":2.0,"enemies":"Small Slimes","floor":3.0,"turns":4.0},{"damage":8.0,"enemies":"Red Slaver","floor":4.0,"turns":5.0},{"damage":37.0,"enemies":"Gremlin Nob","floor":6.0,"turns":5.0},{"damage":0.0,"enemies":"Large Slime","floor":8.0,"turns":5.0},{"damage":5.0,"enemies":"Replay:BlueRogue","floor":11.0,"turns":5.0},{"damage":0.0,"enemies":"Looter","floor":12.0,"turns":2.0},{"damage":0.0,"enemies":"Exordium Wildlife","floor":13.0,"turns":4.0},{"damage":23.0,"enemies":"Fading Forest","floor":16.0,"turns":11.0},{"damage":0.0,"enemies":"3 Byrds","floor":18.0,"turns":2.0},{"damage":0.0,"enemies":"Chosen","floor":19.0,"turns":5.0},{"damage":7.0,"enemies":"Slavers","floor":23.0,"turns":5.0},{"damage":0.0,"enemies":"Snake Plant","floor":24.0,"turns":4.0},{"damage":0.0,"enemies":"Gremlin Leader","floor":25.0,"turns":7.0},{"damage":0.0,"enemies":"Shelled Parasite and Fungi","floor":27.0,"turns":5.0},{"damage":0.0,"enemies":"Replay:Snechameleon","floor":29.0,"turns":5.0},{"damage":0.0,"enemies":"Chosen and Byrds","floor":31.0,"turns":5.0},{"damage":19.0,"enemies":"Collector","floor":33.0,"turns":10.0},{"damage":0.0,"enemies":"3 Shapes","floor":35.0,"turns":3.0},{"damage":21.0,"enemies":"3 Darklings","floor":39.0,"turns":4.0},{"damage":0.0,"enemies":"Reptomancer","floor":41.0,"turns":3.0},{"damage":6.0,"enemies":"Spire Growth","floor":44.0,"turns":3.0},{"damage":0.0,"enemies":"R_Hoarder","floor":45.0,"turns":5.0},{"damage":0.0,"enemies":"Nemesis","floor":47.0,"turns":4.0},{"damage":11.0,"enemies":"Writhing Mass","floor":48.0,"turns":4.0},{"damage":7.0,"enemies":"Awakened One","floor":50.0,"turns":9.0},{"damage":44.0,"enemies":"Shield and Spear","floor":54.0,"turns":4.0},{"damage":72,"enemies":"The Heart","floor":55,"turns":6}],"seed_played":"9178692918555857620","potions_obtained":[{"floor":6.0,"key":"SpeedPotion"},{"floor":8.0,"key":"Regen Potion"},{"floor":11.0,"key":"Poison Potion"},{"floor":12.0,"key":"Milkshake"},{"floor":13.0,"key":"Flashbang"},{"floor":16.0,"key":"SkillPotion"}],"is_trial":false,"path_per_floor":["M","M","M","M","?","E","T","M","T","R","E","M","M","?","R","B",null,"M","M","T","?","?","E","M","E","T","M","$","E","R","M","R","B",null,"M","?","?","$","M","R","E","R","T","M","E","$","E","M","R","B",null,"R","$","E","B"],"character_chosen":"THE_SILENT","items_purchased":["ReplayTheSpireMod:Speed Training","Blue Doll","Panache","Caltrops","ReplayTheSpireMod:Lightbulb"],"campfire_rested":0,"item_purchase_floors":[28,28,38,38,53],"current_hp_per_floor":[70,70,68,60,60,23,23,23,23,23,32,32,32,70,70,47,70,70,70,70,70,70,63,65,67,67,70,70,70,70,70,70,53,70,70,70,70,70,59,59,61,61,61,57,59,59,61,52,52,55,70,70,70,30,0,0],"gold":69,"neow_bonus":"RANDOM_COMMON_RELIC","is_daily":false,"chose_seed":false,"campfire_upgraded":7,"win_rate":0.0,"timestamp":1611185955,"path_taken":["M","M","M","?","?","E","?","M","T","R","E","M","M","?","R","BOSS","M","M","?","?","?","E","M","E","T","M","$","E","R","M","R","BOSS","M","?","?","$","M","R","E","R","T","M","E","$","E","M","R","BOSS","R","$","E","BOSS"],"items_purchased_type":["Card","Relic","Card","Card","Relic"],"build_version":"2020-12-22","purchased_purges":3,"victory":false,"max_hp_per_floor":[70,70,70,70,70,70,70,70,70,70,70,70,70,70,70,70,70,70,70,70,70,70,70,70,70,70,70,70,70,70,70,70,70,70,70,70,70,70,70,70,70,70,70,70,70,70,70,70,70,70,70,70,70,70,70,70],"card_choices":[{"not_picked":["Hidden Blade","Slice"],"picked":"Blade Dance","floor":1.0},{"not_picked":["Distraction","Replay:Poison Smokescreen"],"picked":"Infinite Blades","floor":2.0},{"not_picked":["Crippling Poison","Poisoned Stab"],"picked":"Backflip","floor":3.0},{"not_picked":["Crippling Poison","Cloak And Dagger","Outmaneuver"],"picked":"SKIP","floor":4.0},{"not_picked":["Skewer","Dagger Throw","Deflect"],"picked":"SKIP","floor":6.0},{"not_picked":["Backflip","Deadly Poison"],"picked":"All Out Attack","floor":8.0},{"not_picked":["Cloak And Dagger","Skewer","Sucker Punch"],"picked":"SKIP","floor":11.0},{"not_picked":["Underhanded Strike","Backflip"],"picked":"Flying Knee","floor":12.0},{"not_picked":["Masterful Stab","Outmaneuver"],"picked":"Blur","floor":13.0},{"not_picked":["Corpse Explosion","Malaise"],"picked":"Burst","floor":16.0},{"not_picked":["Hidden Blade+1","Dodge and Roll+1"],"picked":"PiercingWail+1","floor":18.0},{"not_picked":["Backflip","Blade Dance"],"picked":"Terror","floor":19.0},{"not_picked":["Noxious Fumes","Unload","Riddle With Holes"],"picked":"SKIP","floor":23.0},{"not_picked":["Sucker Punch","Backflip+1"],"picked":"Finisher+1","floor":24.0},{"not_picked":["Flechettes+1","Finisher"],"picked":"Blade Dance","floor":25.0},{"not_picked":["Hidden Blade","PiercingWail","Leg Sweep"],"picked":"SKIP","floor":27.0},{"not_picked":["Glass Knife","Endless Agony"],"picked":"Cloak And Dagger","floor":29.0},{"not_picked":["Poisoned Stab+1","Backflip"],"picked":"Fluid Movement","floor":31.0},{"not_picked":["Atom Bomb","Replay:Bag of Tricks"],"picked":"Phantasmal Killer","floor":33.0},{"not_picked":["Cloak And Dagger+1","Backflip","Poisoned Stab"],"picked":"SKIP","floor":35.0},{"not_picked":["Catalyst","Flying Knee"],"picked":"Distraction+1","floor":39.0},{"not_picked":["After Image","Underhanded Strike"],"picked":"Expertise","floor":41.0},{"not_picked":["Outmaneuver","PiercingWail+1"],"picked":"Escape Plan+1","floor":44.0},{"not_picked":["Sucker Punch","Skewer"],"picked":"Acrobatics+1","floor":45.0},{"not_picked":["Finisher+1","Replay:Poison Smokescreen+1"],"picked":"Adrenaline","floor":47.0},{"not_picked":["Deadly Poison+1","Dagger Spray+1","Hidden Blade"],"picked":"SKIP","floor":48.0},{"not_picked":["Fluid Movement","Underhanded Strike","Backstab+1"],"picked":"SKIP","floor":54.0}],"player_experience":630668,"relics_obtained":[{"floor":6.0,"key":"Akabeko"},{"floor":7.0,"key":"Vajra"},{"floor":9.0,"key":"Replay:Bottled Eggs"},{"floor":11.0,"key":"Boot"},{"floor":20.0,"key":"Replay:Bottled Flurry"},{"floor":23.0,"key":"theSenshi:SpiralHeartMoonRodRelic"},{"floor":25.0,"key":"Art of War"},{"floor":26.0,"key":"Replay:Bottled Steam"},{"floor":29.0,"key":"Lizard Tail"},{"floor":36.0,"key":"Happy Flower"},{"floor":41.0,"key":"Orichalcum"},{"floor":45.0,"key":"Replay:Wax Seal"},{"floor":47.0,"key":"Ancient Tea Set"},{"floor":54.0,"key":"Oddly Smooth Stone"}],"event_choices":[{"damage_healed":0.0,"max_hp_gain":0.0,"max_hp_loss":0.0,"gold_gain":0.0,"cards_transformed":["Strike_G"],"event_name":"Living Wall","player_choice":"Change","floor":5.0,"gold_loss":0.0,"damage_taken":0.0,"cards_obtained":["After Image"]},{"damage_healed":38.0,"max_hp_gain":0.0,"max_hp_loss":0.0,"gold_gain":0.0,"event_name":"Wheel of Change","player_choice":"Full Heal","floor":14.0,"gold_loss":0.0,"damage_taken":0.0},{"damage_healed":0.0,"max_hp_gain":0.0,"max_hp_loss":0.0,"gold_gain":0.0,"event_name":"Vampires","player_choice":"Ignored","floor":21.0,"gold_loss":0.0,"damage_taken":0.0},{"damage_healed":0.0,"max_hp_gain":0.0,"max_hp_loss":0.0,"gold_gain":0.0,"event_name":"The Library","player_choice":"Read","floor":22.0,"gold_loss":0.0,"damage_taken":0.0,"cards_obtained":["Accuracy"]},{"cards_removed":["Phantasmal Killer"],"damage_healed":0.0,"max_hp_gain":0.0,"max_hp_loss":0.0,"gold_gain":0.0,"event_name":"Falling","player_choice":"Removed Skill","floor":37.0,"gold_loss":0.0,"damage_taken":0.0}],"is_beta":false,"boss_relics":[{"not_picked":["Kintsugi","Tiny House"],"picked":"Sozu"},{"not_picked":["Replay:Bronze Core","Velvet Choker"],"picked":"WristBlade"}],"items_purged_floors":[28,38,46],"is_endless":false,"potions_floor_spawned":[6,8,11,12,13,16,19,23,25,35,45,47,48,54],"killed_by":"The Heart","ascension_level":1}}