{"host":"uld0x1f6or5rl385","time":1611101061,"event":{"mods":["BaseMod","Minty Spire (QoL Compilation)","Quick Restart","StSLib","Unceasing Turn Reminder"],"gold_per_floor":[111,111,36,48,63,63,76,87,137,137,107,124,124,154,154,255,255,275,22,22,22,22,22,22,22,47,47,66,96,107,207,207,305,305,320,39,39,89,101,101,113,113,113,127,127,142,175,175,175,175],"floor_reached":51,"language":"ZHS","playtime":1254,"items_purged":["Strike_R","Shame"],"score":793,"play_id":"9780a4f0-2180-4599-9693-08aa08ec26e8","local_time":"20210120080421","is_ascension_mode":false,"campfire_choices":[{"data":"Exhume","floor":6.0,"key":"SMITH"},{"data":"Dual Wield","floor":10.0,"key":"SMITH"},{"data":"Clash","floor":13.0,"key":"SMITH"},{"data":"Bash","floor":15.0,"key":"SMITH"},{"data":"Dual Wield","floor":23.0,"key":"SMITH"},{"data":"Defend_R","floor":25.0,"key":"SMITH"},{"data":"Defend_R","floor":32.0,"key":"SMITH"},{"floor":40,"key":"REST"},{"data":"Dual Wield","floor":42,"key":"SMITH"},{"floor":49,"key":"REST"}],"circlet_count":0,"master_deck":["Strike_R","Strike_R","Defend_R+1","Defend_R","Defend_R+1","Bash+1","Cleave","Exhume+1","Clash+1","Dual Wield+1","Offering","Dual Wield+1","Dual Wield+1","Panacea+1","Ghostly Armor+1","Mayhem"],"relics":["Burning Blood","Strawberry","Vajra","InkBottle","Busted Crown","Paper Frog","Shuriken","Pen Nib","Pear","Bag of Marbles","Lizard Tail","Mango","Toxic Egg 2","Black Star","Incense Burner","Letter Opener","Du-Vu Doll","Pantograph"],"acts_visited":["Exordium","TheCity","TheBeyond"],"potions_floor_usage":[33,33,35,41,41,50,50,50],"damage_taken":[{"damage":5.0,"enemies":"Jaw Worm","floor":1.0,"turns":4.0},{"damage":1.0,"enemies":"Cultist","floor":4.0,"turns":4.0},{"damage":0.0,"enemies":"2 Louse","floor":5.0,"turns":2.0},{"damage":0.0,"enemies":"Gremlin Gang","floor":7.0,"turns":4.0},{"damage":0.0,"enemies":"3 Louse","floor":8.0,"turns":2.0},{"damage":1.0,"enemies":"Exordium Wildlife","floor":12.0,"turns":3.0},{"damage":26.0,"enemies":"Lagavulin","floor":14.0,"turns":5.0},{"damage":44.0,"enemies":"Hexaghost","floor":16.0,"turns":5.0},{"damage":0.0,"enemies":"3 Byrds","floor":18.0,"turns":3.0},{"damage":19.0,"enemies":"Shell Parasite","floor":28.0,"turns":2.0},{"damage":12.0,"enemies":"Gremlin Leader","floor":29.0,"turns":4.0},{"damage":8.0,"enemies":"Snecko","floor":30.0,"turns":3.0},{"damage":19.0,"enemies":"Colosseum Slavers","floor":31.0,"turns":3.0},{"damage":13.0,"enemies":"Colosseum Nobs","floor":31.0,"turns":2.0},{"damage":67,"enemies":"Automaton","floor":33,"turns":7},{"damage":46,"enemies":"3 Darklings","floor":35,"turns":6},{"damage":12,"enemies":"Mind Bloom Boss Battle","floor":38,"turns":1},{"damage":0,"enemies":"Orb Walker","floor":39,"turns":2},{"damage":44,"enemies":"Writhing Mass","floor":41,"turns":3},{"damage":24,"enemies":"Jaw Worm Horde","floor":44,"turns":3},{"damage":6,"enemies":"Sphere and 2 Shapes","floor":46,"turns":1},{"damage":12,"enemies":"Nemesis","floor":47,"turns":3},{"damage":86,"enemies":"Donu and Deca","floor":50,"turns":8}],"seed_played":"7995869114074301121","potions_obtained":[{"floor":7.0,"key":"BloodPotion"},{"floor":11.0,"key":"EntropicBrew"},{"floor":11.0,"key":"Fire Potion"},{"floor":12.0,"key":"AttackPotion"},{"floor":14.0,"key":"SteroidPotion"},{"floor":29.0,"key":"AttackPotion"},{"floor":30.0,"key":"EssenceOfSteel"},{"floor":33,"key":"AttackPotion"},{"floor":35,"key":"SkillPotion"},{"floor":46,"key":"Fire Potion"},{"floor":47,"key":"Fire Potion"}],"is_trial":false,"path_per_floor":["M","?","$","M","M","R","M","M","T","R","?","M","R","E","R","B",null,"M","$","?","T","?","R","T","R","T","?","M","E","M","?","R","B",null,"M","$","?","?","M","R","M","R","T","M","?","M","E","?","R","B",null],"character_chosen":"IRONCLAD","items_purchased":["Paper Frog","BloodPotion","BloodPotion","Panacea+1"],"campfire_rested":2,"item_purchase_floors":[19,36,36,36],"current_hp_per_floor":[87,87,87,87,87,87,87,87,87,87,87,87,87,67,67,46,87,87,87,87,87,87,87,97,97,97,97,84,78,76,70,70,9,111,71,71,71,65,71,104,106,106,106,88,88,88,82,82,105,25],"gold":175,"neow_bonus":"RANDOM_COMMON_RELIC","is_daily":false,"chose_seed":false,"campfire_upgraded":8,"win_rate":0.0,"timestamp":1611101061,"path_taken":["M","?","?","M","M","R","?","M","T","R","?","?","R","E","R","BOSS","M","$","?","?","?","R","?","R","T","?","M","E","M","?","R","BOSS","M","$","?","?","M","R","M","R","T","M","?","M","E","?","R","BOSS"],"items_purchased_type":["Relic","Potion","Potion","Card"],"build_version":"2020-12-22","purchased_purges":2,"victory":true,"max_hp_per_floor":[87,87,87,87,87,87,87,87,87,87,87,87,87,87,87,87,87,87,87,87,87,87,87,97,97,97,97,97,97,97,111,111,111,111,111,111,111,111,111,111,111,111,111,111,105,105,105,105,105,105],"card_choices":[{"not_picked":["Body Slam","Entrench"],"picked":"Cleave","floor":1.0},{"not_picked":["Twin Strike","Bloodletting"],"picked":"Clash","floor":4.0},{"not_picked":["Armaments","Sword Boomerang","Pummel"],"picked":"SKIP","floor":5.0},{"not_picked":["Sentinel","Rupture"],"picked":"Dual Wield","floor":7.0},{"not_picked":["Hemokinesis","Heavy Blade","True Grit"],"picked":"SKIP","floor":8.0},{"not_picked":["Armaments","Bloodletting","Spot Weakness"],"picked":"SKIP","floor":12.0},{"not_picked":["Intimidate","Second Wind","Clothesline"],"picked":"SKIP","floor":14.0},{"not_picked":["Bludgeon","Limit Break"],"picked":"Offering","floor":16.0},{"not_picked":[],"picked":"Dual Wield","floor":18.0},{"not_picked":[],"picked":"Dual Wield","floor":28.0},{"not_picked":["Sword Boomerang"],"picked":"SKIP","floor":29.0},{"not_picked":["Cleave"],"picked":"SKIP","floor":30.0},{"not_picked":["Body Slam"],"picked":"SKIP","floor":35},{"not_picked":["Armaments+1"],"picked":"SKIP","floor":39},{"not_picked":["Battle Trance+1"],"picked":"SKIP","floor":41},{"not_picked":["Warcry+1"],"picked":"SKIP","floor":44},{"not_picked":[],"picked":"Ghostly Armor+1","floor":46},{"not_picked":["Fire Breathing+1"],"picked":"SKIP","floor":47},{"not_picked":[],"picked":"Mayhem","floor":48}],"player_experience":342703,"relics_obtained":[{"floor":9.0,"key":"Vajra"},{"floor":14.0,"key":"InkBottle"},{"floor":21.0,"key":"Shuriken"},{"floor":24.0,"key":"Pear"},{"floor":26.0,"key":"Bag of Marbles"},{"floor":29.0,"key":"Lizard Tail"},{"floor":31.0,"key":"Mango"},{"floor":31.0,"key":"Toxic Egg 2"},{"floor":38,"key":"Incense Burner"},{"floor":43,"key":"Letter Opener"},{"floor":47,"key":"Du-Vu Doll"},{"floor":47,"key":"Pantograph"}],"event_choices":[{"damage_healed":0.0,"max_hp_gain":0.0,"max_hp_loss":0.0,"gold_gain":0.0,"cards_transformed":["Strike_R"],"event_name":"Transmorgrifier","player_choice":"Transformed","floor":2.0,"gold_loss":0.0,"damage_taken":0.0,"cards_obtained":["Exhume"]},{"damage_healed":0.0,"max_hp_gain":0.0,"max_hp_loss":0.0,"gold_gain":0.0,"event_name":"The Woman in Blue","player_choice":"Bought 2 Potions","floor":11.0,"gold_loss":0.0,"damage_taken":0.0},{"cards_removed":["Defend_R"],"damage_healed":0.0,"max_hp_gain":0.0,"max_hp_loss":0.0,"gold_gain":0.0,"event_name":"Back to Basics","player_choice":"Elegance","floor":20.0,"gold_loss":0.0,"damage_taken":0.0},{"damage_healed":0.0,"max_hp_gain":0.0,"max_hp_loss":0.0,"gold_gain":0.0,"event_name":"Addict","player_choice":"Stole Relic","floor":22.0,"gold_loss":0.0,"damage_taken":0.0,"relics_obtained":["Pen Nib"],"cards_obtained":["Shame"]},{"damage_healed":0.0,"max_hp_gain":0.0,"max_hp_loss":0.0,"gold_gain":0.0,"event_name":"Ghosts","player_choice":"Ignored","floor":27.0,"gold_loss":0.0,"damage_taken":0.0},{"damage_healed":0.0,"max_hp_gain":0.0,"max_hp_loss":0.0,"gold_gain":0.0,"event_name":"Colosseum","player_choice":"Fight","floor":31.0,"gold_loss":0.0,"damage_taken":0.0},{"damage_healed":0.0,"max_hp_gain":0.0,"max_hp_loss":0.0,"gold_gain":0.0,"event_name":"Colosseum","player_choice":"Fought Nobs","floor":31.0,"gold_loss":0.0,"damage_taken":0.0},{"cards_removed":["Strike_R"],"damage_healed":0,"gold_gain":0,"player_choice":"Removed Attack","damage_taken":0,"max_hp_gain":0,"max_hp_loss":0,"event_name":"Falling","floor":37,"gold_loss":0},{"damage_healed":0,"gold_gain":0,"player_choice":"Fight","damage_taken":0,"max_hp_gain":0,"max_hp_loss":0,"event_name":"MindBloom","floor":38,"gold_loss":0},{"damage_healed":0,"gold_gain":0,"player_choice":"Max HP","damage_taken":0,"max_hp_gain":0,"max_hp_loss":6,"event_name":"Winding Halls","floor":45,"gold_loss":0},{"damage_healed":0,"gold_gain":0,"player_choice":"Memory 1","damage_taken":0,"max_hp_gain":0,"max_hp_loss":0,"event_name":"SensoryStone","floor":48,"gold_loss":0}],"is_beta":false,"boss_relics":[{"not_picked":["SlaversCollar","Fusion Hammer"],"picked":"Busted Crown"},{"not_picked":["Snecko Eye","Runic Pyramid"],"picked":"Black Star"}],"items_purged_floors":[3,36],"is_endless":false,"potions_floor_spawned":[7,12,14,29,30,33,35,46,47],"ascension_level":0}}