{"host":"bf9sa99gaumonoeu","time":1611158435,"event":{"mods":["AchievementEnabler","Act Like it!","Aspiration","BaseMod","Bestiary","Better Note","Block Reminder","Colored Map","Colored Powertips","Fox Events","Friendly Minions","Gensokyo","GifTheSpireLib","Googly Eyes","Hallownest","Hermit","Highlight Path","Jorbs\u0027s Wanderer Trilogy","KinomotoSakuraMod(????)","Koishi","Marisa????????","Minty Spire (QoL Compilation)","Rare Cards Sparkle","Reimu??????","Relic Stats","Spire Arcade","StS++","StSLib","The Administrix","The Animator","The Bug Knight","The Construct","The Cursed","The Hierophant","The Mystic","The Necromancer","The Poker Player","The Runesmith","The Senshi","The Servant 0.9.4","ojb\u0027s Info Mod"],"gold_per_floor":[14,164,239,259,271,271,297,297,446,446,186,204,246,246,246,246,246],"floor_reached":16,"language":"ENG","playtime":804,"items_purged":["Doubt"],"score":196,"play_id":"2848d787-a981-49f9-9010-92de8fa42743","local_time":"20210120140035","is_ascension_mode":true,"campfire_choices":[{"data":"All Out Attack","floor":6.0,"key":"SMITH"},{"data":"Terror","floor":8.0,"key":"SMITH"},{"floor":10.0,"key":"REST"},{"floor":15.0,"key":"REST"}],"circlet_count":0,"master_deck":["AscendersBane","Strike_G","Strike_G","Strike_G","Defend_G","Defend_G","Defend_G","Defend_G","Defend_G","Survivor","Neutralize","Terror+1","Choke","All Out Attack+1","Flying Knee","Dagger Throw","Bouncing Flask","Dagger Spray","Malaise"],"relics":["Ring of the Snake","foxEvents:LuckyCharm","Letter Opener","Omamori","CeramicFish","Golden Idol"],"acts_visited":["Exordium"],"potions_floor_usage":[],"damage_taken":[{"damage":0.0,"enemies":"2 Louse","floor":1.0,"turns":4.0},{"damage":2.0,"enemies":"Small Slimes","floor":4.0,"turns":4.0},{"damage":0.0,"enemies":"Jaw Worm","floor":5.0,"turns":4.0},{"damage":23.0,"enemies":"Colosseum Slavers","floor":7.0,"turns":4.0},{"damage":5.0,"enemies":"Exordium Thugs","floor":12.0,"turns":4.0},{"damage":8.0,"enemies":"Gremlin Nob","floor":13.0,"turns":3.0},{"damage":79,"enemies":"Slime Boss","floor":16,"turns":10}],"seed_played":"6027875554628481882","potions_obtained":[{"floor":1.0,"key":"FairyPotion"},{"floor":5.0,"key":"Swift Potion"},{"floor":12.0,"key":"FearPotion"}],"is_trial":false,"path_per_floor":["M","?","?","M","M","R","?","R","T","R","$","M","E","?","R","B"],"character_chosen":"THE_SILENT","items_purchased":["Dagger Spray","Omamori"],"campfire_rested":2,"item_purchase_floors":[11,11],"current_hp_per_floor":[59,59,48,46,46,46,23,23,23,42,42,37,29,29,48,0,0],"gold":246,"neow_bonus":"TRANSFORM_TWO_CARDS","is_daily":false,"chose_seed":false,"campfire_upgraded":2,"win_rate":0.0,"timestamp":1611158435,"path_taken":["M","?","?","M","M","R","?","R","T","R","$","M","E","?","R","BOSS"],"items_purchased_type":["Card","Relic"],"build_version":"2020-12-22","purchased_purges":1,"victory":false,"max_hp_per_floor":[66,66,66,66,66,66,66,66,66,66,66,66,66,66,66,66,66],"relic_stats":{"counters":[7,33],"Golden Idol":0,"CeramicFish":9,"Letter Opener":[10],"obtain_stats":[{"Golden Idol":14,"CeramicFish":13,"foxEvents:LuckyCharm":7,"Omamori":11,"Letter Opener":9,"Ring of the Snake":0},{"Golden Idol":6,"CeramicFish":6,"foxEvents:LuckyCharm":4,"Omamori":4,"Letter Opener":4,"Ring of the Snake":0},{"Golden Idol":23,"CeramicFish":23,"foxEvents:LuckyCharm":16,"Omamori":16,"Letter Opener":16,"Ring of the Snake":0}],"Ring of the Snake":[14]},"card_choices":[{"not_picked":["Heel Hook","Catalyst"],"picked":"All Out Attack","floor":1.0},{"not_picked":["Backflip","Deadly Poison"],"picked":"Flying Knee","floor":4.0},{"not_picked":["StSpp:TimeParadox","Choke"],"picked":"Dagger Throw","floor":5.0},{"not_picked":["Infinite Blades","Dagger Throw"],"picked":"Bouncing Flask","floor":7.0},{"not_picked":["StSpp:Throw","Dagger Spray","Acrobatics"],"picked":"SKIP","floor":12.0},{"not_picked":["Accuracy","Skewer"],"picked":"Malaise","floor":13.0}],"player_experience":1033484,"relics_obtained":[{"floor":7.0,"key":"foxEvents:LuckyCharm"},{"floor":9.0,"key":"Letter Opener"},{"floor":13.0,"key":"CeramicFish"}],"event_choices":[{"damage_healed":0.0,"max_hp_gain":0.0,"max_hp_loss":0.0,"gold_gain":150.0,"event_name":"Liars Game","player_choice":"AGREE","floor":2.0,"gold_loss":0.0,"damage_taken":0.0,"cards_obtained":["Doubt"]},{"damage_healed":0.0,"max_hp_gain":0.0,"max_hp_loss":0.0,"gold_gain":75.0,"event_name":"World of Goop","player_choice":"Gather Gold","floor":3.0,"gold_loss":0.0,"damage_taken":11.0},{"damage_healed":0.0,"max_hp_gain":0.0,"max_hp_loss":0.0,"gold_gain":0.0,"event_name":"Golden Idol","player_choice":"Take Wound","floor":14.0,"gold_loss":0.0,"damage_taken":0.0,"relics_obtained":["Golden Idol"],"cards_obtained":["Injury"]}],"is_beta":false,"boss_relics":[],"items_purged_floors":[11],"is_endless":false,"potions_floor_spawned":[1,5,12],"killed_by":"Slime Boss","ascension_level":20}}