{"host":"1vfpjvae9xcvmh7u","time":1611122781,"event":{"mods":["BaseMod","Downfall","Hermit","Hubris","Infinite Spire","Jorbs\u0027s Wanderer Trilogy","Minty Spire (QoL Compilation)","StSLib","The Construct","The Cursed","The Marked","The Necromancer","The Runesmith","The Servant 0.9.4"],"gold_per_floor":[99,112,128,128,128,128,152,163,163,175,195,207,221,238,249,353,353,353,370,380,380,443,455,492,504,526,538,561,25,25,36,52,147,147,147,147,160,4,18,18,18,33,51,51,70,81,81,99,99,99],"floor_reached":51,"language":"ENG","playtime":3323,"items_purged":["Writhe"],"score":749,"play_id":"9d65f9d5-bca7-48e0-a00d-85294883a96c","local_time":"20210119220621","is_ascension_mode":false,"campfire_choices":[{"data":"hexamod:Sear","floor":1,"key":"SMITH"},{"data":"hexamod:SwordOfDarkness","floor":6,"key":"SMITH"},{"data":"hexamod:HeatShield","floor":9,"key":"SMITH"},{"data":"hexamod:Incineration","floor":18,"key":"SMITH"},{"data":"expansioncontent:StudyTheSpire","floor":30,"key":"SMITH"},{"data":"hexamod:HeatCrush","floor":35,"key":"SMITH"},{"data":"hexamod:HeatCrush","floor":47,"key":"SMITH"},{"data":"hexamod:SpectersWail","floor":49,"key":"SMITH"}],"circlet_count":0,"master_deck":["hexamod:Strike+1","hexamod:Strike","hexamod:Strike","hexamod:Defend","hexamod:Defend+1","hexamod:Defend+1","hexamod:Defend","hexamod:Sear+1","hexamod:Float+1","hexamod:EtherealExpedition+1","hexamod:SwordOfDarkness+1","hexamod:HeatShield+1","hexamod:SpectersWail+1","hexamod:Incineration+1","hexamod:SwordOfDarkness+1","hexamod:ThirdSeal","hexamod:SwordOfDarkness+1","hexamod:SixthSeal","hexamod:RainOfEmbers+1","hexamod:HeatCrush+1","infinitespire:UltimateForm+1","hexamod:Hexaguard+1","hexamod:WildfireWeapon+1","expansioncontent:StudyTheSpire+1","hexamod:HeatCrush+1","hexamod:VolcanoVisage+1","hexamod:HexaLevel+1","hexamod:FlamesFromBeyond+1","Consume_Illness","hexamod:HeatCrush+1","hexamod:HeatCrush+1","hexamod:FifthSeal"],"relics":["Snecko Eye","InkBottle","Toy Ornithopter","hubris:GrandSneckoEye","Sozu","MawBank","infinitespire:PuzzleCube","Nunchaku","hexamod:MatchstickCase","Oddly Smooth Stone","TungstenRod","Lee\u0027s Waffle","hubris:SlimyHat","bronze:MakeshiftBattery","Guardian:PocketSentry","hubris:DisguiseKit"],"acts_visited":["Exordium","TheCity","TheBeyond"],"potions_floor_usage":[16,16,20,26,50],"damage_taken":[{"damage":1,"enemies":"Cultist","floor":2,"turns":3},{"damage":1,"enemies":"2 Louse","floor":3,"turns":3},{"damage":6,"enemies":"Jaw Worm","floor":8,"turns":3},{"damage":0,"enemies":"2 Fungi Beasts","floor":10,"turns":2},{"damage":0,"enemies":"3 Louse","floor":11,"turns":4},{"damage":5,"enemies":"Exordium Wildlife","floor":12,"turns":3},{"damage":0,"enemies":"Exordium Thugs","floor":13,"turns":3},{"damage":0,"enemies":"3 Louse","floor":14,"turns":3},{"damage":0,"enemies":"Large Slime","floor":15,"turns":3},{"damage":33,"enemies":"WA_ARCHETYPE_RETAIN","floor":16,"turns":5},{"damage":0,"enemies":"Spheric Guardian","floor":19,"turns":1},{"damage":14,"enemies":"3 Cultists","floor":20,"turns":3},{"damage":20,"enemies":"Centurion and Healer","floor":26,"turns":3},{"damage":0,"enemies":"Snake Plant","floor":28,"turns":2},{"damage":0,"enemies":"downfall:FleeingMerchant","floor":29,"turns":4},{"damage":0,"enemies":"Sentry and Sphere","floor":31,"turns":2},{"damage":2,"enemies":"Centurion and Healer","floor":32,"turns":3},{"damage":20,"enemies":"IC_MUSHROOM_ARCHETYPE","floor":33,"turns":3},{"damage":10,"enemies":"3 Darklings","floor":37,"turns":3},{"damage":0,"enemies":"3 Shapes","floor":39,"turns":2},{"damage":0,"enemies":"Spire Growth","floor":42,"turns":3},{"damage":0,"enemies":"Jaw Worm Horde","floor":43,"turns":3},{"damage":0,"enemies":"3 Darklings","floor":45,"turns":3},{"damage":0,"enemies":"Transient","floor":46,"turns":5},{"damage":0,"enemies":"Sphere and 2 Shapes","floor":48,"turns":3},{"damage":3,"enemies":"SI_POISON_ARCHETYPE","floor":50,"turns":3}],"seed_played":"8439810167324310061","potions_obtained":[{"floor":3,"key":"SkillPotion"},{"floor":8,"key":"Ancient Potion"},{"floor":10,"key":"champ:CounterPotion"},{"floor":16,"key":"Strength Potion"},{"floor":19,"key":"Explosive Potion"},{"floor":20,"key":"sneckomod:MuddlingPotion"}],"is_trial":false,"path_per_floor":["R","M","M","T","?","R","T","M","R","M","M","M","M","M","M","B",null,"R","M","M","AVR","T","?","T","?","M","?","M","$","R","M","M","B",null,"R","?","M","$","M","?","T","M","M","?","M","M","R","M","R","B",null],"character_chosen":"THE_SPIRIT","items_purchased":["expansioncontent:StudyTheSpire","TungstenRod","Lee\u0027s Waffle","hubris:SlimyHat","Guardian:PocketSentry"],"campfire_rested":0,"item_purchase_floors":[29,29,29,29,38],"current_hp_per_floor":[70,69,68,68,68,68,68,62,62,62,62,57,57,57,57,34,70,70,70,56,56,56,56,56,56,41,41,41,77,77,77,77,57,77,77,77,67,67,67,67,67,67,67,67,67,74,74,74,74,77],"gold":99,"neow_bonus":"BOSS_RELIC","is_daily":false,"chose_seed":false,"campfire_upgraded":8,"win_rate":0.0,"timestamp":1611122781,"path_taken":["R","M","M","?","?","R","T","M","R","M","M","M","M","M","M","BOSS","R","M","M","AVR","?","?","T","?","M","?","?","?","R","M","M","BOSS","R","?","M","$","M","?","T","?","M","?","M","M","R","M","R","BOSS"],"items_purchased_type":["Card","Relic","Relic","Relic","Relic"],"build_version":"2020-12-22","purchased_purges":1,"victory":true,"max_hp_per_floor":[70,70,70,70,70,70,70,70,70,70,70,70,70,70,70,70,70,70,70,70,70,70,70,70,70,70,70,70,77,77,77,77,77,77,77,77,77,77,77,77,77,77,77,77,77,77,77,77,77,77],"card_choices":[{"not_picked":["hexamod:BurningTouch","hexamod:CatchUp"],"picked":"hexamod:EtherealExpedition","floor":2},{"not_picked":["hexamod:GhostShield","hexamod:StepThrough"],"picked":"hexamod:SwordOfDarkness","floor":3},{"not_picked":["hexamod:Hexaguard","hexamod:ThirdSeal"],"picked":"hexamod:HeatShield","floor":8},{"not_picked":["hexamod:SuperheatedStrike","hexamod:FastForward","hexamod:InspiringFlames"],"picked":"SKIP","floor":10},{"not_picked":["hexamod:ChargedBarrage","hexamod:SecondSeal"],"picked":"hexamod:SpectersWail","floor":11},{"not_picked":["hexamod:SuperheatedStrike","hexamod:BacktrackSmack"],"picked":"hexamod:Incineration","floor":12},{"not_picked":["hexamod:NightmareGuise","hexamod:BurningTouch"],"picked":"hexamod:SwordOfDarkness","floor":13},{"not_picked":["hexamod:HauntingEcho","hexamod:HeatMetal"],"picked":"hexamod:ThirdSeal","floor":14},{"not_picked":["hexamod:HeatMetal","hexamod:AdvancingGuard"],"picked":"hexamod:SwordOfDarkness","floor":15},{"not_picked":["hexamod:RetreatToShadows","hexamod:NightmareGuise","hexamod:StepThrough"],"picked":"SKIP","floor":15},{"not_picked":["hexamod:WildfireWeapon","hexamod:FlameSwitch"],"picked":"hexamod:SixthSeal","floor":16},{"not_picked":["hexamod:HeatMetal","hexamod:BacktrackSmack+1"],"picked":"hexamod:RainOfEmbers+1","floor":19},{"not_picked":["hexamod:BacktrackSmack+1","hexamod:SuperheatedStrike+1"],"picked":"hexamod:HeatCrush","floor":20},{"not_picked":["hexamod:InspiringFlames","hexamod:RainOfEmbers+1"],"picked":"hexamod:Hexaguard+1","floor":26},{"not_picked":["hexamod:HauntingEcho","hexamod:AdvancingGuard","hexamod:BacktrackSmack"],"picked":"SKIP","floor":26},{"not_picked":["hexamod:FlamesFromBeyond","hexamod:Incineration"],"picked":"hexamod:WildfireWeapon","floor":28},{"not_picked":["hexamod:Hexaguard","hexamod:AdvancingGuard","hexamod:Again"],"picked":"SKIP","floor":28},{"not_picked":["hexamod:SpectralSpark","hexamod:Incineration","hexamod:SuperheatedStrike"],"picked":"SKIP","floor":29},{"not_picked":["hexamod:NightmareStrike","hexamod:ThirdSeal","hexamod:Hexaguard"],"picked":"SKIP","floor":31},{"not_picked":["hexamod:InspiringFlames","hexamod:BurningTouch"],"picked":"hexamod:HeatCrush+1","floor":32},{"not_picked":["hexamod:SecondSeal","hexamod:BurningTouch","hexamod:GhostLash+1"],"picked":"SKIP","floor":32},{"not_picked":["hexamod:ParanormalForm","hexamod:TimeOfNeed"],"picked":"hexamod:VolcanoVisage","floor":33},{"not_picked":["hexamod:FifthSeal","hexamod:UnleashSpirits"],"picked":"hexamod:HexaLevel","floor":33},{"not_picked":["hexamod:GhostShield","hexamod:ShieldOfDarkness"],"picked":"hexamod:FlamesFromBeyond","floor":37},{"not_picked":["hexamod:BacktrackSmack","hexamod:RetreatToShadows","hexamod:NightmareStrike+1"],"picked":"SKIP","floor":39},{"not_picked":["hexamod:SwordOfDarkness+1","hexamod:ThermalTransfer+1","hexamod:PhantomCloak+1"],"picked":"SKIP","floor":39},{"not_picked":["hexamod:AdvancingGuard","hexamod:RecurringNightmare+1","hexamod:SpectersWail+1"],"picked":"Consume_Illness","floor":42},{"not_picked":["hexamod:BurningTouch+1","hexamod:SwordOfDarkness+1","hexamod:GhostLash","Vampiric_Strike"],"picked":"SKIP","floor":42},{"not_picked":["hexamod:AdvancingGuard+1","hexamod:NecessarySacrifice","Cloudkill"],"picked":"hexamod:HeatCrush+1","floor":43},{"not_picked":["hexamod:RadiantFlame+1","hexamod:GhostOfSpirePast","hexamod:Firestarter+1","Life_Tap"],"picked":"SKIP","floor":43},{"not_picked":["hexamod:Firestarter+1","hexamod:DynamicBlow+1","Vampiric_Strike"],"picked":"hexamod:FifthSeal","floor":45},{"not_picked":["hexamod:GhostShield+1","hexamod:SpectralSpark","hexamod:GhostLash","Bones_to_Steel"],"picked":"SKIP","floor":46},{"not_picked":["hexamod:FastForward+1","hexamod:ThermalTransfer","hexamod:ChargedBarrage+1","Blood_Curse"],"picked":"SKIP","floor":48}],"player_experience":1811196,"relics_obtained":[{"floor":4,"key":"InkBottle"},{"floor":7,"key":"Toy Ornithopter"},{"floor":22,"key":"infinitespire:PuzzleCube"},{"floor":24,"key":"hexamod:MatchstickCase"},{"floor":41,"key":"hubris:DisguiseKit"}],"event_choices":[{"cards_removed":["hexamod:Strike"],"damage_healed":0,"gold_gain":0,"player_choice":"Offered Basic","damage_taken":0,"max_hp_gain":0,"max_hp_loss":0,"event_name":"Bonfire Elementals","floor":5,"gold_loss":0},{"damage_healed":0,"gold_gain":0,"player_choice":"Stole Relic","damage_taken":0,"relics_obtained":["Oddly Smooth Stone"],"max_hp_gain":0,"max_hp_loss":0,"event_name":"Addict","floor":25,"gold_loss":0,"cards_obtained":["Pride"]}],"is_beta":false,"boss_relics":[{"not_picked":["hubris:TerracottaHorce","construct:WeddingRing"],"picked":"hubris:GrandSneckoEye"},{"not_picked":["SlaversCollar","hubris:HollowSoul"],"picked":"bronze:MakeshiftBattery"}],"items_purged_floors":[29],"is_endless":false,"potions_floor_spawned":[3,8,10,15,16,19,20,28,32,33,39,42,45,46],"ascension_level":0}}