{"host":"foq4mrde4mssg7vt","time":1611141323,"event":{"mods":["AchievementEnabler","BaseMod","Colored Map","Colored Powertips","Highlight Path","Minty Spire (QoL Compilation)","Relic Stats","everything is the same but u backflip on backflip"],"gold_per_floor":[117,129,140,157,57,86,86,102,126,126,144,144,144,169,169,169,169],"floor_reached":16,"language":"ENG","playtime":489,"items_purged":[],"score":218,"play_id":"7fd49695-4d26-406c-b465-9090e71bfbdd","local_time":"20210120191523","is_ascension_mode":true,"campfire_choices":[{"data":"True Grit","floor":7.0,"key":"SMITH"},{"data":"Feel No Pain","floor":10.0,"key":"SMITH"},{"floor":12,"key":"REST"},{"floor":15,"key":"REST"}],"circlet_count":0,"master_deck":["AscendersBane","Strike_R","Strike_R","Strike_R","Strike_R","Strike_R","Defend_R","Defend_R","Defend_R","Defend_R","Bash+1","Twin Strike","Anger","Corruption","Feel No Pain+1","True Grit+1","Pommel Strike","Shrug It Off","Power Through","Feel No Pain"],"relics":["Philosopher\u0027s Stone","Matryoshka","Akabeko","Toy Ornithopter","Art of War"],"acts_visited":["Exordium"],"potions_floor_usage":[14],"damage_taken":[{"damage":0.0,"enemies":"Cultist","floor":1.0,"turns":3.0},{"damage":3.0,"enemies":"Small Slimes","floor":2.0,"turns":2.0},{"damage":4.0,"enemies":"2 Louse","floor":3.0,"turns":3.0},{"damage":25.0,"enemies":"Gremlin Gang","floor":4.0,"turns":6.0},{"damage":13.0,"enemies":"Lagavulin","floor":6.0,"turns":6.0},{"damage":18.0,"enemies":"Blue Slaver","floor":8.0,"turns":4.0},{"damage":2,"enemies":"Red Slaver","floor":11,"turns":2},{"damage":27,"enemies":"Gremlin Nob","floor":14,"turns":4},{"damage":31,"enemies":"Hexaghost","floor":16,"turns":9}],"seed_played":"4341292150440815963","potions_obtained":[{"floor":2.0,"key":"LiquidMemories"},{"floor":6.0,"key":"Regen Potion"},{"floor":8.0,"key":"SpeedPotion"}],"is_trial":false,"path_per_floor":["M","M","M","M","$","E","R","M","T","R","M","R","?","E","R","B"],"character_chosen":"IRONCLAD","items_purchased":["Feel No Pain","True Grit"],"campfire_rested":2,"item_purchase_floors":[5,5],"current_hp_per_floor":[68,65,61,36,36,23,23,5,5,5,3,25,25,8,30,0,0],"gold":169,"neow_bonus":"BOSS_RELIC","is_daily":false,"chose_seed":false,"campfire_upgraded":2,"win_rate":0.0,"timestamp":1611141323,"path_taken":["M","M","M","M","$","E","R","M","T","R","?","R","?","E","R","BOSS"],"items_purchased_type":["Card","Card"],"build_version":"2020-12-22","purchased_purges":0,"victory":false,"max_hp_per_floor":[75,75,75,75,75,75,75,75,75,75,75,75,75,75,75,75,75],"relic_stats":{"counters":[9,39],"Art of War":[1],"obtain_stats":[{"Matryoshka":6,"Philosopher\u0027s Stone":0,"Art of War":14,"Burning Blood":0,"Akabeko":9,"Toy Ornithopter":9},{"Matryoshka":5,"Philosopher\u0027s Stone":0,"Art of War":8,"Burning Blood":0,"Akabeko":6,"Toy Ornithopter":6},{"Matryoshka":20,"Philosopher\u0027s Stone":0,"Art of War":30,"Burning Blood":0,"Akabeko":24,"Toy Ornithopter":24}],"Toy Ornithopter":5},"card_choices":[{"not_picked":["Heavy Blade","Body Slam"],"picked":"Twin Strike","floor":1.0},{"not_picked":["Warcry","Bloodletting","Havoc"],"picked":"SKIP","floor":2.0},{"not_picked":["Shrug It Off","Twin Strike"],"picked":"Anger","floor":3.0},{"not_picked":["Thunderclap","Twin Strike"],"picked":"Corruption","floor":4.0},{"not_picked":["Thunderclap","True Grit"],"picked":"Pommel Strike","floor":6.0},{"not_picked":["Pommel Strike","Metallicize"],"picked":"Shrug It Off","floor":8.0},{"not_picked":["Feel No Pain","Twin Strike"],"picked":"Power Through","floor":11},{"not_picked":["Searing Blow","Combust"],"picked":"Feel No Pain","floor":14}],"player_experience":507250,"relics_obtained":[{"floor":6.0,"key":"Matryoshka"},{"floor":9.0,"key":"Akabeko"},{"floor":9.0,"key":"Toy Ornithopter"},{"floor":14,"key":"Art of War"}],"event_choices":[{"damage_healed":0,"gold_gain":0,"player_choice":"Grow","damage_taken":0,"max_hp_gain":0,"max_hp_loss":0,"event_name":"Living Wall","floor":13,"gold_loss":0,"cards_upgraded":["Bash"]}],"is_beta":false,"boss_relics":[],"items_purged_floors":[],"is_endless":false,"potions_floor_spawned":[2,6,8],"killed_by":"Hexaghost","ascension_level":19}}