{"host":"vyjryxuuuxkt43k4","time":1611142028,"event":{"mods":["AchievementEnabler","BaseMod","Colored Map","DeckTracker","Keyboard Shortcuts","Minty Spire (QoL Compilation)","Permanent Neow","Quick Restart","Rare Cards Sparkle","StSLib","SuperFastMode","everything is the same but u backflip on backflip"],"gold_per_floor":[110,110,110,180,195,228,228,241,241,241,3,15,15,15],"floor_reached":13,"language":"KOR","playtime":323,"items_purged":[],"score":149,"play_id":"9de349f1-ba66-4a43-8229-2b620df34154","local_time":"20210120202708","is_ascension_mode":true,"campfire_choices":[{"data":"Searing Blow","floor":7,"key":"SMITH"},{"data":"Searing Blow+1","floor":10,"key":"SMITH"}],"circlet_count":0,"master_deck":["AscendersBane","Strike_R","Strike_R","Strike_R","Defend_R","Defend_R","Defend_R","Defend_R","Bash","Ghostly Armor","Dropkick","Perfected Strike","Searing Blow+2","Uppercut","Headbutt","Shrug It Off","Double Tap"],"relics":["Burning Blood","SsserpentHead","The Courier","Bottled Flame","Pantograph"],"acts_visited":["Exordium"],"potions_floor_usage":[6],"damage_taken":[{"damage":8,"enemies":"2 Louse","floor":1,"turns":4},{"damage":0,"enemies":"Small Slimes","floor":4,"turns":3},{"damage":0,"enemies":"Cultist","floor":5,"turns":4},{"damage":35,"enemies":"3 Sentries","floor":6,"turns":8},{"damage":16,"enemies":"Blue Slaver","floor":8,"turns":3},{"damage":15,"enemies":"2 Fungi Beasts","floor":12,"turns":3},{"damage":20,"enemies":"Lagavulin","floor":13,"turns":2}],"seed_played":"3789402779419384682","potions_obtained":[{"floor":1,"key":"Strength Potion"}],"is_trial":false,"path_per_floor":["M","?","?","M","M","E","R","M","T","R","$","M","E"],"character_chosen":"IRONCLAD","items_purchased":["Pantograph","Shrug It Off"],"campfire_rested":0,"item_purchase_floors":[11,11],"current_hp_per_floor":[48,53,53,59,65,36,36,26,26,26,26,17,0,0],"gold":15,"neow_bonus":"TRANSFORM_TWO_CARDS","is_daily":false,"chose_seed":false,"campfire_upgraded":2,"win_rate":0.0,"timestamp":1611142028,"path_taken":["M","?","?","?","M","E","R","M","T","R","$","M","E"],"items_purchased_type":["Relic","Card"],"build_version":"2020-12-22","purchased_purges":0,"victory":false,"max_hp_per_floor":[75,80,80,80,80,80,80,80,80,80,80,80,80,80],"card_choices":[{"not_picked":["Rampage","Clothesline"],"picked":"Perfected Strike","floor":1},{"not_picked":["Power Through","Dual Wield"],"picked":"Searing Blow","floor":4},{"not_picked":["Sword Boomerang","True Grit"],"picked":"Uppercut","floor":5},{"not_picked":["Clash","Twin Strike"],"picked":"Headbutt","floor":6},{"not_picked":["Flex","Wild Strike","True Grit"],"picked":"SKIP","floor":8},{"not_picked":["Flex","Wild Strike"],"picked":"Double Tap","floor":12}],"player_experience":162427,"relics_obtained":[{"floor":6,"key":"The Courier"},{"floor":9,"key":"Bottled Flame"}],"event_choices":[{"damage_healed":0,"gold_gain":0,"player_choice":"Donut","damage_taken":0,"max_hp_gain":5,"max_hp_loss":0,"event_name":"Big Fish","floor":2,"gold_loss":0},{"damage_healed":0,"gold_gain":0,"player_choice":"Trade","damage_taken":0,"relics_obtained":["SsserpentHead"],"max_hp_gain":0,"max_hp_loss":0,"event_name":"FaceTrader","floor":3,"gold_loss":0}],"is_beta":false,"boss_relics":[],"items_purged_floors":[],"is_endless":false,"potions_floor_spawned":[1],"killed_by":"Lagavulin","ascension_level":15}}