{"host":"mai03x2ekbjy4059","time":1611121511,"event":{"mods":["2.2 Compatiblity","BaseMod","Colored Map","DeckTracker","Keyboard Shortcuts","Minty Spire (QoL Compilation)","Permanent Neow","Quick Restart","SuperFastMode","everything is the same but u backflip on backflip"],"gold_per_floor":[111,128,128,148,148,180,180,190,190,190,217,28,44,69,69,164,164,178,69,69,84,97,128,128,162,234,134,134,134,147,179,179,276,276,296,296,314,119,119,152,202,233,260,260,285,285,297,340,352,364,376,388,0,27,27],"floor_reached":56,"language":"KOR","playtime":1624,"items_purged":["Strike_G","Strike_G","Strike_G+1","Defend_G"],"score":1650,"play_id":"82cabaf2-a879-4b59-bbe7-431632cb126e","local_time":"20210120144511","is_ascension_mode":true,"campfire_choices":[{"data":"Cloak And Dagger","floor":7.0,"key":"SMITH"},{"data":"Footwork","floor":10.0,"key":"SMITH"},{"data":"Cloak And Dagger","floor":15.0,"key":"SMITH"},{"data":"Accuracy","floor":24.0,"key":"SMITH"},{"data":"Neutralize","floor":32.0,"key":"SMITH"},{"data":"Backflip","floor":44,"key":"SMITH"},{"floor":49,"key":"RECALL"},{"data":"Madness","floor":52,"key":"SMITH"}],"circlet_count":0,"master_deck":["Defend_G","Defend_G","Defend_G","Defend_G","Survivor","Neutralize+1","Footwork+1","Backflip+1","Cloak And Dagger+1","Accuracy+1","Accuracy+1","Infinite Blades+1","Cloak And Dagger+1","Accuracy+1","Accuracy+1","Accuracy+1","Cloak And Dagger+1","Noxious Fumes+1","Slice","Backflip+1","Adrenaline+1","Finesse","Flash of Steel","Escape Plan","Madness","Madness+1","Slice"],"relics":["Ring of the Snake","Unceasing Top","Frozen Egg 2","Pantograph","Medical Kit","Oddly Smooth Stone","Coffee Dripper","Whetstone","Juzu Bracelet","InkBottle","Bag of Marbles","SlaversCollar","The Courier","FossilizedHelix","Ornamental Fan","Happy Flower","MawBank","Blood Vial","Pen Nib","Bag of Preparation","Tingsha"],"acts_visited":["Exordium","TheCity","TheBeyond","TheEnding"],"potions_floor_usage":[50,55,55,55],"damage_taken":[{"damage":7.0,"enemies":"Small Slimes","floor":1.0,"turns":7.0},{"damage":1.0,"enemies":"Jaw Worm","floor":2.0,"turns":7.0},{"damage":0.0,"enemies":"Cultist","floor":4.0,"turns":4.0},{"damage":23.0,"enemies":"Gremlin Nob","floor":6.0,"turns":5.0},{"damage":11.0,"enemies":"Exordium Thugs","floor":8.0,"turns":8.0},{"damage":13.0,"enemies":"3 Sentries","floor":11.0,"turns":12.0},{"damage":5.0,"enemies":"Exordium Wildlife","floor":13.0,"turns":4.0},{"damage":1.0,"enemies":"Gremlin Nob","floor":14.0,"turns":3.0},{"damage":0.0,"enemies":"Hexaghost","floor":16.0,"turns":7.0},{"damage":1.0,"enemies":"Spheric Guardian","floor":18.0,"turns":3.0},{"damage":0.0,"enemies":"Shell Parasite","floor":21.0,"turns":3.0},{"damage":2.0,"enemies":"Cultist and Chosen","floor":22.0,"turns":5.0},{"damage":9.0,"enemies":"Slavers","floor":23.0,"turns":5.0},{"damage":12.0,"enemies":"Book of Stabbing","floor":25.0,"turns":5.0},{"damage":0.0,"enemies":"Snake Plant","floor":30.0,"turns":2.0},{"damage":6.0,"enemies":"Slavers","floor":31.0,"turns":3.0},{"damage":12.0,"enemies":"Champ","floor":33.0,"turns":6.0},{"damage":0.0,"enemies":"3 Shapes","floor":35.0,"turns":2.0},{"damage":0,"enemies":"Orb Walker","floor":37,"turns":2},{"damage":0,"enemies":"Nemesis","floor":40,"turns":5},{"damage":0,"enemies":"Mind Bloom Boss Battle","floor":41,"turns":4},{"damage":0,"enemies":"Giant Head","floor":42,"turns":5},{"damage":0,"enemies":"Nemesis","floor":45,"turns":3},{"damage":0,"enemies":"Giant Head","floor":48,"turns":4},{"damage":0,"enemies":"Awakened One","floor":50,"turns":6},{"damage":0,"enemies":"Shield and Spear","floor":54,"turns":4},{"damage":40,"enemies":"The Heart","floor":55,"turns":6}],"seed_played":"-5794992227442364038","potions_obtained":[{"floor":1.0,"key":"DistilledChaos"},{"floor":4.0,"key":"ColorlessPotion"},{"floor":11.0,"key":"Weak Potion"},{"floor":13.0,"key":"Block Potion"},{"floor":14.0,"key":"CunningPotion"},{"floor":20.0,"key":"Strength Potion"},{"floor":33.0,"key":"GhostInAJar"},{"floor":37,"key":"EssenceOfSteel"},{"floor":40,"key":"Energy Potion"}],"is_trial":false,"path_per_floor":["M","M","?","M","?","E","R","M","T","R","E","$","M","E","R","B",null,"M","$","?","M","M","E","R","E","T","$","?","?","M","E","R","B",null,"M","?","M","$","?","E","?","E","T","R","E","T","?","E","R","B",null,"R","$","E","B",null],"character_chosen":"THE_SILENT","items_purchased":["Medical Kit","Infinite Blades+1","Accuracy+1","Escape Plan","Pen Nib","Bag of Preparation","SkillPotion"],"campfire_rested":0,"item_purchase_floors":[12,12,19,38,53,53,53],"current_hp_per_floor":[56,55,55,55,55,32,32,21,21,21,8,8,3,2,2,27,63,62,62,62,62,60,51,51,39,39,39,39,39,39,33,33,46,63,63,58,58,58,58,58,63,63,63,63,63,63,55,55,55,63,63,63,63,63,23],"gold":27,"neow_bonus":"THREE_RARE_CARDS","is_daily":false,"chose_seed":false,"campfire_upgraded":7,"win_rate":0.0,"timestamp":1611121511,"path_taken":["M","M","?","M","?","E","R","?","T","R","E","?","M","E","R","BOSS","M","$","?","M","M","E","R","E","T","?","?","?","M","E","R","BOSS","M","?","M","$","?","E","?","E","T","R","E","?","?","E","R","BOSS","R","$","E","BOSS"],"items_purchased_type":["Relic","Card","Card","Card","Relic","Relic","Potion"],"build_version":"2020-12-22","purchased_purges":4,"victory":true,"max_hp_per_floor":[63,63,63,63,63,63,63,63,63,63,63,63,63,63,63,63,63,63,63,63,63,63,63,63,63,63,63,63,63,63,63,63,63,63,63,63,63,63,63,63,63,63,63,63,63,63,63,63,63,63,63,63,63,63,63],"card_choices":[{"not_picked":["Grand Finale","Venomology"],"picked":"A Thousand Cuts","floor":0.0},{"not_picked":["Deflect","Concentrate"],"picked":"Footwork","floor":1.0},{"not_picked":["Well Laid Plans","All Out Attack"],"picked":"Backflip","floor":2.0},{"not_picked":["Flying Knee","Slice"],"picked":"Cloak And Dagger","floor":4.0},{"not_picked":["Reflex","Dodge and Roll","Unload"],"picked":"SKIP","floor":6.0},{"not_picked":["Finisher","Poisoned Stab"],"picked":"Accuracy","floor":8.0},{"not_picked":["Acrobatics","Finisher"],"picked":"Accuracy+1","floor":11.0},{"not_picked":["Flying Knee","Dodge and Roll"],"picked":"Cloak And Dagger","floor":13.0},{"not_picked":["Reflex","Acrobatics"],"picked":"Accuracy+1","floor":14.0},{"not_picked":["Dodge and Roll","Deadly Poison"],"picked":"Accuracy+1","floor":18.0},{"not_picked":["Slice","Flying Knee","Dagger Throw"],"picked":"SKIP","floor":21.0},{"not_picked":["Backstab","Acrobatics","Catalyst"],"picked":"SKIP","floor":22.0},{"not_picked":["Die Die Die","Concentrate","Sucker Punch+1"],"picked":"SKIP","floor":23.0},{"not_picked":["Dodge and Roll","Dagger Spray"],"picked":"Cloak And Dagger+1","floor":25.0},{"not_picked":["Cloak And Dagger","Tactician","Poisoned Stab"],"picked":"SKIP","floor":30.0},{"not_picked":["Well Laid Plans+1","Concentrate"],"picked":"Backflip+1","floor":31.0},{"not_picked":["Night Terror","Unload"],"picked":"Adrenaline","floor":33.0},{"not_picked":["Deadly Poison+1","Calculated Gamble+1","Backflip"],"picked":"SKIP","floor":35.0},{"not_picked":["Jack Of All Trades","Flash of Steel"],"picked":"Finesse","floor":36},{"not_picked":["Magnetism+1","Dark Shackles"],"picked":"Flash of Steel","floor":36},{"not_picked":["Backstab+1","Prepared","PiercingWail"],"picked":"SKIP","floor":37},{"not_picked":["Poisoned Stab","All Out Attack+1","Well Laid Plans+1"],"picked":"SKIP","floor":40},{"not_picked":["Dodge and Roll","Deadly Poison","Leg Sweep"],"picked":"SKIP","floor":42},{"not_picked":["Acrobatics","Outmaneuver+1","Dash+1"],"picked":"SKIP","floor":45},{"not_picked":["Well Laid Plans+1","Flying Knee+1","Skewer+1"],"picked":"SKIP","floor":48},{"not_picked":["Dagger Throw+1","PiercingWail"],"picked":"Slice","floor":54}],"player_experience":1105756,"relics_obtained":[{"floor":6.0,"key":"Unceasing Top"},{"floor":9.0,"key":"Frozen Egg 2"},{"floor":11.0,"key":"Pantograph"},{"floor":14.0,"key":"Oddly Smooth Stone"},{"floor":23.0,"key":"Whetstone"},{"floor":25.0,"key":"Juzu Bracelet"},{"floor":26.0,"key":"InkBottle"},{"floor":31.0,"key":"Bag of Marbles"},{"floor":40,"key":"The Courier"},{"floor":41,"key":"FossilizedHelix"},{"floor":42,"key":"Ornamental Fan"},{"floor":45,"key":"Happy Flower"},{"floor":46,"key":"MawBank"},{"floor":48,"key":"Blood Vial"},{"floor":54,"key":"Tingsha"}],"event_choices":[{"damage_healed":0.0,"max_hp_gain":0.0,"max_hp_loss":0.0,"gold_gain":0.0,"event_name":"Liars Game","player_choice":"Ignored","floor":3.0,"gold_loss":0.0,"damage_taken":0.0},{"cards_removed":["A Thousand Cuts"],"damage_healed":0.0,"max_hp_gain":0.0,"max_hp_loss":0.0,"gold_gain":0.0,"event_name":"NoteForYourself","player_choice":"Took Card","floor":5.0,"gold_loss":0.0,"damage_taken":0.0,"cards_obtained":["Strike_G"]},{"damage_healed":0.0,"max_hp_gain":0.0,"max_hp_loss":0.0,"gold_gain":0.0,"event_name":"Lab","player_choice":"Got Potions","floor":20.0,"gold_loss":0.0,"damage_taken":0.0},{"cards_removed":["Strike_G"],"damage_healed":0.0,"max_hp_gain":0.0,"max_hp_loss":0.0,"gold_gain":0.0,"event_name":"Back to Basics","player_choice":"Elegance","floor":28.0,"gold_loss":0.0,"damage_taken":0.0},{"damage_healed":0.0,"max_hp_gain":0.0,"max_hp_loss":0.0,"gold_gain":0.0,"cards_transformed":["Strike_G","Strike_G"],"event_name":"Drug Dealer","player_choice":"Became Test Subject","floor":29.0,"gold_loss":0.0,"damage_taken":0.0,"cards_obtained":["Noxious Fumes","Slice"]},{"damage_healed":0,"gold_gain":0,"player_choice":"Memory 2","damage_taken":5,"max_hp_gain":0,"max_hp_loss":0,"event_name":"SensoryStone","floor":36,"gold_loss":0},{"damage_healed":0,"gold_gain":0,"player_choice":"Forge","damage_taken":0,"max_hp_gain":0,"max_hp_loss":0,"event_name":"Accursed Blacksmith","floor":39,"gold_loss":0,"cards_upgraded":["Adrenaline"]},{"damage_healed":0,"gold_gain":0,"player_choice":"Fight","damage_taken":0,"max_hp_gain":0,"max_hp_loss":0,"event_name":"MindBloom","floor":41,"gold_loss":0},{"damage_healed":0,"gold_gain":0,"player_choice":"Embrace Madness","damage_taken":8,"max_hp_gain":0,"max_hp_loss":0,"event_name":"Winding Halls","floor":47,"gold_loss":0,"cards_obtained":["Madness","Madness"]}],"is_beta":false,"boss_relics":[{"not_picked":["Fusion Hammer","Ectoplasm"],"picked":"Coffee Dripper"},{"not_picked":["Sozu","Busted Crown"],"picked":"SlaversCollar"}],"items_purged_floors":[19,27,38,53],"is_endless":false,"potions_floor_spawned":[1,4,11,13,14,21,22,33,37,40,41],"ascension_level":1}}