{"host":"i9wanet4r0ff4t9y","time":1611133709,"event":{"mods":["2.2 Compatiblity","Act Like it!","BaseMod","Bestiary","Better Altar","Better Match","Better Note","Better Sensory Stone","Better Skull","Better Third Choice","Better Vampires","BetterRewards","CapriCore","Curses Come First","Downfall","Minty Spire (QoL Compilation)","Quick Restart","READ ME - Guardian Mod","READ ME - Snecko Mod","Relic Stats","Say the Spire","Spicy Shops","StSLib","The Disciple","Waifu the Spire"],"gold_per_floor":[112,128,141,141,141,167,186,202,251,286,301,301,317,25,25,125,125,137,153,153,163,6,41,91,91,170,207,207,257,257,276,276,386,386,407,475,24,74,94,103,124,124,124],"floor_reached":42,"language":"POL","playtime":1595,"items_purged":[],"score":1087,"play_id":"f81fed3d-7f94-4b5a-aa61-c654939283f8","local_time":"20210120100829","is_ascension_mode":true,"campfire_choices":[{"floor":15.0,"key":"REST"},{"floor":25.0,"key":"REST"},{"floor":28.0,"key":"REST"},{"data":"Demon Form","floor":30.0,"key":"SMITH"},{"data":"Seeing Red","floor":32.0,"key":"SMITH"},{"floor":40,"key":"REST"}],"circlet_count":0,"master_deck":["AscendersBane","Defend_R+1","Defend_R","Defend_R","Defend_R","Bash","Carnage","Flame Barrier","Flex","Spot Weakness","Berserk","Disarm","Shockwave","Twin Strike","Limit Break+1","Bloodletting","Demon Form+1","Cleave","Carnage","Seeing Red+1","Bite","Bite","Bite","Bite","Bite","Shrug It Off+1","Rupture","Limit Break","Metallicize","The Bomb","Good Instincts","Pride","Clothesline","Limit Break+1","Enlightenment","Flex+1","Feel No Pain+1","Armaments+1"],"relics":["Burning Blood","Lee\u0027s Waffle","HandDrill","Juzu Bracelet","Unceasing Top","Question Card","Pen Nib","Spirit Poop","Potion Belt","MealTicket","Paper Frog","hexamod:BolsterEngine","Shuriken","Black Star","SsserpentHead","Membership Card","Pantograph","Sundial","Ornamental Fan","Red Skull","CeramicFish","Cursed Key","Ice Cream","Mango","War Paint","Dream Catcher","DollysMirror"],"acts_visited":["Exordium","TheCity","TheBeyond"],"potions_floor_usage":[],"damage_taken":[{"damage":9.0,"enemies":"Jaw Worm","floor":1.0,"turns":4.0},{"damage":0.0,"enemies":"Cultist","floor":2.0,"turns":3.0},{"damage":15.0,"enemies":"Small Slimes","floor":3.0,"turns":3.0},{"damage":28.0,"enemies":"Lagavulin","floor":6.0,"turns":5.0},{"damage":5.0,"enemies":"Gremlin Gang","floor":7.0,"turns":4.0},{"damage":18.0,"enemies":"Blue Slaver","floor":8.0,"turns":3.0},{"damage":35.0,"enemies":"3 Sentries","floor":10.0,"turns":7.0},{"damage":5.0,"enemies":"2 Fungi Beasts","floor":11.0,"turns":4.0},{"damage":10.0,"enemies":"Exordium Wildlife","floor":13.0,"turns":3.0},{"damage":31.0,"enemies":"Slime Boss","floor":16.0,"turns":9.0},{"damage":1.0,"enemies":"3 Byrds","floor":18.0,"turns":4.0},{"damage":14.0,"enemies":"Chosen","floor":19.0,"turns":5.0},{"damage":54.0,"enemies":"Gremlin Leader","floor":23.0,"turns":6.0},{"damage":38.0,"enemies":"Book of Stabbing","floor":27.0,"turns":5.0},{"damage":26.0,"enemies":"Sentry and Sphere","floor":31.0,"turns":4.0},{"damage":55,"enemies":"Collector","floor":33,"turns":9},{"damage":46,"enemies":"3 Darklings","floor":35,"turns":4},{"damage":28,"enemies":"3 Shapes","floor":39,"turns":6},{"damage":24,"enemies":"Sphere and 2 Shapes","floor":41,"turns":4},{"damage":43,"enemies":"Spire Growth","floor":42,"turns":3}],"seed_played":"7082837617228846905","potions_obtained":[{"floor":3.0,"key":"Fruit Juice"},{"floor":6.0,"key":"Weak Potion"},{"floor":10.0,"key":"FearPotion"},{"floor":11.0,"key":"GamblersBrew"},{"floor":16.0,"key":"DistilledChaos"},{"floor":19.0,"key":"Energy Potion"},{"floor":23.0,"key":"bronze:BurnAndBuffPotion"},{"floor":33,"key":"EssenceOfSteel"}],"is_trial":false,"path_per_floor":["M","M","M","?","?","E","M","M","T","E","M","?","M","$","R","B",null,"M","M","?","?","$","E","?","R","T","E","R","?","R","M","R","B",null,"M","?","$","?","M","R","M","M"],"character_chosen":"IRONCLAD","items_purchased":["Lee\u0027s Waffle","HandDrill","Juzu Bracelet","Unceasing Top","Question Card","Pen Nib","Carnage","Shuriken","Pummel","Membership Card","Ice Cream","Mango","War Paint","Dream Catcher","Clothesline","DollysMirror","Enlightenment"],"campfire_rested":4,"item_purchase_floors":[0,0,0,0,0,0,0,14,14,22,37,37,37,37,37,37,37],"current_hp_per_floor":[84,87,83,83,83,61,62,50,50,21,22,22,18,33,60,35,78,83,75,75,75,90,42,42,61,61,37,56,56,56,40,40,27,55,21,21,50,50,30,53,39,0,0],"gold":124,"neow_bonus":"","is_daily":false,"chose_seed":false,"campfire_upgraded":2,"win_rate":0.0,"timestamp":1611133709,"path_taken":["M","M","M","?","?","E","M","M","T","E","M","?","M","$","R","BOSS","M","M","?","?","$","E","?","R","T","E","R","?","R","M","R","BOSS","M","?","$","?","M","R","M","M"],"items_purchased_type":["Relic","Relic","Relic","Relic","Relic","Relic","Card","Relic","Card","Relic","Relic","Relic","Relic","Relic","Card","Relic","Card"],"build_version":"2020-12-22","purchased_purges":0,"victory":false,"max_hp_per_floor":[87,87,92,92,92,92,92,92,92,92,92,92,92,92,92,92,92,92,92,92,92,92,92,64,64,64,64,64,64,64,64,64,64,64,64,64,78,78,78,78,78,78,78],"relic_stats":{"Lee\u0027s Waffle":196,"counters":[449,2091],"CeramicFish":117,"Pen Nib":[14],"Juzu Bracelet":4,"War Paint":["Eclipse","Defend_R","Power Through","Spot Weakness","Shrug It Off","Defend_R"],"Question Card":22,"Cursed Key":0,"Burning Blood":2511,"SsserpentHead":250,"Dream Catcher":1,"Shuriken":[20],"Sundial":[0],"Ornamental Fan":[16],"Pantograph":24,"MealTicket":45,"HandDrill":[112],"Black Star":2,"obtain_stats":[{"Golden Egg":34,"Replay:Accelerometer":0,"Spirit Poop":4,"Ginger":17,"Whetstone":27,"Bottled Tornado":10,"Sling":47,"Old Coin":24,"Ring of Searing":15,"Blood Vial":22,"Replay:Ringing Soul":47,"Sundial":17,"MealTicket":26,"Replay:Bottled Flurry":49,"HandDrill":31,"Kunai":10,"Replay:Wax Seal":0,"Electric Blood":17,"Replay:Bottled Steam":23,"betterAltar:BloodRelic":27,"ReplayTheSpireMod:Ring of Addiction":36,"Blue Candle":7,"Pen Nib":0,"Replay:Ancient Bell":34,"Akabeko":31,"SlaversCollar":17,"Ooze Armor":34,"Bird Faced Urn":9,"ReplayTheSpireMod:Ring of Collecting":5,"Pandora\u0027s Box":34,"Mark of Pain":17,"StrikeDummy":0,"Unceasing Top":0,"Regal Pillow":24,"Lantern":34,"Torii":47,"Singing Bowl":0,"Magic Flower":0,"StoneCalendar":0,"Blue Doll":43,"King of Hearts":47,"Replay:Multitool":25,"Bag of Preparation":54,"Cursed Key":34,"Smiling Mask":27,"Burning Blood":0,"Pet Ghost":44,"Replay:Rubber Ducky":34,"Shovel":34,"Ring of Peace":5,"Toolbox":0,"WingedGreaves":37,"Chemical X":21,"Replay:Bottled Eggs":0,"InkBottle":34,"Paper Frog":23,"Potion Belt":36,"Lee\u0027s Waffle":44,"Golden Idol":3,"Self Forming Clay":6,"Thread and Needle":20,"PreservedInsect":22,"The Courier":9,"betterThird:NestCultRelic":22,"Omamori":42,"Ring of Greed":10,"Frozen Egg 2":0,"MawBank":27,"Replay:Arrowhead":48,"Busted Crown":17,"Ornamental Fan":37,"Bloody Idol":22,"Ring of Misfortune":36,"betterThird:SlimedRelic":3,"Orrery":36,"Turnip":23,"Art of War":40,"Garlic":12,"Durian":0,"hexamod:BolsterEngine":11,"ReplayTheSpireMod:Lightbulb":27,"Toy Ornithopter":28,"Ice Cream":6,"Divine Protection":0,"Calipers":6,"Tiny House":36,"Gremlin Horn":10,"Nilry\u0027s Codex":22,"CeramicFish":24,"Vajra":8,"Lizard Tail":42,"Centennial Puzzle":2,"HornCleat":52,"downfall:GremlinWheel":0,"FaceOfCleric":13,"DollysMirror":44,"Strawberry":10,"Honey Jar":17,"Prayer Wheel":40,"Philosopher\u0027s Stone":17,"Iron Hammer":9,"Toxic Egg 2":36,"Girya":23,"Happy Flower":14,"Ring of Hypnosis":27,"ReplayTheSpireMod:CursedCoin":19,"Dead Branch":17,"Replay:Grab Bag":34,"Oddly Smooth Stone":41,"Charon\u0027s Ashes":0,"Letter Opener":9,"Replay:Kaleidoscope":37,"War Paint":6,"Question Card":19,"WarpedTongs":29,"Bottled Flame":26,"Replay:Baseball":38,"ReplayTheSpireMod:Spearhead":31,"ReplayTheSpireMod:Shallot":27,"Shuriken":34,"Bronze Scales":45,"Molten Egg 2":43,"Onion Ring":54,"Simple Rune":27,"ReplayTheSpireMod:TigerMarble":23,"Nloth\u0027s Gift":0,"Black Star":17,"Grinning Jar":6,"Mirror":45,"Pocketwatch":10,"Meat on the Bone":45,"ReplayFunnel":14,"Darkstone Periapt":0,"ReplayTheSpireMod:Ring of Exchange":26,"Replay:PocketPolymizer":34,"Black Blood":34,"Mango":40,"Juzu Bracelet":19,"Incense Burner":0,"Replay:Mystery Machine":26,"Empty Cage":34,"ClockworkSouvenir":44,"Frozen Eye":0,"SsserpentHead":20,"Nunchaku":45,"Dream Catcher":9,"Replay:Bandana":20,"Chameleon Ring":49,"TheAbacus":0,"Mummified Hand":9,"Pantograph":0,"Tiny Chest":12,"Red Mask":41,"Replay:Bottled Snecko":0,"Red Skull":17,"Runic Pyramid":34,"Gremlin Food":37,"BargainBundle":19,"ReplayTheSpireMod:Ninjato":48,"Replay:Towering Pillar of Hats":50,"Quantum Egg":42,"Guide Book":38,"Replay:WaspNest":3,"Odd Mushroom":12,"Orichalcum":43,"White Beast Statue":36,"Mercury Hourglass":43,"Calling Bell":17,"Peace Pipe":0,"Strange Spoon":44,"CaptainsWheel":0,"Anchor":38,"Pondfish Scales":0,"ChewingGum":17,"Another Sword":47,"Snack Pack":28,"Bag of Marbles":0,"Coffee Dripper":0,"Membership Card":24,"FossilizedHelix":12,"TungstenRod":7,"ReplayTheSpireMod:ShopPack":20},{"Golden Egg":146,"Replay:Accelerometer":210,"Spirit Poop":432,"Ginger":226,"Whetstone":417,"Bottled Tornado":235,"Sling":102,"Old Coin":92,"Ring of Searing":340,"Blood Vial":39,"Replay:Ringing Soul":102,"Sundial":11,"MealTicket":14,"Replay:Bottled Flurry":153,"HandDrill":200,"Kunai":33,"Replay:Wax Seal":28,"Electric Blood":62,"Replay:Bottled Steam":399,"betterAltar:BloodRelic":171,"ReplayTheSpireMod:Ring of Addiction":47,"Blue Candle":234,"Pen Nib":387,"Replay:Ancient Bell":46,"Akabeko":94,"SlaversCollar":369,"Ooze Armor":175,"Bird Faced Urn":7,"ReplayTheSpireMod:Ring of Collecting":186,"Pandora\u0027s Box":420,"Mark of Pain":37,"StrikeDummy":404,"Unceasing Top":429,"Regal Pillow":14,"Lantern":46,"Torii":77,"Singing Bowl":104,"Magic Flower":28,"StoneCalendar":55,"Blue Doll":180,"King of Hearts":102,"Replay:Multitool":117,"Bag of Preparation":155,"Cursed Key":19,"Smiling Mask":281,"Burning Blood":0,"Pet Ghost":75,"Replay:Rubber Ducky":122,"Shovel":46,"Ring of Peace":186,"Toolbox":28,"WingedGreaves":287,"Chemical X":13,"Replay:Bottled Eggs":321,"InkBottle":122,"Paper Frog":40,"Potion Belt":47,"Lee\u0027s Waffle":75,"Golden Idol":186,"Self Forming Clay":272,"Thread and Needle":167,"PreservedInsect":140,"The Courier":324,"betterThird:NestCultRelic":329,"Omamori":100,"Ring of Greed":134,"Frozen Egg 2":156,"MawBank":92,"Replay:Arrowhead":183,"Busted Crown":112,"Ornamental Fan":177,"Bloody Idol":39,"Ring of Misfortune":47,"betterThird:SlimedRelic":105,"Orrery":421,"Turnip":141,"Art of War":49,"Garlic":136,"Durian":156,"hexamod:BolsterEngine":366,"ReplayTheSpireMod:Lightbulb":92,"Toy Ornithopter":92,"Ice Cream":83,"Divine Protection":243,"Calipers":32,"Tiny House":350,"Gremlin Horn":250,"Nilry\u0027s Codex":13,"CeramicFish":66,"Vajra":7,"Lizard Tail":24,"Centennial Puzzle":105,"HornCleat":54,"downfall:GremlinWheel":387,"FaceOfCleric":9,"DollysMirror":151,"Strawberry":85,"Honey Jar":276,"Prayer Wheel":23,"Philosopher\u0027s Stone":253,"Iron Hammer":33,"Toxic Egg 2":20,"Girya":115,"Happy Flower":36,"Ring of Hypnosis":375,"ReplayTheSpireMod:CursedCoin":113,"Dead Branch":11,"Replay:Grab Bag":261,"Oddly Smooth Stone":75,"Charon\u0027s Ashes":184,"Letter Opener":60,"Replay:Kaleidoscope":73,"War Paint":160,"Question Card":396,"WarpedTongs":67,"Bottled Flame":41,"Replay:Baseball":97,"ReplayTheSpireMod:Spearhead":200,"ReplayTheSpireMod:Shallot":67,"Shuriken":46,"Bronze Scales":127,"Molten Egg 2":24,"Onion Ring":55,"Simple Rune":118,"ReplayTheSpireMod:TigerMarble":66,"Nloth\u0027s Gift":387,"Black Star":439,"Grinning Jar":106,"Mirror":265,"Pocketwatch":217,"Meat on the Bone":290,"ReplayFunnel":137,"Darkstone Periapt":293,"ReplayTheSpireMod:Ring of Exchange":197,"Replay:PocketPolymizer":122,"Black Blood":261,"Mango":99,"Juzu Bracelet":113,"Incense Burner":156,"Replay:Mystery Machine":66,"Empty Cage":201,"ClockworkSouvenir":75,"Frozen Eye":184,"SsserpentHead":441,"Nunchaku":51,"Dream Catcher":249,"Replay:Bandana":254,"Chameleon Ring":53,"TheAbacus":321,"Mummified Hand":216,"Pantograph":55,"Tiny Chest":410,"Red Mask":23,"Replay:Bottled Snecko":293,"Red Skull":11,"Runic Pyramid":261,"Gremlin Food":47,"BargainBundle":89,"ReplayTheSpireMod:Ninjato":129,"Replay:Towering Pillar of Hats":358,"Quantum Egg":50,"Guide Book":379,"Replay:WaspNest":29,"Odd Mushroom":9,"Orichalcum":100,"White Beast Statue":47,"Mercury Hourglass":75,"Calling Bell":11,"Peace Pipe":156,"Strange Spoon":151,"CaptainsWheel":0,"Anchor":123,"Pondfish Scales":130,"ChewingGum":138,"Another Sword":102,"Snack Pack":92,"Bag of Marbles":104,"Coffee Dripper":130,"Membership Card":66,"FossilizedHelix":34,"TungstenRod":59,"ReplayTheSpireMod:ShopPack":194},{"Golden Egg":696,"Replay:Accelerometer":982,"Spirit Poop":2006,"Ginger":1054,"Whetstone":1947,"Bottled Tornado":1090,"Sling":464,"Old Coin":431,"Ring of Searing":1582,"Blood Vial":183,"Replay:Ringing Soul":464,"Sundial":38,"MealTicket":52,"Replay:Bottled Flurry":727,"HandDrill":928,"Kunai":146,"Replay:Wax Seal":125,"Electric Blood":319,"Replay:Bottled Steam":1866,"betterAltar:BloodRelic":802,"ReplayTheSpireMod:Ring of Addiction":228,"Blue Candle":1086,"Pen Nib":1804,"Replay:Ancient Bell":224,"Akabeko":436,"SlaversCollar":1719,"Ooze Armor":825,"Bird Faced Urn":28,"ReplayTheSpireMod:Ring of Collecting":865,"Pandora\u0027s Box":1961,"Mark of Pain":174,"StrikeDummy":1896,"Unceasing Top":1996,"Regal Pillow":52,"Lantern":224,"Torii":381,"Singing Bowl":473,"Magic Flower":125,"StoneCalendar":286,"Blue Doll":845,"King of Hearts":464,"Replay:Multitool":528,"Bag of Preparation":741,"Cursed Key":81,"Smiling Mask":1297,"Burning Blood":0,"Pet Ghost":375,"Replay:Rubber Ducky":565,"Shovel":224,"Ring of Peace":865,"Toolbox":125,"WingedGreaves":1330,"Chemical X":46,"Replay:Bottled Eggs":1495,"InkBottle":565,"Paper Frog":188,"Potion Belt":228,"Lee\u0027s Waffle":375,"Golden Idol":865,"Self Forming Clay":1254,"Thread and Needle":782,"PreservedInsect":668,"The Courier":1501,"betterThird:NestCultRelic":1532,"Omamori":460,"Ring of Greed":637,"Frozen Egg 2":749,"MawBank":431,"Replay:Arrowhead":853,"Busted Crown":501,"Ornamental Fan":833,"Bloody Idol":183,"Ring of Misfortune":228,"betterThird:SlimedRelic":475,"Orrery":1965,"Turnip":671,"Art of War":239,"Garlic":644,"Durian":749,"hexamod:BolsterEngine":1700,"ReplayTheSpireMod:Lightbulb":431,"Toy Ornithopter":431,"Ice Cream":404,"Divine Protection":1125,"Calipers":142,"Tiny House":1630,"Gremlin Horn":1157,"Nilry\u0027s Codex":46,"CeramicFish":335,"Vajra":28,"Lizard Tail":102,"Centennial Puzzle":475,"HornCleat":280,"downfall:GremlinWheel":1804,"FaceOfCleric":32,"DollysMirror":718,"Strawberry":409,"Honey Jar":1274,"Prayer Wheel":101,"Philosopher\u0027s Stone":1174,"Iron Hammer":146,"Toxic Egg 2":85,"Girya":519,"Happy Flower":161,"Ring of Hypnosis":1743,"ReplayTheSpireMod:CursedCoin":506,"Dead Branch":38,"Replay:Grab Bag":1209,"Oddly Smooth Stone":375,"Charon\u0027s Ashes":860,"Letter Opener":306,"Replay:Kaleidoscope":363,"War Paint":759,"Question Card":1848,"WarpedTongs":338,"Bottled Flame":193,"Replay:Baseball":448,"ReplayTheSpireMod:Spearhead":928,"ReplayTheSpireMod:Shallot":338,"Shuriken":224,"Bronze Scales":593,"Molten Egg 2":102,"Onion Ring":286,"Simple Rune":534,"ReplayTheSpireMod:TigerMarble":335,"Nloth\u0027s Gift":1804,"Black Star":2041,"Grinning Jar":479,"Mirror":1228,"Pocketwatch":1017,"Meat on the Bone":1347,"ReplayFunnel":648,"Darkstone Periapt":1364,"ReplayTheSpireMod:Ring of Exchange":916,"Replay:PocketPolymizer":565,"Black Blood":1209,"Mango":458,"Juzu Bracelet":506,"Incense Burner":749,"Replay:Mystery Machine":335,"Empty Cage":935,"ClockworkSouvenir":375,"Frozen Eye":860,"SsserpentHead":2050,"Nunchaku":256,"Dream Catcher":1150,"Replay:Bandana":1178,"Chameleon Ring":267,"TheAbacus":1495,"Mummified Hand":1010,"Pantograph":286,"Tiny Chest":1920,"Red Mask":101,"Replay:Bottled Snecko":1364,"Red Skull":38,"Runic Pyramid":1209,"Gremlin Food":228,"BargainBundle":422,"ReplayTheSpireMod:Ninjato":608,"Replay:Towering Pillar of Hats":1662,"Quantum Egg":245,"Guide Book":1761,"Replay:WaspNest":129,"Odd Mushroom":32,"Orichalcum":460,"White Beast Statue":228,"Mercury Hourglass":375,"Calling Bell":38,"Peace Pipe":749,"Strange Spoon":718,"CaptainsWheel":0,"Anchor":570,"Pondfish Scales":625,"ChewingGum":659,"Another Sword":464,"Snack Pack":431,"Bag of Marbles":473,"Coffee Dripper":625,"Membership Card":335,"FossilizedHelix":150,"TungstenRod":303,"ReplayTheSpireMod:ShopPack":898}],"Unceasing Top":[10]},"card_choices":[{"not_picked":["Sword Boomerang","Reckless Charge","Armaments"],"picked":"Flame Barrier","floor":1.0},{"not_picked":["Warcry","True Grit","Clash"],"picked":"Flex","floor":2.0},{"not_picked":["Clothesline","Combust","Iron Wave"],"picked":"Spot Weakness","floor":3.0},{"not_picked":["Pommel Strike","Cleave","Blood for Blood"],"picked":"Berserk","floor":6.0},{"not_picked":["Sentinel","Rage","Havoc"],"picked":"Disarm","floor":7.0},{"not_picked":["Clash","Perfected Strike","Heavy Blade"],"picked":"Shockwave","floor":8.0},{"not_picked":["Headbutt","True Grit","Perfected Strike"],"picked":"Twin Strike","floor":10.0},{"not_picked":["Shrug It Off","Thunderclap","Clash"],"picked":"Limit Break","floor":11.0},{"not_picked":["Entrench","Body Slam","Second Wind"],"picked":"Bloodletting","floor":13.0},{"not_picked":["Brutality","Feed","Impervious"],"picked":"Demon Form","floor":16.0},{"not_picked":["Combust","Headbutt","True Grit"],"picked":"Cleave","floor":18.0},{"not_picked":["Cleave","Sever Soul","Rage"],"picked":"Carnage","floor":19.0},{"not_picked":["Ghostly Armor","Perfected Strike","Rampage"],"picked":"Seeing Red","floor":23.0},{"not_picked":["Clash","Twin Strike+1","Corruption"],"picked":"Shrug It Off","floor":27.0},{"not_picked":["Armaments","Dark Embrace+1","True Grit"],"picked":"Rupture","floor":31.0},{"not_picked":["Barricade","Exhume","Corruption"],"picked":"Limit Break","floor":33},{"not_picked":["Thunderclap+1","Clash","Dark Embrace"],"picked":"Metallicize","floor":35},{"not_picked":["Impatience","Mind Blast","Deep Breath"],"picked":"The Bomb","floor":36},{"not_picked":["Forethought","Purity","Blind"],"picked":"Good Instincts","floor":36},{"not_picked":["Dual Wield+1","Thunderclap","True Grit"],"picked":"Flex+1","floor":39},{"not_picked":["Entrench+1","Perfected Strike","True Grit+1"],"picked":"Feel No Pain+1","floor":40},{"not_picked":["Body Slam+1","Rage","Headbutt"],"picked":"Armaments+1","floor":41}],"player_experience":419184,"relics_obtained":[{"floor":6.0,"key":"Potion Belt"},{"floor":9.0,"key":"MealTicket"},{"floor":10.0,"key":"Paper Frog"},{"floor":23.0,"key":"Pantograph"},{"floor":23.0,"key":"Sundial"},{"floor":26.0,"key":"Ornamental Fan"},{"floor":27.0,"key":"Red Skull"},{"floor":27.0,"key":"CeramicFish"}],"event_choices":[{"cards_removed":["Clumsy"],"damage_healed":0.0,"max_hp_gain":0.0,"max_hp_loss":0.0,"gold_gain":0.0,"event_name":"Bonfire Elementals","player_choice":"Offered Curse","floor":4.0,"gold_loss":0.0,"damage_taken":0.0,"relics_obtained":["Spirit Poop"]},{"damage_healed":0.0,"max_hp_gain":0.0,"max_hp_loss":0.0,"gold_gain":0.0,"event_name":"The Cleric","player_choice":"Leave","floor":5.0,"gold_loss":0.0,"damage_taken":0.0},{"damage_healed":0.0,"max_hp_gain":0.0,"max_hp_loss":0.0,"gold_gain":0.0,"event_name":"WeMeetAgain","player_choice":"Gave Potion","floor":12.0,"gold_loss":0.0,"damage_taken":0.0,"relics_obtained":["hexamod:BolsterEngine"]},{"damage_healed":0.0,"max_hp_gain":0.0,"max_hp_loss":0.0,"gold_gain":0.0,"event_name":"FaceTrader","player_choice":"Trade","floor":20.0,"gold_loss":0.0,"damage_taken":0.0,"relics_obtained":["SsserpentHead"]},{"damage_healed":0.0,"max_hp_gain":0.0,"max_hp_loss":0.0,"gold_gain":0.0,"event_name":"Designer","player_choice":"Upgrade","floor":21.0,"gold_loss":40.0,"damage_taken":0.0,"cards_upgraded":["Limit Break"]},{"damage_healed":0.0,"max_hp_gain":0.0,"max_hp_loss":28.0,"gold_gain":0.0,"event_name":"Vampires","player_choice":"Became a vampire","floor":24.0,"gold_loss":0.0,"damage_taken":0.0,"cards_obtained":["Bite","Bite","Bite","Bite","Bite"]},{"damage_healed":0.0,"max_hp_gain":0.0,"max_hp_loss":0.0,"gold_gain":0.0,"event_name":"Ghosts","player_choice":"Ignored","floor":29.0,"gold_loss":0.0,"damage_taken":0.0},{"damage_healed":0,"gold_gain":3,"player_choice":"1","damage_taken":0,"max_hp_gain":0,"max_hp_loss":0,"event_name":"betterStone:BetterStone","floor":36,"gold_loss":0},{"cards_removed":["Pummel"],"damage_healed":0,"gold_gain":0,"player_choice":"Removed Attack","damage_taken":0,"max_hp_gain":0,"max_hp_loss":0,"event_name":"Falling","floor":38,"gold_loss":0}],"is_beta":false,"boss_relics":[{"not_picked":["bronze:MakeshiftBattery","Runic Cube"],"picked":"Black Star"},{"not_picked":["SlaversCollar","Sozu"],"picked":"Cursed Key"}],"items_purged_floors":[],"is_endless":false,"potions_floor_spawned":[3,6,10,11,16,19,23,33],"killed_by":"Spire Growth","ascension_level":11}}