{"host":"9d9dhukr2jywmy0f","time":1611136869,"event":{"mods":["2.2 Compatiblity","Alarm Clock","BaseMod","Bestiary","Block Reminder","Colored Map","Colored Powertips","Curses Come First","DeckTracker","Highlight Path","Key Reminder","Minty Spire (QoL Compilation)","Quick Restart","Rare Cards Sparkle","Relic Sorter","Relic Stats","Spire Birthday Party","StSLib","SuperFastMode","Synergy Search","The Poker Player","Unceasing Turn Reminder","Unknown Chances"],"gold_per_floor":[359,434,242,255,273,273,303,303,351,351,106,137,0,10,10,109,109,127,127,127,11,21,21,21,21,21,41,41,58,75,75,75,177,227,247,258,258,278,288,288,308,343,343,181,191,209,209,225,225,225,225,225,1,31,31],"floor_reached":56,"language":"ZHS","playtime":3204,"items_purged":["Parasite","PokerPlayerMod:Spade1","PokerPlayerMod:Diamond1","PokerPlayerMod:Club1","PokerPlayerMod:Diamond2","PokerPlayerMod:Spade2"],"score":1755,"play_id":"af0d968c-a303-48a3-abb7-85ace0a82044","local_time":"20210120180109","is_ascension_mode":true,"metric_token":1494,"campfire_choices":[{"data":"PokerPlayerMod:Mulligan","floor":6.0,"key":"SMITH"},{"data":"PokerPlayerMod:BadJoker","floor":8.0,"key":"SMITH"},{"data":"PokerPlayerMod:ClubDance","floor":10.0,"key":"SMITH"},{"data":"PokerPlayerMod:FlyingCard","floor":15.0,"key":"SMITH"},{"data":"PokerPlayerMod:TrumpStrike","floor":23.0,"key":"SMITH"},{"data":"PokerPlayerMod:CardBurn","floor":25.0,"key":"SMITH"},{"data":"PokerPlayerMod:CardBurn","floor":28.0,"key":"SMITH"},{"data":"PokerPlayerMod:FlyingCard","floor":32.0,"key":"SMITH"},{"floor":40.0,"key":"RECALL"},{"data":"PokerPlayerMod:Duplicate","floor":47.0,"key":"SMITH"},{"data":"PokerPlayerMod:FillThePot","floor":49.0,"key":"SMITH"},{"data":"PokerPlayerMod:Diamond8","floor":52.0,"key":"SMITH"}],"circlet_count":0,"master_deck":["AscendersBane","PokerPlayerMod:Diamond3","PokerPlayerMod:Diamond4","PokerPlayerMod:Diamond6","PokerPlayerMod:Spade3","PokerPlayerMod:Spade4","PokerPlayerMod:Club2","PokerPlayerMod:Heart2","PokerPlayerMod:TrumpStrike+1","PokerPlayerMod:BadJoker+1","PokerPlayerMod:Mulligan+1","PokerPlayerMod:Heart8","PokerPlayerMod:Diamond9","PokerPlayerMod:ClubDance+1","PokerPlayerMod:Diamond9","PokerPlayerMod:CardBurn+1","PokerPlayerMod:Club9","PokerPlayerMod:Spade10+","PokerPlayerMod:Spade10+","PokerPlayerMod:CardBurn+1","PokerPlayerMod:FlyingCard+1","PokerPlayerMod:Duplicate+1","PokerPlayerMod:FillThePot+1","PokerPlayerMod:CardBurn+1","PokerPlayerMod:Manipulation+1","PokerPlayerMod:Configure+1","PokerPlayerMod:Raise+1","PokerPlayerMod:Raise+1","PokerPlayerMod:FlyingCard+1"],"relics":["PokerPlayerMod:DeckCase","Anchor","Toy Ornithopter","Membership Card","PokerPlayerMod:BrokenClock","PreservedInsect","Coffee Dripper","Nilry\u0027s Codex","Tiny House","Orichalcum","Singing Bowl","DollysMirror","Bottled Lightning","PokerPlayerMod:ClubPass"],"acts_visited":["Exordium","TheCity","TheBeyond","TheEnding"],"potions_floor_usage":[],"damage_taken":[{"damage":9.0,"enemies":"Jaw Worm","floor":1.0,"turns":3.0},{"damage":6.0,"enemies":"Cultist","floor":4.0,"turns":3.0},{"damage":3.0,"enemies":"2 Louse","floor":5.0,"turns":2.0},{"damage":17.0,"enemies":"Lagavulin","floor":7.0,"turns":5.0},{"damage":18.0,"enemies":"Gremlin Nob","floor":12.0,"turns":4.0},{"damage":0.0,"enemies":"Exordium Wildlife","floor":14.0,"turns":2.0},{"damage":11.0,"enemies":"Hexaghost","floor":16.0,"turns":7.0},{"damage":7.0,"enemies":"2 Thieves","floor":18.0,"turns":3.0},{"damage":0.0,"enemies":"Chosen","floor":22.0,"turns":4.0},{"damage":4.0,"enemies":"Snake Plant","floor":27.0,"turns":4.0},{"damage":2.0,"enemies":"Shelled Parasite and Fungi","floor":29.0,"turns":6.0},{"damage":0.0,"enemies":"Centurion and Healer","floor":30.0,"turns":3.0},{"damage":4.0,"enemies":"Automaton","floor":33.0,"turns":6.0},{"damage":0.0,"enemies":"3 Darklings","floor":35.0,"turns":2.0},{"damage":0.0,"enemies":"Orb Walker","floor":36.0,"turns":3.0},{"damage":5.0,"enemies":"Sphere and 2 Shapes","floor":38.0,"turns":4.0},{"damage":0.0,"enemies":"Maw","floor":39.0,"turns":7.0},{"damage":0.0,"enemies":"Jaw Worm Horde","floor":41.0,"turns":4.0},{"damage":0.0,"enemies":"Reptomancer","floor":42.0,"turns":6.0},{"damage":0.0,"enemies":"Spire Growth","floor":45.0,"turns":4.0},{"damage":0.0,"enemies":"Maw","floor":46.0,"turns":5.0},{"damage":0.0,"enemies":"3 Darklings","floor":48.0,"turns":4.0},{"damage":0.0,"enemies":"Awakened One","floor":50.0,"turns":9.0},{"damage":18.0,"enemies":"Shield and Spear","floor":54.0,"turns":5.0},{"damage":41,"enemies":"The Heart","floor":55,"turns":8}],"seed_played":"-1973816548139597439","potions_obtained":[{"floor":4.0,"key":"GamblersBrew"},{"floor":5.0,"key":"SpeedPotion"},{"floor":12.0,"key":"DuplicationPotion"},{"floor":16.0,"key":"Block Potion"},{"floor":45.0,"key":"ColorlessPotion"},{"floor":46.0,"key":"Block Potion"},{"floor":54.0,"key":"AttackPotion"}],"is_trial":false,"path_per_floor":["M","?","$","M","M","R","E","R","T","R","$","E","$","M","R","B",null,"M","?","?","$","M","R","$","R","T","M","R","M","M","$","R","B",null,"M","M","?","M","M","R","M","E","T","$","M","M","R","M","R","B",null,"R","$","E","B",null],"character_chosen":"THE_POKER_PLAYER","items_purchased":["PokerPlayerMod:Diamond9","Membership Card","PokerPlayerMod:Diamond8","PokerPlayerMod:CardBurn","PreservedInsect","PokerPlayerMod:Spade10+","DollysMirror","Bottled Lightning"],"campfire_rested":0,"item_purchase_floors":[3,11,11,11,13,21,44,53],"current_hp_per_floor":[40,35,35,42,49,49,32,32,32,32,32,29,29,41,41,38,46,42,26,26,26,41,41,41,41,41,47,47,49,49,49,49,47,54,54,54,54,54,54,54,54,54,54,54,56,58,58,58,58,58,58,58,58,52,25],"gold":31,"neow_bonus":"TWO_FIFTY_GOLD","is_daily":false,"chose_seed":false,"campfire_upgraded":11,"win_rate":0.0,"timestamp":1611136869,"path_taken":["M","?","$","M","?","R","E","R","T","R","$","E","$","M","R","BOSS","M","?","?","$","M","R","?","R","T","M","R","M","M","$","R","BOSS","M","M","?","M","M","R","M","E","T","$","M","M","R","M","R","BOSS","R","$","E","BOSS"],"items_purchased_type":["Card","Relic","Card","Card","Relic","Undefined","Relic","Relic"],"build_version":"2020-11-30","purchased_purges":6,"victory":true,"max_hp_per_floor":[52,52,49,49,49,49,49,49,49,49,49,49,49,49,49,49,49,49,49,49,49,49,49,49,49,49,49,49,49,49,49,49,49,54,54,54,54,54,54,54,54,54,54,54,56,58,58,58,58,58,58,58,58,60,60],"relic_stats":{"Singing Bowl":6,"counters":[25,113],"PreservedInsect":139,"Orichalcum":[66],"obtain_stats":[{"Tiny House":34,"Singing Bowl":43,"Nilry\u0027s Codex":19,"PreservedInsect":13,"Orichalcum":42,"PokerPlayerMod:BrokenClock":12,"keyreminder:keyreminder":26,"PokerPlayerMod:DeckCase":0,"Anchor":7,"DollysMirror":44,"Coffee Dripper":17,"Membership Card":11,"Bottled Lightning":53,"PokerPlayerMod:ClubPass":54,"Toy Ornithopter":9},{"Tiny House":13,"Singing Bowl":19,"Nilry\u0027s Codex":8,"PreservedInsect":5,"Orichalcum":19,"PokerPlayerMod:BrokenClock":5,"keyreminder:keyreminder":9,"PokerPlayerMod:DeckCase":0,"Anchor":4,"DollysMirror":19,"Coffee Dripper":7,"Membership Card":4,"Bottled Lightning":23,"PokerPlayerMod:ClubPass":24,"Toy Ornithopter":4},{"Tiny House":52,"Singing Bowl":78,"Nilry\u0027s Codex":29,"PreservedInsect":17,"Orichalcum":78,"PokerPlayerMod:BrokenClock":17,"keyreminder:keyreminder":33,"PokerPlayerMod:DeckCase":0,"Anchor":13,"DollysMirror":78,"Coffee Dripper":26,"Membership Card":13,"Bottled Lightning":100,"PokerPlayerMod:ClubPass":105,"Toy Ornithopter":13}],"Toy Ornithopter":5},"card_choices":[{"not_picked":["PokerPlayerMod:SpadeStrike","PokerPlayerMod:ClubShade"],"picked":"PokerPlayerMod:Heart8","floor":1.0},{"not_picked":["PokerPlayerMod:Club1","PokerPlayerMod:HeartStrike","PokerPlayerMod:Spade3"],"picked":"SKIP","floor":4.0},{"not_picked":["PokerPlayerMod:DartThrow","PokerPlayerMod:Spade5"],"picked":"PokerPlayerMod:FlyingCard","floor":5.0},{"not_picked":["PokerPlayerMod:Spade5","PokerPlayerMod:Fold"],"picked":"PokerPlayerMod:ClubDance","floor":7.0},{"not_picked":["PokerPlayerMod:HeartStrike","PokerPlayerMod:Fold","PokerPlayerMod:Diamond1"],"picked":"SKIP","floor":12.0},{"not_picked":["PokerPlayerMod:HeartStrike","PokerPlayerMod:Fold","PokerPlayerMod:Diamond1"],"picked":"SKIP","floor":12.0},{"not_picked":["PokerPlayerMod:Manipulation","PokerPlayerMod:Club3","PokerPlayerMod:DiamondStrike"],"picked":"SKIP","floor":14.0},{"not_picked":["PokerPlayerMod:Spade7","PokerPlayerMod:RoyalStrike"],"picked":"PokerPlayerMod:Club9","floor":16.0},{"not_picked":["PokerPlayerMod:Diamond4","PokerPlayerMod:Trickery","PokerPlayerMod:Diamond2"],"picked":"SKIP","floor":18.0},{"not_picked":["PokerPlayerMod:SecondChance+1","PokerPlayerMod:Extraction","PokerPlayerMod:CloakAndDiamond"],"picked":"SKIP","floor":22.0},{"not_picked":["PokerPlayerMod:Fold","PokerPlayerMod:Spade1"],"picked":"PokerPlayerMod:CardBurn","floor":27.0},{"not_picked":["PokerPlayerMod:Fold","PokerPlayerMod:Spade1"],"picked":"PokerPlayerMod:FlyingCard","floor":29.0},{"not_picked":["PokerPlayerMod:Trickery","PokerPlayerMod:Spade1","PokerPlayerMod:Spade3"],"picked":"SKIP","floor":30.0},{"not_picked":["PokerPlayerMod:Trickery","PokerPlayerMod:Spade1","PokerPlayerMod:Spade3"],"picked":"SKIP","floor":30.0},{"not_picked":["PokerPlayerMod:WasteCollection","PokerPlayerMod:Club7"],"picked":"PokerPlayerMod:Duplicate","floor":33.0},{"not_picked":["PokerPlayerMod:Spade1","PokerPlayerMod:DartThrow"],"picked":"PokerPlayerMod:FillThePot","floor":34.0},{"not_picked":["PokerPlayerMod:Diamond3","PokerPlayerMod:CloakAndDiamond"],"picked":"PokerPlayerMod:CardBurn+1","floor":35.0},{"not_picked":["PokerPlayerMod:Sharpen","PokerPlayerMod:Heart1","PokerPlayerMod:Configure"],"picked":"SKIP","floor":36.0},{"not_picked":["PokerPlayerMod:Spade1","PokerPlayerMod:Diamond6","PokerPlayerMod:Diamond2"],"picked":"SKIP","floor":38.0},{"not_picked":["PokerPlayerMod:Spade1","PokerPlayerMod:Spade3"],"picked":"PokerPlayerMod:Manipulation+1","floor":39.0},{"not_picked":["PokerPlayerMod:Club1","PokerPlayerMod:Heart5"],"picked":"PokerPlayerMod:Configure+1","floor":41.0},{"not_picked":["PokerPlayerMod:Spade4","PokerPlayerMod:Diamond4"],"picked":"PokerPlayerMod:Raise+1","floor":42.0},{"not_picked":["PokerPlayerMod:CardBurn","PokerPlayerMod:Diamond2","PokerPlayerMod:WasteCollection"],"picked":"Singing Bowl","floor":45.0},{"not_picked":["PokerPlayerMod:RiskyBet","PokerPlayerMod:Trickery","PokerPlayerMod:SpadeStrike+1"],"picked":"Singing Bowl","floor":46.0},{"not_picked":["PokerPlayerMod:DiamondStrike+1","PokerPlayerMod:Diamond1"],"picked":"PokerPlayerMod:FlyingCard+1","floor":48.0},{"not_picked":["PokerPlayerMod:Raise+1","PokerPlayerMod:Spade9","PokerPlayerMod:HeartStrike"],"picked":"Singing Bowl","floor":54.0}],"player_experience":888919,"relics_obtained":[{"floor":7.0,"key":"Anchor"},{"floor":9.0,"key":"Toy Ornithopter"},{"floor":12.0,"key":"PokerPlayerMod:BrokenClock"},{"floor":19.0,"key":"Nilry\u0027s Codex"},{"floor":42.0,"key":"Orichalcum"},{"floor":43.0,"key":"Singing Bowl"},{"floor":54.0,"key":"PokerPlayerMod:ClubPass"}],"event_choices":[{"damage_healed":0.0,"max_hp_gain":0.0,"max_hp_loss":0.0,"gold_gain":75.0,"event_name":"FaceTrader","player_choice":"Touch","floor":2.0,"gold_loss":0.0,"damage_taken":5.0},{"damage_healed":0.0,"max_hp_gain":0.0,"max_hp_loss":0.0,"gold_gain":0.0,"event_name":"Cursed Tome","player_choice":"Obtained Book","floor":19.0,"gold_loss":0.0,"damage_taken":16.0},{"damage_healed":0.0,"max_hp_gain":0.0,"max_hp_loss":0.0,"gold_gain":0.0,"event_name":"The Library","player_choice":"Read","floor":20.0,"gold_loss":0.0,"damage_taken":0.0,"cards_obtained":["PokerPlayerMod:Spade10"]},{"cards_removed":["PokerPlayerMod:FlyingCard"],"damage_healed":0.0,"max_hp_gain":0.0,"max_hp_loss":0.0,"gold_gain":0.0,"event_name":"Falling","player_choice":"Removed Attack","floor":37.0,"gold_loss":0.0,"damage_taken":0.0}],"is_beta":false,"boss_relics":[{"not_picked":["Velvet Choker","Sozu"],"picked":"Coffee Dripper"},{"not_picked":["PokerPlayerMod:AceCard","Astrolabe"],"picked":"Tiny House"}],"items_purged_floors":[3,11,13,21,44,53],"is_endless":false,"potions_floor_spawned":[4,5,12,16,22,30,39,45,46,54],"ascension_level":11}}