{"host":"foq4mrde4mssg7vt","time":1611159409,"event":{"mods":["AchievementEnabler","BaseMod","Colored Map","Colored Powertips","Highlight Path","Minty Spire (QoL Compilation)","Relic Stats","everything is the same but u backflip on backflip"],"gold_per_floor":[118,136,150,150,161,161,188,199,280,280,299,333,345,63,63,139,139,157,157,21,36,36,36,36],"floor_reached":23,"language":"ENG","playtime":712,"items_purged":["Perfected Strike"],"score":421,"play_id":"9d4727fa-6d2d-4d73-ac83-02a48bbc07aa","local_time":"20210121001649","is_ascension_mode":true,"campfire_choices":[{"data":"Feed","floor":6.0,"key":"SMITH"},{"floor":10.0,"key":"REST"},{"data":"Uppercut","floor":15.0,"key":"SMITH"}],"circlet_count":0,"master_deck":["AscendersBane","Strike_R","Strike_R","Strike_R","Defend_R","Defend_R","Defend_R","Defend_R","Bash","Feed+1","True Grit+1","Cleave","Inflame","Iron Wave","Uppercut+1","Dual Wield","Exhume","Heavy Blade","Shockwave","Brutality"],"relics":["Burning Blood","Ginger","Matryoshka","Unceasing Top","ClockworkSouvenir","Black Star"],"acts_visited":["Exordium","TheCity"],"potions_floor_usage":[16,16,23],"damage_taken":[{"damage":7.0,"enemies":"Jaw Worm","floor":1.0,"turns":3.0},{"damage":7.0,"enemies":"Cultist","floor":2.0,"turns":5.0},{"damage":4.0,"enemies":"Small Slimes","floor":3.0,"turns":5.0},{"damage":27.0,"enemies":"Red Slaver","floor":5.0,"turns":5.0},{"damage":53.0,"enemies":"Lagavulin","floor":7.0,"turns":6.0},{"damage":12.0,"enemies":"Blue Slaver","floor":8.0,"turns":4.0},{"damage":6.0,"enemies":"2 Fungi Beasts","floor":11.0,"turns":3.0},{"damage":27.0,"enemies":"Gremlin Nob","floor":12.0,"turns":4.0},{"damage":17.0,"enemies":"Exordium Wildlife","floor":13.0,"turns":3.0},{"damage":18,"enemies":"Slime Boss","floor":16,"turns":6},{"damage":18,"enemies":"Chosen","floor":18,"turns":5},{"damage":51,"enemies":"Spheric Guardian","floor":21,"turns":9},{"damage":33,"enemies":"Slavers","floor":23,"turns":3}],"seed_played":"3889408729490635104","potions_obtained":[{"floor":3.0,"key":"BloodPotion"},{"floor":8.0,"key":"CultistPotion"},{"floor":12.0,"key":"Regen Potion"},{"floor":21,"key":"DuplicationPotion"}],"is_trial":false,"path_per_floor":["M","M","M","?","M","R","E","M","T","R","M","E","M","$","R","B",null,"M","?","$","M","?","E"],"character_chosen":"IRONCLAD","items_purchased":["Dual Wield","ClockworkSouvenir","Shockwave","SteroidPotion"],"campfire_rested":1,"item_purchase_floors":[14,14,20,20],"current_hp_per_floor":[52,54,59,59,41,41,15,9,9,36,40,19,12,12,12,15,78,70,70,70,29,29,0,0],"gold":36,"neow_bonus":"THREE_RARE_CARDS","is_daily":false,"chose_seed":false,"campfire_upgraded":2,"win_rate":0.0,"timestamp":1611159409,"path_taken":["M","M","M","?","M","R","E","M","T","R","?","E","M","?","R","BOSS","M","?","?","M","?","E"],"items_purchased_type":["Card","Relic","Card","Potion"],"build_version":"2020-12-22","purchased_purges":1,"victory":false,"max_hp_per_floor":[78,81,84,84,87,87,91,91,91,91,95,95,99,99,99,99,99,103,103,103,107,107,107,107],"relic_stats":{"counters":[13,61],"Black Star":0,"Ginger":[7],"obtain_stats":[{"Matryoshka":9,"Black Star":17,"Ginger":7,"Burning Blood":0,"Unceasing Top":12,"ClockworkSouvenir":14},{"Matryoshka":6,"Black Star":10,"Ginger":5,"Burning Blood":0,"Unceasing Top":8,"ClockworkSouvenir":9},{"Matryoshka":28,"Black Star":44,"Ginger":24,"Burning Blood":0,"Unceasing Top":35,"ClockworkSouvenir":38}],"Burning Blood":72,"Unceasing Top":[0]},"card_choices":[{"not_picked":["Immolate","Double Tap"],"picked":"Feed","floor":0.0},{"not_picked":["Heavy Blade","Flex"],"picked":"True Grit","floor":1.0},{"not_picked":["Clothesline","Wild Strike","Heavy Blade"],"picked":"SKIP","floor":2.0},{"not_picked":["Pommel Strike","Iron Wave"],"picked":"Cleave","floor":3.0},{"not_picked":["Clash","Armaments"],"picked":"Inflame","floor":5.0},{"not_picked":["Double Tap","Dropkick","Power Through"],"picked":"SKIP","floor":7.0},{"not_picked":["True Grit","Havoc"],"picked":"Perfected Strike","floor":8.0},{"not_picked":["Intimidate","Entrench"],"picked":"Iron Wave","floor":11.0},{"not_picked":["Heavy Blade","Bludgeon"],"picked":"Uppercut","floor":12.0},{"not_picked":["Armaments","Metallicize","Havoc"],"picked":"SKIP","floor":13.0},{"not_picked":["Barricade","Fiend Fire"],"picked":"Exhume","floor":16},{"not_picked":["Shrug It Off","Warcry"],"picked":"Heavy Blade","floor":18},{"not_picked":["Entrench","Evolve","Pummel"],"picked":"SKIP","floor":21}],"player_experience":519432,"relics_obtained":[{"floor":7.0,"key":"Ginger"},{"floor":9.0,"key":"Matryoshka"},{"floor":12.0,"key":"Unceasing Top"}],"event_choices":[{"cards_removed":["Strike_R"],"damage_healed":0.0,"max_hp_gain":0.0,"max_hp_loss":0.0,"gold_gain":0.0,"event_name":"Purifier","player_choice":"Purged","floor":4.0,"gold_loss":0.0,"damage_taken":0.0},{"damage_healed":0,"gold_gain":0,"player_choice":"Upgraded","damage_taken":0,"max_hp_gain":0,"max_hp_loss":0,"event_name":"Upgrade Shrine","floor":19,"gold_loss":0,"cards_upgraded":["True Grit"]},{"damage_healed":0,"gold_gain":0,"cards_transformed":["Strike_R"],"player_choice":"Transformed","damage_taken":0,"max_hp_gain":0,"max_hp_loss":0,"event_name":"Transmorgrifier","floor":22,"gold_loss":0,"cards_obtained":["Brutality"]}],"is_beta":false,"boss_relics":[{"not_picked":["Black Blood","Mark of Pain"],"picked":"Black Star"}],"items_purged_floors":[14],"is_endless":false,"potions_floor_spawned":[3,8,12,13,21],"killed_by":"Slavers","ascension_level":19}}