{"host":"g5ztulhog0otympt","time":1611134206,"event":{"mods":["AchievementEnabler","BaseMod","Downfall","Hermit","Minty Spire (QoL Compilation)","StSLib","The Cursed"],"gold_per_floor":[114,114,125,125,125,160,160,160,185,185,233,246,269,299,299,399,399,415,415,430,118,118,118,153,172,172,172,185,197,209,209,209,209,209],"floor_reached":33,"language":"ENG","playtime":1390,"items_purged":[],"score":312,"play_id":"5e0fefd3-5bb8-4330-ba63-1f4d65315185","local_time":"20210120111646","is_ascension_mode":true,"campfire_choices":[{"floor":8.0,"key":"REST"},{"data":"Dramatic Entrance","floor":10.0,"key":"SMITH"},{"floor":15.0,"key":"REST"},{"data":"Bludgeon","floor":23.0,"key":"SMITH"},{"floor":27.0,"key":"REST"},{"floor":32.0,"key":"REST"}],"circlet_count":0,"master_deck":["Strike_R","Strike_R","Strike_R","Strike_R","Strike_R","Defend_R","Defend_R","Defend_R","Defend_R","Bash","Dramatic Entrance+1","Metallicize","Inflame","Entrench","Bludgeon+1","Double Tap","Shrug It Off","downfall:Icky","Fiend Fire","Perfected Strike+1","Thunderclap+1","Thunderclap+1","Perfected Strike+1","Flame Barrier+1"],"relics":["Burning Blood","Letter Opener","Pear","Omamori","Red Skull","Odd Mushroom","Boot","SlaversCollar","Du-Vu Doll","Molten Egg 2","Gremlin Horn","The Courier","Anchor"],"acts_visited":["Exordium","TheCity"],"potions_floor_usage":[33,33],"damage_taken":[{"damage":0.0,"enemies":"Small Slimes","floor":1.0,"turns":2.0},{"damage":8.0,"enemies":"Jaw Worm","floor":3.0,"turns":4.0},{"damage":39.0,"enemies":"3 Sentries","floor":6.0,"turns":9.0},{"damage":0.0,"enemies":"2 Louse","floor":12.0,"turns":1.0},{"damage":16.0,"enemies":"The Mushroom Lair","floor":13.0,"turns":4.0},{"damage":33.0,"enemies":"Gremlin Nob","floor":14.0,"turns":5.0},{"damage":37.0,"enemies":"The Guardian","floor":16.0,"turns":9.0},{"damage":22.0,"enemies":"Shell Parasite","floor":18.0,"turns":4.0},{"damage":24.0,"enemies":"Spheric Guardian","floor":20.0,"turns":5.0},{"damage":54.0,"enemies":"Book of Stabbing","floor":24.0,"turns":5.0},{"damage":13.0,"enemies":"Snecko","floor":25.0,"turns":4.0},{"damage":13.0,"enemies":"Chosen and Byrds","floor":28.0,"turns":3.0},{"damage":16.0,"enemies":"Cultist and Chosen","floor":29.0,"turns":5.0},{"damage":37.0,"enemies":"Snake Plant","floor":30.0,"turns":3.0},{"damage":58,"enemies":"Collector","floor":33,"turns":7}],"seed_played":"3924067682789735635","potions_obtained":[{"floor":6.0,"key":"SkillPotion"},{"floor":12.0,"key":"Energy Potion"},{"floor":14.0,"key":"EntropicBrew"},{"floor":20.0,"key":"Regen Potion"},{"floor":24.0,"key":"Dexterity Potion"},{"floor":25.0,"key":"Energy Potion"},{"floor":29.0,"key":"Weak Potion"}],"is_trial":false,"path_per_floor":["M","?","M","$","?","E","?","R","T","R","T","M","?","E","R","B",null,"M","?","M","$","?","R","E","M","T","R","M","M","M","?","R","B"],"character_chosen":"IRONCLAD","items_purchased":["Molten Egg 2","Thunderclap+1"],"campfire_rested":4,"item_purchase_floors":[21,21],"current_hp_per_floor":[80,73,71,71,71,48,53,81,81,81,81,87,77,50,78,47,95,79,79,61,61,92,92,56,49,49,77,70,60,29,29,57,0,0],"gold":209,"neow_bonus":"RANDOM_COLORLESS","is_daily":false,"chose_seed":false,"campfire_upgraded":2,"win_rate":0.0,"timestamp":1611134206,"path_taken":["M","?","M","$","?","E","?","R","T","R","?","?","?","E","R","BOSS","M","?","M","$","?","R","E","?","T","R","M","M","M","?","R","BOSS"],"items_purchased_type":["Relic","Card"],"build_version":"2020-12-22","purchased_purges":0,"victory":false,"max_hp_per_floor":[80,80,80,80,80,90,95,95,95,95,95,95,95,95,95,95,95,95,95,95,95,95,95,95,95,95,95,95,95,95,95,95,95,95],"card_choices":[{"not_picked":["Madness","Swift Strike"],"picked":"Dramatic Entrance","floor":0.0},{"not_picked":["Twin Strike","Pommel Strike"],"picked":"Metallicize","floor":1.0},{"not_picked":["Clothesline","Sword Boomerang","Heavy Blade"],"picked":"SKIP","floor":3.0},{"not_picked":["Rage","Intimidate"],"picked":"Inflame","floor":6.0},{"not_picked":["Evolve","Searing Blow","Burning Pact"],"picked":"SKIP","floor":12.0},{"not_picked":["Infernal Blade","Inflame"],"picked":"Entrench","floor":13.0},{"not_picked":["Havoc","Spot Weakness"],"picked":"Bludgeon","floor":14.0},{"not_picked":["Bludgeon","Corruption"],"picked":"Double Tap","floor":16.0},{"not_picked":["Flex","Entrench"],"picked":"Shrug It Off","floor":18.0},{"not_picked":["Heavy Blade","Dual Wield"],"picked":"Perfected Strike+1","floor":20.0},{"not_picked":["Clash+1","Brutality"],"picked":"Thunderclap+1","floor":24.0},{"not_picked":["Body Slam+1","Twin Strike+1"],"picked":"Perfected Strike+1","floor":25.0},{"not_picked":["Metallicize","Sword Boomerang+1","Body Slam+1"],"picked":"SKIP","floor":28.0},{"not_picked":["Dual Wield","Metallicize","Dropkick+1"],"picked":"SKIP","floor":29.0},{"not_picked":["Perfected Strike+1","Warcry"],"picked":"Flame Barrier+1","floor":30.0}],"player_experience":107894,"relics_obtained":[{"floor":6.0,"key":"Pear"},{"floor":9.0,"key":"Omamori"},{"floor":11.0,"key":"Red Skull"},{"floor":13.0,"key":"Odd Mushroom"},{"floor":14.0,"key":"Boot"},{"floor":24.0,"key":"Gremlin Horn"},{"floor":26.0,"key":"The Courier"}],"event_choices":[{"damage_healed":0.0,"max_hp_gain":0.0,"max_hp_loss":0.0,"gold_gain":0.0,"event_name":"Scrap Ooze","player_choice":"Success","floor":2.0,"gold_loss":0.0,"damage_taken":7.0,"relics_obtained":["Letter Opener"]},{"damage_healed":0.0,"max_hp_gain":0.0,"max_hp_loss":0.0,"gold_gain":0.0,"event_name":"The Cleric","player_choice":"Leave","floor":5.0,"gold_loss":0.0,"damage_taken":0.0},{"damage_healed":0.0,"max_hp_gain":5.0,"max_hp_loss":0.0,"gold_gain":0.0,"event_name":"Big Fish","player_choice":"Donut","floor":7.0,"gold_loss":0.0,"damage_taken":0.0},{"damage_healed":0.0,"max_hp_gain":0.0,"max_hp_loss":0.0,"gold_gain":0.0,"event_name":"Mushrooms","player_choice":"Fought Mushrooms","floor":13.0,"gold_loss":0.0,"damage_taken":0.0},{"damage_healed":31.0,"max_hp_gain":0.0,"max_hp_loss":0.0,"gold_gain":0.0,"event_name":"The Library","player_choice":"Heal","floor":22.0,"gold_loss":0.0,"damage_taken":0.0},{"damage_healed":0.0,"max_hp_gain":0.0,"max_hp_loss":0.0,"gold_gain":0.0,"event_name":"The Mausoleum","player_choice":"Opened","floor":31.0,"gold_loss":0.0,"damage_taken":0.0,"relics_obtained":["Anchor"]}],"is_beta":false,"boss_relics":[{"not_picked":["Cursed Key","Ectoplasm"],"picked":"SlaversCollar"}],"items_purged_floors":[],"is_endless":false,"potions_floor_spawned":[6,12,14,20,24,25,29],"killed_by":"Collector","ascension_level":1}}