{"host":"sav7uxregyirlf69","time":1611117704,"event":{"mods":["AchievementEnabler","BaseMod","Colored Map","DeckTracker","Keyboard Shortcuts","Minty Spire (QoL Compilation)","READ ME - Guardian Mod","StSLib","SuperFastMode"],"gold_per_floor":[109,122,20,40,40,40,53,53,53],"floor_reached":8,"language":"KOR","playtime":146,"items_purged":[],"score":96,"play_id":"2f35a4d1-f27d-4dc1-8416-a534a6bc914a","local_time":"20210120134144","is_ascension_mode":true,"campfire_choices":[{"data":"Finisher","floor":6.0,"key":"SMITH"}],"circlet_count":0,"master_deck":["AscendersBane","Strike_G","Strike_G","Strike_G","Strike_G","Defend_G","Defend_G","Defend_G","Defend_G","Survivor","Neutralize","Blade Dance","Tactician","Finesse","Finisher+1"],"relics":["Ring of the Snake","Singing Bowl"],"acts_visited":["Exordium"],"potions_floor_usage":[],"damage_taken":[{"damage":6.0,"enemies":"Cultist","floor":1.0,"turns":4.0},{"damage":1.0,"enemies":"Small Slimes","floor":2.0,"turns":5.0},{"damage":4.0,"enemies":"Jaw Worm","floor":4.0,"turns":5.0},{"damage":2.0,"enemies":"Large Slime","floor":7.0,"turns":3.0},{"damage":13,"enemies":"Lagavulin","floor":8,"turns":5}],"seed_played":"-7001065118058107620","potions_obtained":[{"floor":2.0,"key":"Weak Potion"}],"is_trial":false,"path_per_floor":["M","M","$","M","?","R","M","E"],"character_chosen":"THE_SILENT","items_purchased":["Finesse"],"campfire_rested":0,"item_purchase_floors":[3],"current_hp_per_floor":[38,37,37,33,33,33,33,20,20],"gold":53,"neow_bonus":"REMOVE_TWO","is_daily":false,"chose_seed":true,"campfire_upgraded":1,"win_rate":0.0,"timestamp":1611117704,"path_taken":["M","?","?","M","?","R","M","E"],"items_purchased_type":["Card"],"build_version":"2020-12-22","purchased_purges":0,"victory":false,"max_hp_per_floor":[66,66,66,66,66,66,68,68,68],"card_choices":[{"not_picked":["Concentrate","Prepared"],"picked":"Blade Dance","floor":1.0},{"not_picked":["Acrobatics","Crippling Poison"],"picked":"Tactician","floor":2.0},{"not_picked":["Backflip","Caltrops"],"picked":"Finisher","floor":4.0},{"not_picked":["Slice","Setup","Catalyst"],"picked":"Singing Bowl","floor":7.0}],"player_experience":1321763,"relics_obtained":[],"event_choices":[{"damage_healed":0.0,"max_hp_gain":0.0,"max_hp_loss":0.0,"gold_gain":0.0,"event_name":"WeMeetAgain","player_choice":"Gave Potion","floor":5.0,"gold_loss":0.0,"damage_taken":0.0,"relics_obtained":["Singing Bowl"]}],"is_beta":false,"boss_relics":[],"items_purged_floors":[],"is_endless":false,"potions_floor_spawned":[2],"killed_by":"Lagavulin","ascension_level":20}}