{"host":"v79nb9qnzs8cga96","time":1611158516,"event":{"mods":["Aspiration","BaseMod","Better Note","Block Reminder","GifTheSpireLib","Minty Spire (QoL Compilation)","Quarter Circle Forward PUNCH!","SacredBarkPlus","Small Relic Pack","StSLib","Stuff the Spire"],"gold_per_floor":[113,125,141,155,155,155,190,204,229,193,218,230,230,243,243,346,346,361,361,375,388,400,428,110,142,142,158,15,50,65,77,77,178,178,195,214,267,279,279,279,297,330,330,330,32,64,79,95,95,95],"floor_reached":51,"language":"ENG","playtime":2839,"items_purged":[],"score":898,"play_id":"5e382a9f-5ca5-4b9b-b577-3709b3a0c8eb","local_time":"20210120180156","is_ascension_mode":true,"campfire_choices":[{"data":"Alpha","floor":6.0,"key":"SMITH"},{"floor":15.0,"key":"REST"},{"floor":32.0,"key":"REST"},{"floor":40,"key":"REST"},{"floor":44,"key":"REST"},{"floor":49,"key":"REST"}],"circlet_count":0,"master_deck":["Strike_P","Strike_P","Strike_P","Strike_P","Defend_P","Defend_P","Defend_P","Defend_P","Eruption","Vigilance","ThirdEye","ThirdEye","Consecrate","Alpha+1","ThirdEye","FollowUp","ThirdEye","Omniscience","MasterReality","Evaluate","Omniscience","Evaluate","ThirdEye"],"relics":["PureWater","aspiration:Nostalgia","Burning Blood","qcfpunch:Necklace_of_Skulls","Dream Catcher","qcfpunch:Combat_Fatigues","Cursed Key","aspiration:AnachronicSnailShell","qcfpunch:Black_Training_Shirt","qcfpunch:Chain_With_Nametags","Smiling Mask","Frozen Eye","Meat on the Bone","Black Star","Calipers","Damaru","Omamori","aspiration:KaomsHeart"],"acts_visited":["Exordium","TheCity","TheBeyond"],"potions_floor_usage":[38,42,42],"damage_taken":[{"damage":1.0,"enemies":"Jaw Worm","floor":1.0,"turns":3.0},{"damage":0.0,"enemies":"Small Slimes","floor":2.0,"turns":3.0},{"damage":0.0,"enemies":"Cultist","floor":3.0,"turns":2.0},{"damage":11.0,"enemies":"Gremlin Gang","floor":4.0,"turns":6.0},{"damage":12.0,"enemies":"3 Sentries","floor":7.0,"turns":3.0},{"damage":14.0,"enemies":"3 Louse","floor":8.0,"turns":3.0},{"damage":12.0,"enemies":"Lagavulin","floor":11.0,"turns":6.0},{"damage":5.0,"enemies":"Looter","floor":12.0,"turns":4.0},{"damage":17.0,"enemies":"Gremlin Gang","floor":14.0,"turns":3.0},{"damage":25.0,"enemies":"Hexaghost","floor":16.0,"turns":8.0},{"damage":15.0,"enemies":"Spheric Guardian","floor":18.0,"turns":4.0},{"damage":7.0,"enemies":"3 Byrds","floor":20.0,"turns":4.0},{"damage":1.0,"enemies":"Cultist and Chosen","floor":21.0,"turns":4.0},{"damage":4.0,"enemies":"3 Cultists","floor":22.0,"turns":4.0},{"damage":11.0,"enemies":"Slavers","floor":23.0,"turns":3.0},{"damage":24.0,"enemies":"Gremlin Leader","floor":25.0,"turns":6.0},{"damage":4.0,"enemies":"Centurion and Healer","floor":27.0,"turns":5.0},{"damage":20.0,"enemies":"Book of Stabbing","floor":29.0,"turns":5.0},{"damage":0.0,"enemies":"Snecko","floor":30.0,"turns":6.0},{"damage":16.0,"enemies":"Snake Plant","floor":31.0,"turns":4.0},{"damage":48.0,"enemies":"Collector","floor":33.0,"turns":8.0},{"damage":4.0,"enemies":"3 Darklings","floor":35.0,"turns":4.0},{"damage":1.0,"enemies":"3 Shapes","floor":36.0,"turns":3.0},{"damage":17.0,"enemies":"2 Orb Walkers","floor":37.0,"turns":3.0},{"damage":34,"enemies":"Transient","floor":38,"turns":5},{"damage":28,"enemies":"Sphere and 2 Shapes","floor":41,"turns":4},{"damage":49,"enemies":"Nemesis","floor":42,"turns":5},{"damage":76,"enemies":"Reptomancer","floor":46,"turns":6},{"damage":58,"enemies":"Jaw Worm Horde","floor":47,"turns":5},{"damage":2,"enemies":"Writhing Mass","floor":48,"turns":4},{"damage":105,"enemies":"Awakened One","floor":50,"turns":8}],"seed_played":"-4323070461405093794","potions_obtained":[{"floor":3.0,"key":"BottledMiracle"},{"floor":11.0,"key":"BottledMiracle"},{"floor":12.0,"key":"Ancient Potion"},{"floor":14.0,"key":"PowerPotion"},{"floor":31.0,"key":"StancePotion"},{"floor":33.0,"key":"Regen Potion"},{"floor":41,"key":"Regen Potion"},{"floor":47,"key":"CultistPotion"}],"is_trial":false,"path_per_floor":["M","M","M","M","?","R","E","M","T","?","E","M","?","M","R","B",null,"M","?","M","M","M","E","$","E","T","M","$","E","M","M","R","B",null,"M","M","?","M","?","R","M","E","T","R","$","E","M","M","R","B",null],"character_chosen":"WATCHER","items_purchased":["MasterReality","qcfpunch:Chain_With_Nametags","Frozen Eye","aspiration:KaomsHeart"],"campfire_rested":5,"item_purchase_floors":[24,24,28,45],"current_hp_per_floor":[72,72,72,67,67,67,61,53,53,53,47,48,48,37,58,39,72,63,63,62,67,69,64,64,46,46,48,48,34,52,54,72,42,72,72,72,61,45,45,66,44,40,40,61,161,103,63,79,130,43],"gold":95,"neow_bonus":"NOSTALGIA","is_daily":false,"chose_seed":false,"campfire_upgraded":1,"win_rate":0.0,"timestamp":1611158516,"path_taken":["M","M","M","M","?","R","E","M","T","?","E","M","?","M","R","BOSS","M","?","?","?","M","E","$","E","T","M","$","E","M","M","R","BOSS","M","M","?","M","?","R","M","E","T","R","$","E","M","M","R","BOSS"],"items_purchased_type":["Card","Relic","Relic","Relic"],"build_version":"2020-12-22","purchased_purges":0,"victory":true,"max_hp_per_floor":[72,72,72,72,72,72,72,72,72,72,72,72,72,72,72,72,72,72,72,72,72,72,72,72,72,72,72,72,72,72,72,72,72,72,72,72,72,72,72,72,72,72,72,72,172,172,172,172,172,172],"card_choices":[{"not_picked":["PathToVictory","Study"],"picked":"ThirdEye","floor":1.0},{"not_picked":["FlyingSleeves","CrushJoints"],"picked":"ThirdEye","floor":2.0},{"not_picked":["WaveOfTheHand","CarveReality"],"picked":"Consecrate","floor":3.0},{"not_picked":["ClearTheMind","Vengeance"],"picked":"Alpha","floor":4.0},{"not_picked":["EmptyFist","WaveOfTheHand"],"picked":"ThirdEye","floor":7.0},{"not_picked":["Crescendo","InnerPeace"],"picked":"FollowUp","floor":8.0},{"not_picked":["Alpha","Study","PathToVictory"],"picked":"SKIP","floor":11.0},{"not_picked":["Swivel","Halt","SashWhip"],"picked":"SKIP","floor":12.0},{"not_picked":["ReachHeaven","EmptyFist"],"picked":"ThirdEye","floor":14.0},{"not_picked":["DeusExMachina","Scrawl"],"picked":"Omniscience","floor":16.0},{"not_picked":["FollowUp","TalkToTheHand+1","Halt+1"],"picked":"SKIP","floor":18.0},{"not_picked":["Indignation","EmptyBody","Consecrate+1"],"picked":"SKIP","floor":20.0},{"not_picked":["FlurryOfBlows","FlyingSleeves","ThirdEye"],"picked":"SKIP","floor":21.0},{"not_picked":["SandsOfTime","JustLucky","BowlingBash+1"],"picked":"SKIP","floor":22.0},{"not_picked":["ClearTheMind+1","Scrawl","Protect"],"picked":"SKIP","floor":23.0},{"not_picked":["Perseverance+1","SignatureMove","Alpha"],"picked":"SKIP","floor":25.0},{"not_picked":["FollowUp+1","ClearTheMind","CutThroughFate+1"],"picked":"SKIP","floor":27.0},{"not_picked":["FearNoEvil+1","Crescendo","DeceiveReality"],"picked":"SKIP","floor":29.0},{"not_picked":["Vengeance+1","FlyingSleeves","Swivel"],"picked":"SKIP","floor":30.0},{"not_picked":["Evaluate","DeceiveReality","BattleHymn+1"],"picked":"SKIP","floor":31.0},{"not_picked":["Fasting2","WheelKick"],"picked":"Evaluate","floor":32.0},{"not_picked":["Brilliance","Alpha"],"picked":"Omniscience","floor":33.0},{"not_picked":["PathToVictory+1","Crescendo+1","FollowUp"],"picked":"SKIP","floor":35.0},{"not_picked":["SashWhip+1","InnerPeace+1","CutThroughFate"],"picked":"SKIP","floor":36.0},{"not_picked":["Halt+1","FollowUp+1"],"picked":"Evaluate","floor":37.0},{"not_picked":["WaveOfTheHand","Halt+1","Conclude+1"],"picked":"SKIP","floor":38},{"not_picked":["ClearTheMind","Protect+1"],"picked":"ThirdEye","floor":40},{"not_picked":["EmptyMind+1","Meditate+1","Wallop"],"picked":"SKIP","floor":41},{"not_picked":["Consecrate","TalkToTheHand+1","LessonLearned"],"picked":"SKIP","floor":42},{"not_picked":["Blasphemy","Collect+1","JustLucky+1"],"picked":"SKIP","floor":46},{"not_picked":["WreathOfFlame+1","SashWhip+1","TalkToTheHand"],"picked":"SKIP","floor":47},{"not_picked":["Vengeance","WaveOfTheHand+1","CutThroughFate+1"],"picked":"SKIP","floor":48}],"player_experience":337735,"relics_obtained":[{"floor":7.0,"key":"qcfpunch:Necklace_of_Skulls"},{"floor":9.0,"key":"Dream Catcher"},{"floor":11.0,"key":"qcfpunch:Combat_Fatigues"},{"floor":23.0,"key":"qcfpunch:Black_Training_Shirt"},{"floor":25.0,"key":"Smiling Mask"},{"floor":29.0,"key":"Meat on the Bone"},{"floor":37.0,"key":"Calipers"},{"floor":42,"key":"Damaru"},{"floor":42,"key":"Omamori"},{"floor":46,"key":"aspiration:KMNothing"},{"floor":46,"key":"aspiration:KMNothing"}],"event_choices":[{"damage_healed":0.0,"max_hp_gain":0.0,"max_hp_loss":0.0,"gold_gain":0.0,"event_name":"Golden Wing","player_choice":"Ignored","floor":5.0,"gold_loss":0.0,"damage_taken":0.0},{"damage_healed":0.0,"max_hp_gain":0.0,"max_hp_loss":0.0,"gold_gain":0.0,"event_name":"World of Goop","player_choice":"Left Gold","floor":10.0,"gold_loss":36.0,"damage_taken":0.0},{"damage_healed":0.0,"max_hp_gain":0.0,"max_hp_loss":0.0,"gold_gain":0.0,"event_name":"WeMeetAgain","player_choice":"Gave Potion","floor":19.0,"gold_loss":0.0,"damage_taken":0.0,"relics_obtained":["aspiration:AnachronicSnailShell"]},{"damage_healed":0.0,"max_hp_gain":0.0,"max_hp_loss":0.0,"gold_gain":0.0,"event_name":"Mysterious Sphere","player_choice":"Fight","floor":37.0,"gold_loss":0.0,"damage_taken":0.0},{"damage_healed":0,"gold_gain":0,"player_choice":"Ignored","damage_taken":0,"max_hp_gain":0,"max_hp_loss":0,"event_name":"SecretPortal","floor":39,"gold_loss":0}],"is_beta":false,"boss_relics":[{"not_picked":["Calling Bell","Coffee Dripper"],"picked":"Cursed Key"},{"not_picked":["Sozu","aspiration:SecretTechniqueScroll"],"picked":"Black Star"}],"items_purged_floors":[],"is_endless":false,"potions_floor_spawned":[3,11,12,14,20,23,29,31,33,35,37,41,47],"ascension_level":1}}