{"host":"axuns55dzq466eei","time":1611150168,"event":{"mods":["BaseMod","Colored Map","Keyboard Shortcuts","Minty Spire (QoL Compilation)","StSLib","SuperFastMode"],"gold_per_floor":[20,20,20,35,48,48,83,7,33,33,33,47,60,71,71,146,146,164,164,164,89,89,89,106,106,160,160,179,29,59,73,73,73,73],"floor_reached":33,"language":"KOR","playtime":1763,"items_purged":["Strike_B","Defend_B"],"score":530,"play_id":"19143bb5-8f7a-4ff9-9d79-6b89936ecb7e","local_time":"20210120224248","is_ascension_mode":true,"campfire_choices":[{"data":"Chaos","floor":6.0,"key":"SMITH"},{"data":"Dualcast","floor":10.0,"key":"SMITH"},{"data":"Redo","floor":15.0,"key":"SMITH"},{"data":"Defragment","floor":23,"key":"SMITH"},{"data":"Coolheaded","floor":27,"key":"SMITH"},{"data":"Multi-Cast","floor":32,"key":"SMITH"}],"circlet_count":0,"master_deck":["AscendersBane","Defend_B","Zap","Dualcast+1","Sweeping Beam","Beam Cell","Chaos+1","Compile Driver","Redo+1","Lockon","Capacitor","Conserve Battery","Defragment+1","Multi-Cast+1","Core Surge","Creative AI","Undo+1","Coolheaded+1","Compile Driver","Self Repair+1"],"relics":["Cracked Core","Tiny Chest","Anchor","Nuclear Battery","Orichalcum","Centennial Puzzle","Strawberry"],"acts_visited":["Exordium","TheCity"],"potions_floor_usage":[18,24],"damage_taken":[{"damage":2.0,"enemies":"Jaw Worm","floor":1.0,"turns":3.0},{"damage":0.0,"enemies":"Small Slimes","floor":4.0,"turns":2.0},{"damage":1.0,"enemies":"Cultist","floor":5.0,"turns":3.0},{"damage":8.0,"enemies":"Gremlin Nob","floor":7.0,"turns":3.0},{"damage":0.0,"enemies":"Blue Slaver","floor":12.0,"turns":2.0},{"damage":0.0,"enemies":"Large Slime","floor":13.0,"turns":6.0},{"damage":17.0,"enemies":"Exordium Wildlife","floor":14.0,"turns":5.0},{"damage":21.0,"enemies":"Slime Boss","floor":16.0,"turns":8.0},{"damage":0,"enemies":"3 Byrds","floor":18,"turns":2},{"damage":0,"enemies":"Spheric Guardian","floor":24,"turns":3},{"damage":17,"enemies":"Snake Plant","floor":28,"turns":4},{"damage":1,"enemies":"Book of Stabbing","floor":30,"turns":5},{"damage":4,"enemies":"Centurion and Healer","floor":31,"turns":4},{"damage":62,"enemies":"Automaton","floor":33,"turns":10}],"seed_played":"-265360945427691001","potions_obtained":[{"floor":5.0,"key":"Strength Potion"},{"floor":7.0,"key":"ColorlessPotion"},{"floor":11.0,"key":"DistilledChaos"},{"floor":16.0,"key":"LiquidBronze"},{"floor":18,"key":"Swift Potion"},{"floor":28,"key":"Swift Potion"}],"is_trial":false,"path_per_floor":["M","?","?","M","M","R","E","$","T","R","?","M","M","M","R","B",null,"M","T","?","$","?","R","M","?","T","R","M","$","E","M","R","B"],"character_chosen":"DEFECT","items_purchased":["Capacitor","Compile Driver"],"campfire_rested":0,"item_purchase_floors":[8,29],"current_hp_per_floor":[62,62,62,62,61,61,53,53,53,53,53,53,53,36,36,15,57,57,57,57,57,57,57,57,57,57,57,40,40,46,52,52,0,0],"gold":73,"neow_bonus":"TRANSFORM_TWO_CARDS","is_daily":false,"chose_seed":false,"campfire_upgraded":6,"win_rate":0.0,"timestamp":1611150168,"path_taken":["M","?","?","M","M","R","E","?","T","R","?","M","M","?","R","BOSS","M","?","?","$","?","R","M","?","T","R","M","$","E","M","R","BOSS"],"items_purchased_type":["Card","Card"],"build_version":"2020-12-22","purchased_purges":2,"victory":false,"max_hp_per_floor":[71,71,71,71,71,71,71,71,71,71,71,71,71,71,71,71,71,71,71,71,71,71,71,71,71,71,71,71,71,78,78,78,78,78],"card_choices":[{"not_picked":["Steam","Compile Driver"],"picked":"Chaos","floor":1.0},{"not_picked":["Steam","Undo"],"picked":"Compile Driver","floor":4.0},{"not_picked":["Conserve Battery","Gash"],"picked":"Redo","floor":5.0},{"not_picked":["Storm","Leap"],"picked":"Lockon","floor":7.0},{"not_picked":["Loop","Doom and Gloom"],"picked":"Conserve Battery","floor":12.0},{"not_picked":["Turbo","Beam Cell"],"picked":"Defragment","floor":13.0},{"not_picked":["Chill","Doom and Gloom","Streamline"],"picked":"SKIP","floor":14.0},{"not_picked":["All For One","Fission"],"picked":"Multi-Cast","floor":16.0},{"not_picked":["Gash","Ball Lightning","Storm"],"picked":"SKIP","floor":18},{"not_picked":["Redo+1","Gash"],"picked":"Undo+1","floor":24},{"not_picked":["Gash+1","Leap","Streamline+1"],"picked":"SKIP","floor":28},{"not_picked":["Lockon","Leap"],"picked":"Self Repair+1","floor":30},{"not_picked":["Rebound","Gash","Steam"],"picked":"SKIP","floor":31}],"player_experience":1090865,"relics_obtained":[{"floor":7.0,"key":"Tiny Chest"},{"floor":9.0,"key":"Anchor"},{"floor":19,"key":"Orichalcum"},{"floor":26,"key":"Centennial Puzzle"},{"floor":30,"key":"Strawberry"}],"event_choices":[{"damage_healed":0.0,"max_hp_gain":0.0,"max_hp_loss":0.0,"gold_gain":0.0,"event_name":"Golden Idol","player_choice":"Ignored","floor":2.0,"gold_loss":0.0,"damage_taken":0.0},{"damage_healed":0.0,"max_hp_gain":0.0,"max_hp_loss":0.0,"gold_gain":0.0,"event_name":"Liars Game","player_choice":"Ignored","floor":3.0,"gold_loss":0.0,"damage_taken":0.0},{"damage_healed":0.0,"max_hp_gain":0.0,"max_hp_loss":0.0,"gold_gain":0.0,"event_name":"Lab","player_choice":"Got Potions","floor":11.0,"gold_loss":0.0,"damage_taken":0.0},{"damage_healed":0,"gold_gain":0,"cards_transformed":["Strike_B","Strike_B"],"player_choice":"Became Test Subject","damage_taken":0,"max_hp_gain":0,"max_hp_loss":0,"event_name":"Drug Dealer","floor":20,"gold_loss":0,"cards_obtained":["Core Surge","Creative AI"]},{"cards_removed":["Defend_B"],"damage_healed":0,"gold_gain":0,"player_choice":"Elegance","damage_taken":0,"max_hp_gain":0,"max_hp_loss":0,"event_name":"Back to Basics","floor":22,"gold_loss":0},{"damage_healed":0,"gold_gain":0,"player_choice":"Read","damage_taken":0,"max_hp_gain":0,"max_hp_loss":0,"event_name":"The Library","floor":25,"gold_loss":0,"cards_obtained":["Coolheaded"]}],"is_beta":false,"boss_relics":[{"not_picked":["FrozenCore","Busted Crown"],"picked":"Nuclear Battery"}],"items_purged_floors":[21,29],"is_endless":false,"potions_floor_spawned":[5,7,14,16,18,28],"killed_by":"Automaton","ascension_level":20}}