{"host":"2brg86hfzr3u5cix","time":1611113405,"event":{"mods":["AchievementEnabler","Ascension Unlocker","BaseMod","CapriCore","DeckTracker","Highlight Path","Keyboard Shortcuts","Minty Spire (QoL Compilation)","Permanent Neow","Relic Stats","StSLib","Twitch Utils","Uncapped","UnlockEverythingMod"],"gold_per_floor":[119,139,152,25,39,55,55,83,129,129,162,162,162,183,183,272,272,291,291,291],"floor_reached":19,"language":"KOR","playtime":848,"items_purged":["Strike_R"],"score":358,"play_id":"48dea4fd-200f-44e9-8675-edfef3e4bbf5","local_time":"20210120123005","is_ascension_mode":true,"campfire_choices":[{"data":"Iron Wave","floor":7.0,"key":"SMITH"},{"data":"Berserk","floor":10.0,"key":"SMITH"},{"floor":12.0,"key":"REST"},{"data":"Seeing Red","floor":15.0,"key":"SMITH"}],"circlet_count":0,"master_deck":["AscendersBane","Bash","Pummel","Headbutt","Bloodletting","Iron Wave+1","Blood for Blood","Shrug It Off","Spot Weakness","Sword Boomerang","Berserk+1","Seeing Red+1","Twin Strike","Juggernaut+1","Dropkick","Havoc","Flex","True Grit","Body Slam","Havoc","Anger"],"relics":["Burning Blood","Mango","Oddly Smooth Stone","Frozen Egg 2","Golden Idol","Pandora\u0027s Box"],"acts_visited":["Exordium","TheCity"],"potions_floor_usage":[],"damage_taken":[{"damage":7.0,"enemies":"Small Slimes","floor":1.0,"turns":4.0},{"damage":3.0,"enemies":"2 Louse","floor":2.0,"turns":2.0},{"damage":10.0,"enemies":"Jaw Worm","floor":3.0,"turns":3.0},{"damage":17.0,"enemies":"Exordium Thugs","floor":5.0,"turns":7.0},{"damage":13.0,"enemies":"Blue Slaver","floor":6.0,"turns":5.0},{"damage":33.0,"enemies":"3 Sentries","floor":8.0,"turns":8.0},{"damage":25.0,"enemies":"Lagavulin","floor":11.0,"turns":7.0},{"damage":4.0,"enemies":"Looter","floor":14.0,"turns":2.0},{"damage":38.0,"enemies":"The Guardian","floor":16.0,"turns":11.0},{"damage":39,"enemies":"3 Byrds","floor":18,"turns":5},{"damage":29,"enemies":"Shell Parasite","floor":19,"turns":3}],"seed_played":"-6573027343918652657","potions_obtained":[{"floor":2.0,"key":"SpeedPotion"},{"floor":6.0,"key":"Explosive Potion"},{"floor":11.0,"key":"EssenceOfSteel"},{"floor":14.0,"key":"LiquidMemories"}],"is_trial":false,"path_per_floor":["M","M","M","$","M","M","R","E","T","R","E","R","?","M","R","B",null,"M","M"],"character_chosen":"IRONCLAD","items_purchased":["Shrug It Off"],"campfire_rested":1,"item_purchase_floors":[4],"current_hp_per_floor":[67,68,64,64,53,46,46,33,33,33,14,38,38,40,40,8,58,25,0,0],"gold":291,"neow_bonus":"TRANSFORM_TWO_CARDS","is_daily":false,"chose_seed":false,"campfire_upgraded":3,"win_rate":0.0,"timestamp":1611113405,"path_taken":["M","M","M","$","M","M","R","E","T","R","E","R","?","M","R","BOSS","M","M"],"items_purchased_type":["Card"],"build_version":"2020-12-22","purchased_purges":1,"victory":false,"max_hp_per_floor":[68,68,68,68,68,68,68,82,82,82,82,82,74,74,74,74,74,74,74,74],"relic_stats":{"counters":[11,57],"Golden Idol":26,"Pandora\u0027s Box":["Dropkick","Havoc","Flex","True Grit","Body Slam","Havoc"],"obtain_stats":[{"Golden Idol":13,"Oddly Smooth Stone":9,"Mango":8,"Pandora\u0027s Box":17,"Frozen Egg 2":11,"Burning Blood":0},{"Golden Idol":7,"Oddly Smooth Stone":6,"Mango":6,"Pandora\u0027s Box":9,"Frozen Egg 2":7,"Burning Blood":0},{"Golden Idol":36,"Oddly Smooth Stone":29,"Mango":29,"Pandora\u0027s Box":49,"Frozen Egg 2":36,"Burning Blood":0}],"Burning Blood":58},"card_choices":[{"not_picked":["Headbutt","Body Slam"],"picked":"Bloodletting","floor":1.0},{"not_picked":["Clothesline","Headbutt"],"picked":"Iron Wave","floor":2.0},{"not_picked":["Clothesline","Warcry"],"picked":"Blood for Blood","floor":3.0},{"not_picked":["Inflame","Sword Boomerang"],"picked":"Spot Weakness","floor":5.0},{"not_picked":["Clothesline","Inflame"],"picked":"Sword Boomerang","floor":6.0},{"not_picked":["True Grit","Thunderclap"],"picked":"Berserk","floor":8.0},{"not_picked":["Anger","Cleave"],"picked":"Seeing Red","floor":11.0},{"not_picked":["Pummel","Perfected Strike"],"picked":"Twin Strike","floor":14.0},{"not_picked":["Bludgeon","Exhume"],"picked":"Juggernaut+1","floor":16.0},{"not_picked":["Cleave","Shrug It Off"],"picked":"Anger","floor":18}],"player_experience":328245,"relics_obtained":[{"floor":8.0,"key":"Mango"},{"floor":9.0,"key":"Oddly Smooth Stone"},{"floor":11.0,"key":"Frozen Egg 2"}],"event_choices":[{"damage_healed":0.0,"max_hp_gain":0.0,"max_hp_loss":8.0,"gold_gain":0.0,"event_name":"Golden Idol","player_choice":"Lose Max HP","floor":13.0,"gold_loss":0.0,"damage_taken":0.0,"relics_obtained":["Golden Idol"]}],"is_beta":false,"boss_relics":[{"not_picked":["SacredBark","SlaversCollar"],"picked":"Pandora\u0027s Box"}],"items_purged_floors":[4],"is_endless":false,"potions_floor_spawned":[2,6,11,14],"killed_by":"Shell Parasite","ascension_level":20}}