{"host":"ewfe3cr33ktd9xzj","time":1611117867,"event":{"mods":["AchievementEnabler","Arknights The Spire","BaseMod","Colored Map","Custom Start","DeckTracker","Minty Spire (QoL Compilation)","Permanent Neow","Quick Restart","Rare Cards Sparkle","StSLib","everything is the same but u backflip on backflip"],"gold_per_floor":[114,64,139,139,156,156,171,190,190,190,215,27,357,357,357,454,454,467,486,277,297,41,41,52,52,52,70,86,86,120,146,146,146,146],"floor_reached":33,"language":"KOR","playtime":1052,"items_purged":["ats:Strike C","ats:Strike S"],"score":302,"play_id":"d1e69551-9e1e-4cc1-a78d-8da36bc518a4","local_time":"20210120134427","is_ascension_mode":false,"campfire_choices":[{"data":"ats:Neurotoxin","floor":6.0,"key":"SMITH"},{"data":"ats:Closed Bolt Burst Fire","floor":10.0,"key":"SMITH"},{"data":"ats:Overload","floor":15.0,"key":"SMITH"},{"data":"ats:Echo Reverb","floor":23.0,"key":"SMITH"},{"data":"ats:Disruption Kick","floor":25,"key":"SMITH"},{"data":"ats:True Silver Slash","floor":32,"key":"SMITH"}],"circlet_count":0,"master_deck":["ats:Armor Crushing Shot","ats:Defend","ats:Defend","ats:Emotion Absorption","ats:Hammer On","ats:Neurotoxin+1","ats:Closed Bolt Burst Fire+1","ats:Charging Defense","ats:Wolf Pack","ats:Overload+1","ats:Demon Strength","ats:Echo Reverb+1","ats:Mental Burst+1","ats:Burning Ground+1","ats:Ambush+1","ats:Explosion Area Strengthen","ats:Flame Of Heaven+1","ats:Chain Hook+1","ats:Sword Rain+1","ats:Disruption Kick+1","ats:Wolf Pack","ats:Poison Spread","ats:Thorns","ats:Chain Hook+1","ats:Flexible Camouflage+1","ats:True Silver Slash+1","ats:Neurotoxin+1","ats:Automatic Cover+1"],"relics":["ats:Tactical Delivery","StrikeDummy","ats:Originium","Prayer Wheel","Old Coin","Astrolabe","Vajra","Orrery","Potion Belt","CeramicFish"],"acts_visited":["Exordium","TheCity"],"potions_floor_usage":[30,33],"damage_taken":[{"damage":0.0,"enemies":"2 Louse","floor":1.0,"turns":3.0},{"damage":1.0,"enemies":"Cultist","floor":5.0,"turns":4.0},{"damage":1.0,"enemies":"Jaw Worm","floor":7.0,"turns":2.0},{"damage":1.0,"enemies":"2 Fungi Beasts","floor":8.0,"turns":2.0},{"damage":0.0,"enemies":"Gremlin Nob","floor":11.0,"turns":2.0},{"damage":6.0,"enemies":"3 Sentries","floor":13.0,"turns":5.0},{"damage":18.0,"enemies":"Hexaghost","floor":16.0,"turns":7.0},{"damage":10.0,"enemies":"Chosen","floor":18.0,"turns":4.0},{"damage":10.0,"enemies":"2 Thieves","floor":19.0,"turns":2.0},{"damage":12.0,"enemies":"Centurion and Healer","floor":21.0,"turns":3.0},{"damage":0.0,"enemies":"Snecko","floor":24.0,"turns":5.0},{"damage":9,"enemies":"Cultist and Chosen","floor":27,"turns":5},{"damage":0,"enemies":"Sentry and Sphere","floor":28,"turns":4},{"damage":47,"enemies":"Slavers","floor":30,"turns":5},{"damage":8,"enemies":"Snecko","floor":31,"turns":4},{"damage":7,"enemies":"Automaton","floor":33,"turns":3}],"seed_played":"-5748424178935323947","potions_obtained":[{"floor":1.0,"key":"FairyPotion"},{"floor":4.0,"key":"EssenceOfSteel"},{"floor":4.0,"key":"Block Potion"},{"floor":5.0,"key":"DistilledChaos"},{"floor":19.0,"key":"FearPotion"},{"floor":30,"key":"LiquidBronze"},{"floor":31,"key":"DuplicationPotion"}],"is_trial":false,"path_per_floor":["M","$","?","?","M","R","M","M","T","R","E","$","E","?","R","B",null,"M","M","$","M","$","R","M","R","T","M","M","?","E","M","R","B"],"character_chosen":"DOCTOR_CLASS","items_purchased":["ats:Hammer On","ats:Overload","ats:Demon Strength","Vajra","PowerPotion","Orrery"],"campfire_rested":0,"item_purchase_floors":[2,12,12,20,20,22],"current_hp_per_floor":[72,72,61,61,60,60,59,58,58,58,58,58,52,45,45,27,72,62,52,52,40,40,40,40,40,40,31,31,31,13,5,5,0,0],"gold":146,"neow_bonus":"BOSS_RELIC","is_daily":false,"chose_seed":false,"campfire_upgraded":6,"win_rate":0.0,"timestamp":1611117867,"path_taken":["M","$","?","?","M","R","?","M","T","R","E","?","E","?","R","BOSS","M","M","$","M","$","R","M","R","T","M","M","?","E","M","R","BOSS"],"items_purchased_type":["Card","Card","Card","Relic","Potion","Relic"],"build_version":"2020-12-22","purchased_purges":2,"victory":false,"max_hp_per_floor":[72,72,72,72,72,72,72,72,72,72,72,72,72,72,72,72,72,72,72,72,72,72,72,72,72,72,72,72,72,72,72,72,72,72],"card_choices":[{"not_picked":["ats:Burning Ground","ats:Curse Doll","ats:Overload"],"picked":"SKIP","floor":1.0},{"not_picked":["ats:Poison Spread","ats:Consecutive Shot Auto"],"picked":"ats:Neurotoxin","floor":5.0},{"not_picked":["ats:Revitalization","ats:Hammer On"],"picked":"ats:Closed Bolt Burst Fire","floor":7.0},{"not_picked":["ats:Leaping Hammer","ats:Counter Healing Mode"],"picked":"ats:Charging Defense","floor":8.0},{"not_picked":["ats:Revitalization","ats:Powerful Strike"],"picked":"ats:Wolf Pack","floor":11.0},{"not_picked":["ats:Healing Drone","ats:Directed Diagnosis","ats:Cat Scratch"],"picked":"SKIP","floor":13.0},{"not_picked":["ats:Rat Pack","ats:Roar Of Ursus"],"picked":"ats:Echo Reverb","floor":16.0},{"not_picked":["ats:Hammer On","ats:Consecutive Shot Auto"],"picked":"ats:Explosion Area Strengthen","floor":18.0},{"not_picked":["ats:Song Of Battle","ats:Healing Drone"],"picked":"ats:Flame Of Heaven+1","floor":18.0},{"not_picked":["ats:Shadow Raid+1","ats:Revitalization"],"picked":"ats:Chain Hook+1","floor":19.0},{"not_picked":["ats:Hammer On","ats:Counter Healing Mode","ats:Flexible Camouflage"],"picked":"SKIP","floor":19.0},{"not_picked":["ats:LN2 Cannon","ats:Spore Proliferation"],"picked":"ats:Sword Rain+1","floor":21.0},{"not_picked":["ats:Powerful Strike","ats:Encircling Forest+1","ats:Thermite Blade+1"],"picked":"SKIP","floor":21.0},{"not_picked":["ats:Red Shift","ats:Shell Defense"],"picked":"ats:Disruption Kick","floor":22.0},{"not_picked":["ats:Hammer On+1","ats:Leaping Hammer"],"picked":"ats:Wolf Pack","floor":22.0},{"not_picked":["ats:Counter Healing Mode","ats:Cat Scratch"],"picked":"ats:Poison Spread","floor":22.0},{"not_picked":["ats:Shadow Raid","ats:Healing Drone"],"picked":"ats:Thorns","floor":22.0},{"not_picked":["ats:Curse Doll+1","ats:Leaping Hammer","ats:Overload"],"picked":"SKIP","floor":24},{"not_picked":["ats:Assault Order","ats:Composite Medical Shells","ats:Consecutive Shot Auto"],"picked":"SKIP","floor":24},{"not_picked":["ats:Blood Oath","ats:Flexible Camouflage"],"picked":"ats:Chain Hook+1","floor":27},{"not_picked":["ats:Defend Order","ats:Shadow Raid","ats:Explosion Area Strengthen+1"],"picked":"SKIP","floor":27},{"not_picked":["ats:Powerful Strike+1","ats:Leaping Hammer"],"picked":"ats:Flexible Camouflage+1","floor":28},{"not_picked":["ats:Apocalypse","ats:Assault Order","ats:Thorns"],"picked":"SKIP","floor":28},{"not_picked":["ats:Apocalypse","ats:Childhood Dance"],"picked":"ats:Neurotoxin+1","floor":30},{"not_picked":["ats:Echo Reverb","ats:Curse Doll"],"picked":"ats:Automatic Cover+1","floor":31},{"not_picked":["ats:Flexible Camouflage","ats:Mental Burst","ats:Ignite"],"picked":"SKIP","floor":31}],"player_experience":50408,"relics_obtained":[{"floor":9.0,"key":"StrikeDummy"},{"floor":11.0,"key":"ats:Originium"},{"floor":11.0,"key":"Prayer Wheel"},{"floor":13.0,"key":"Old Coin"},{"floor":26,"key":"Potion Belt"},{"floor":30,"key":"CeramicFish"}],"event_choices":[{"damage_healed":0.0,"max_hp_gain":0.0,"max_hp_loss":0.0,"gold_gain":75.0,"event_name":"World of Goop","player_choice":"Gather Gold","floor":3.0,"gold_loss":0.0,"damage_taken":11.0},{"damage_healed":0.0,"max_hp_gain":0.0,"max_hp_loss":0.0,"gold_gain":0.0,"event_name":"Lab","player_choice":"Got Potions","floor":4.0,"gold_loss":0.0,"damage_taken":0.0},{"cards_removed":["ats:Strike V"],"damage_healed":0.0,"max_hp_gain":0.0,"max_hp_loss":0.0,"gold_gain":0.0,"event_name":"Golden Wing","player_choice":"Card Removal","floor":14.0,"gold_loss":0.0,"damage_taken":7.0},{"damage_healed":0,"gold_gain":0,"player_choice":"Read","damage_taken":0,"max_hp_gain":0,"max_hp_loss":0,"event_name":"The Library","floor":29,"gold_loss":0,"cards_obtained":["ats:True Silver Slash"]}],"is_beta":false,"boss_relics":[{"not_picked":["Tiny House","ats:Omniscience"],"picked":"Astrolabe"}],"items_purged_floors":[12,22],"is_endless":false,"potions_floor_spawned":[1,5,8,19,21,24,30,31],"killed_by":"Automaton","ascension_level":0}}