{"host":"vfh4a5lsno7fg1vy","time":1611156403,"event":{"mods":["BaseMod","Minty Spire (QoL Compilation)","StSLib","Synergy Search"],"gold_per_floor":[109,109,109,123,188,188,38,53,53,73,47,61,81,81,81,179,179,192,206,206,64,64,95,95,95,95],"floor_reached":25,"language":"KOR","playtime":1202,"items_purged":[],"score":257,"play_id":"8b9c093c-a535-470c-b091-85af07fa552b","local_time":"20210121002643","is_ascension_mode":true,"campfire_choices":[{"data":"Disarm","floor":6.0,"key":"SMITH"},{"floor":15,"key":"REST"},{"floor":24,"key":"REST"}],"circlet_count":0,"master_deck":["Strike_R","Strike_R","Strike_R","Strike_R","Strike_R","Defend_R","Defend_R","Defend_R","Defend_R","Bash+1","Shame","Whirlwind","Disarm+1","Rupture","Clash","Armaments","Thunderclap","Metallicize","Brutality","Anger+1","Flex","Perfected Strike","Heavy Blade","Flash of Steel","Rupture"],"relics":["Burning Blood","Ancient Tea Set","CaptainsWheel","Runic Pyramid","Toy Ornithopter"],"acts_visited":["TheCity"],"potions_floor_usage":[16,16,23,25],"damage_taken":[{"damage":27.0,"enemies":"Small Slimes","floor":1.0,"turns":5.0},{"damage":7.0,"enemies":"Jaw Worm","floor":4.0,"turns":3.0},{"damage":7.0,"enemies":"2 Louse","floor":8.0,"turns":2.0},{"damage":20.0,"enemies":"Blue Slaver","floor":10.0,"turns":5.0},{"damage":32,"enemies":"Exordium Wildlife","floor":12,"turns":3},{"damage":17,"enemies":"Looter","floor":13,"turns":4},{"damage":79,"enemies":"Slime Boss","floor":16,"turns":14},{"damage":41,"enemies":"Spheric Guardian","floor":18,"turns":7},{"damage":29,"enemies":"Chosen","floor":19,"turns":7},{"damage":54,"enemies":"Gremlin Leader","floor":23,"turns":9},{"damage":42,"enemies":"Shelled Parasite and Fungi","floor":25,"turns":6}],"seed_played":"8977257315654487714","potions_obtained":[{"floor":10.0,"key":"BloodPotion"},{"floor":12,"key":"Regen Potion"},{"floor":13,"key":"Strength Potion"},{"floor":18,"key":"GamblersBrew"}],"is_trial":false,"path_per_floor":["M","?","?","M","?","R","$","M","T","M","$","M","M","?","R","B",null,"M","M","?","$","?","E","R","M"],"character_chosen":"IRONCLAD","items_purchased":["Ancient Tea Set","Armaments","Heavy Blade","Flash of Steel"],"campfire_rested":2,"item_purchase_floors":[7,11,21,21],"current_hp_per_floor":[75,75,75,74,74,74,74,73,73,59,59,33,22,54,82,24,96,61,38,38,38,38,9,37,0,0],"gold":95,"neow_bonus":"TWENTY_PERCENT_HP_BONUS","is_daily":false,"chose_seed":false,"campfire_upgraded":1,"win_rate":0.0,"timestamp":1611156403,"path_taken":["M","?","?","M","?","R","$","M","T","M","?","?","M","?","R","BOSS","M","M","?","$","?","E","R","M"],"items_purchased_type":["Relic","Card","Card","Card"],"build_version":"2020-12-22","purchased_purges":0,"victory":false,"max_hp_per_floor":[96,96,96,96,96,96,96,96,96,96,96,96,96,96,96,96,96,96,96,96,96,96,96,96,96,96],"card_choices":[{"not_picked":["Pommel Strike","Twin Strike"],"picked":"Whirlwind","floor":1.0},{"not_picked":["Burning Pact","Reckless Charge"],"picked":"Disarm","floor":4.0},{"not_picked":["Sever Soul","Perfected Strike"],"picked":"Rupture","floor":8.0},{"not_picked":["Carnage","Entrench"],"picked":"Clash","floor":10.0},{"not_picked":["Disarm","Perfected Strike"],"picked":"Thunderclap","floor":12},{"not_picked":["Havoc","Pummel"],"picked":"Metallicize","floor":13},{"not_picked":["Immolate","Double Tap"],"picked":"Brutality","floor":16},{"not_picked":["Whirlwind","Rampage"],"picked":"Anger+1","floor":18},{"not_picked":["Armaments","Searing Blow"],"picked":"Flex","floor":19},{"not_picked":["Sword Boomerang","True Grit"],"picked":"Rupture","floor":23}],"player_experience":213751,"relics_obtained":[{"floor":9.0,"key":"CaptainsWheel"},{"floor":23,"key":"Toy Ornithopter"}],"event_choices":[{"damage_healed":0.0,"max_hp_gain":0.0,"max_hp_loss":0.0,"gold_gain":0.0,"event_name":"The Cleric","player_choice":"Leave","floor":2.0,"gold_loss":0.0,"damage_taken":0.0},{"damage_healed":0.0,"max_hp_gain":0.0,"max_hp_loss":0.0,"gold_gain":0.0,"event_name":"Living Wall","player_choice":"Grow","floor":3.0,"gold_loss":0.0,"damage_taken":0.0,"cards_upgraded":["Bash"]},{"damage_healed":0.0,"max_hp_gain":0.0,"max_hp_loss":0.0,"gold_gain":65.0,"event_name":"Golden Wing","player_choice":"Gained Gold","floor":5.0,"gold_loss":0.0,"damage_taken":0.0},{"damage_healed":32,"gold_gain":0,"player_choice":"Banana","damage_taken":0,"max_hp_gain":0,"max_hp_loss":0,"event_name":"Big Fish","floor":14,"gold_loss":0},{"damage_healed":0,"gold_gain":0,"player_choice":"Read","damage_taken":0,"max_hp_gain":0,"max_hp_loss":0,"event_name":"The Library","floor":20,"gold_loss":0,"cards_obtained":["Perfected Strike"]},{"damage_healed":0,"gold_gain":0,"player_choice":"Ignored","damage_taken":0,"max_hp_gain":0,"max_hp_loss":0,"event_name":"Ghosts","floor":22,"gold_loss":0}],"is_beta":false,"boss_relics":[{"not_picked":["Ectoplasm","Runic Dome"],"picked":"Runic Pyramid"}],"items_purged_floors":[],"is_endless":false,"potions_floor_spawned":[10,12,13,18],"killed_by":"Shelled Parasite and Fungi","ascension_level":2}}