{"host":"7gewg82ormp6yt4e","time":1611154649,"event":{"mods":["BaseMod","Block Reminder","Colored Map","Colored Powertips","DeckTracker","Highlight Path","Minty Spire (QoL Compilation)","Relic Stats","StSLib","ojb\u0027s Info Mod"],"gold_per_floor":[112,130,141,25,25,59,59,109,109,145,165,200,222,246,246,332,332,348,230,256,297,222,257,257,257,257,257,273,283,126,155,155,238,238,262,280,9,1026,1051,1086,1086,1115,1115,1115,1115,404,415,415,415,415,415,415,415,22,48,48,48],"floor_reached":56,"language":"JPN","playtime":4905,"items_purged":["Normality","Normality"],"score":1936,"play_id":"c7f1e7ad-54c4-4ab3-a165-317d5fd1dfe6","local_time":"20210120235729","is_ascension_mode":true,"campfire_choices":[{"data":"Go for the Eyes","floor":7.0,"key":"SMITH"},{"floor":15.0,"key":"REST"},{"floor":24.0,"key":"RECALL"},{"floor":32.0,"key":"REST"},{"floor":41.0,"key":"REST"},{"floor":44.0,"key":"REST"},{"floor":49.0,"key":"REST"},{"floor":53.0,"key":"REST"}],"circlet_count":0,"master_deck":["AscendersBane","Strike_B+1","Strike_B+1","Strike_B+1","Defend_B+1","Defend_B+1","Defend_B+1","Defend_B+1","Zap","Dualcast+1","Streamline+1","Ball Lightning","Go for the Eyes+1","Chill","Skim","Compile Driver","All For One","Biased Cognition","Cold Snap","Auto Shields","Electrodynamics","Turbo","Capacitor","Steam","Double Energy+1","Echo Form","Consume","Reboot","Hologram","Dark Shackles","The Bomb","Apotheosis","Blind","Hologram+1","Scrape","Dark Shackles","Defragment","Turbo","Capacitor"],"relics":["Cracked Core","War Paint","CeramicFish","InkBottle","White Beast Statue","Regal Pillow","Fusion Hammer","Red Mask","MealTicket","Sundial","Strange Spoon","Busted Crown","Akabeko","Bag of Marbles","Shuriken","Sling","Pear","OrangePellets","Cables"],"acts_visited":["Exordium","TheCity","TheBeyond","TheEnding"],"potions_floor_usage":[],"damage_taken":[{"damage":12.0,"enemies":"Jaw Worm","floor":1.0,"turns":4.0},{"damage":0.0,"enemies":"2 Louse","floor":2.0,"turns":2.0},{"damage":0.0,"enemies":"Cultist","floor":3.0,"turns":2.0},{"damage":13.0,"enemies":"3 Sentries","floor":6.0,"turns":6.0},{"damage":7.0,"enemies":"Lagavulin","floor":10.0,"turns":5.0},{"damage":0.0,"enemies":"Exordium Thugs","floor":11.0,"turns":4.0},{"damage":2.0,"enemies":"3 Sentries","floor":12.0,"turns":4.0},{"damage":0.0,"enemies":"Exordium Wildlife","floor":13.0,"turns":3.0},{"damage":0.0,"enemies":"Large Slime","floor":14.0,"turns":5.0},{"damage":15.0,"enemies":"The Guardian","floor":16.0,"turns":12.0},{"damage":1.0,"enemies":"Spheric Guardian","floor":18.0,"turns":4.0},{"damage":0.0,"enemies":"3 Byrds","floor":20.0,"turns":3.0},{"damage":5.0,"enemies":"Masked Bandits","floor":21.0,"turns":4.0},{"damage":8.0,"enemies":"Slavers","floor":23.0,"turns":4.0},{"damage":10.0,"enemies":"Cultist and Chosen","floor":28.0,"turns":5.0},{"damage":6.0,"enemies":"Snecko","floor":29.0,"turns":4.0},{"damage":0.0,"enemies":"3 Cultists","floor":31.0,"turns":4.0},{"damage":11.0,"enemies":"Collector","floor":33.0,"turns":9.0},{"damage":0.0,"enemies":"3 Shapes","floor":35.0,"turns":3.0},{"damage":6.0,"enemies":"3 Darklings","floor":39.0,"turns":6.0},{"damage":45.0,"enemies":"Giant Head","floor":40.0,"turns":10.0},{"damage":20.0,"enemies":"Reptomancer","floor":42.0,"turns":6.0},{"damage":42.0,"enemies":"Writhing Mass","floor":47.0,"turns":8.0},{"damage":53.0,"enemies":"Time Eater","floor":50.0,"turns":19.0},{"damage":53.0,"enemies":"Donu and Deca","floor":51.0,"turns":10.0},{"damage":67.0,"enemies":"Shield and Spear","floor":55.0,"turns":8.0},{"damage":48,"enemies":"The Heart","floor":56,"turns":2}],"seed_played":"-6027995587723768461","potions_obtained":[{"floor":2.0,"key":"PotionOfCapacity"},{"floor":3.0,"key":"BlessingOfTheForge"},{"floor":11.0,"key":"AttackPotion"},{"floor":12.0,"key":"PotionOfCapacity"},{"floor":13.0,"key":"FearPotion"},{"floor":16.0,"key":"FocusPotion"},{"floor":18.0,"key":"DistilledChaos"},{"floor":20.0,"key":"Block Potion"},{"floor":21.0,"key":"Regen Potion"},{"floor":23.0,"key":"FocusPotion"},{"floor":28.0,"key":"SpeedPotion"},{"floor":29.0,"key":"Block Potion"},{"floor":31.0,"key":"PotionOfCapacity"},{"floor":33.0,"key":"FairyPotion"},{"floor":35.0,"key":"DistilledChaos"},{"floor":40.0,"key":"AttackPotion"},{"floor":42.0,"key":"FocusPotion"},{"floor":55.0,"key":"Weak Potion"}],"is_trial":false,"path_per_floor":["M","M","M","$","?","E","R","?","T","E","M","E","M","M","R","B",null,"M","$","M","?","?","E","R","?","T","?","M","M","$","M","R","B",null,"M","?","$","?","M","E","R","E","T","R","T","$","M","?","R","B","B",null,"R","$","E","B"],"character_chosen":"DEFECT","items_purchased":["Chill","Skim","Turbo","Capacitor","Strange Spoon","Apotheosis","Blind","Dark Shackles","Defragment","Sling","Pear","Turbo","OrangePellets","Capacitor","SkillPotion"],"campfire_rested":6,"item_purchase_floors":[4,4,19,19,30,37,37,46,46,46,46,46,54,54,54],"current_hp_per_floor":[52,52,52,52,52,39,39,39,39,32,32,30,30,30,66,51,66,65,65,65,60,60,64,64,64,64,64,54,48,63,63,71,60,68,68,58,71,71,65,20,56,36,36,71,71,81,39,39,78,25,7,63,81,81,14,0,0],"gold":48,"neow_bonus":"RANDOM_COMMON_RELIC","is_daily":false,"chose_seed":false,"campfire_upgraded":1,"win_rate":0.0,"timestamp":1611154649,"path_taken":["M","M","M","$","?","E","R","?","T","E","M","E","M","?","R","BOSS","M","$","M","?","?","E","R","?","T","?","?","M","$","M","R","BOSS","M","?","$","?","M","E","R","E","T","R","?","$","?","?","R","BOSS","BOSS","R","$","E","BOSS"],"items_purchased_type":["Card","Card","Card","Card","Relic","Card","Card","Card","Card","Relic","Relic","Card","Relic","Card","Potion"],"build_version":"2020-12-22","purchased_purges":2,"victory":false,"max_hp_per_floor":[71,71,71,71,71,71,71,71,71,71,71,71,71,71,71,71,71,71,71,71,71,71,71,71,71,71,71,71,71,71,71,71,71,71,71,71,71,71,71,71,71,71,71,71,71,81,81,81,81,81,81,81,81,81,81,81,81],"relic_stats":{"Regal Pillow":59,"counters":[27,156],"CeramicFish":234,"War Paint":["Dualcast","Defend_B"],"Cables":[2,2,0,0,0],"Strange Spoon":[34],"OrangePellets":[1],"Busted Crown":18,"Sundial":[16],"Shuriken":[11],"MealTicket":28,"obtain_stats":[{"Regal Pillow":12,"Pear":46,"CeramicFish":6,"War Paint":0,"Sling":46,"White Beast Statue":10,"Akabeko":40,"Cables":55,"Strange Spoon":30,"OrangePellets":54,"Busted Crown":34,"Sundial":26,"Shuriken":45,"MealTicket":23,"Fusion Hammer":17,"Red Mask":21,"Bag of Marbles":42,"Cracked Core":0,"InkBottle":9},{"Regal Pillow":7,"Pear":22,"CeramicFish":4,"War Paint":0,"Sling":22,"White Beast Statue":5,"Akabeko":21,"Cables":26,"Strange Spoon":16,"OrangePellets":25,"Busted Crown":18,"Sundial":14,"Shuriken":22,"MealTicket":14,"Fusion Hammer":10,"Red Mask":13,"Bag of Marbles":22,"Cracked Core":0,"InkBottle":4},{"Regal Pillow":27,"Pear":109,"CeramicFish":14,"War Paint":0,"Sling":109,"White Beast Statue":19,"Akabeko":103,"Cables":154,"Strange Spoon":71,"OrangePellets":146,"Busted Crown":84,"Sundial":62,"Shuriken":109,"MealTicket":62,"Fusion Hammer":47,"Red Mask":58,"Bag of Marbles":109,"Cracked Core":0,"InkBottle":14}],"InkBottle":[69]},"card_choices":[{"not_picked":["Sweeping Beam","Hologram"],"picked":"Streamline","floor":1.0},{"not_picked":["Loop","Conserve Battery"],"picked":"Ball Lightning","floor":2.0},{"not_picked":["Recycle","Steam"],"picked":"Go for the Eyes","floor":3.0},{"not_picked":["Double Energy","Sweeping Beam","Storm"],"picked":"SKIP","floor":6.0},{"not_picked":["Stack","Go for the Eyes"],"picked":"Compile Driver","floor":10.0},{"not_picked":["Rebound","Leap"],"picked":"All For One","floor":11.0},{"not_picked":["Conserve Battery","Glacier"],"picked":"Biased Cognition","floor":12.0},{"not_picked":["Leap","Self Repair"],"picked":"Cold Snap","floor":13.0},{"not_picked":["Gash","Barrage"],"picked":"Auto Shields","floor":14.0},{"not_picked":["Reboot","Hyperbeam"],"picked":"Electrodynamics","floor":16.0},{"not_picked":["Leap","Gash+1","Barrage"],"picked":"SKIP","floor":18.0},{"not_picked":["Redo","Conserve Battery"],"picked":"Steam","floor":20.0},{"not_picked":["Storm","Gash"],"picked":"Double Energy+1","floor":21.0},{"not_picked":["Coolheaded+1","Stack+1"],"picked":"Echo Form","floor":23.0},{"not_picked":["Hello World","Ball Lightning","Conserve Battery"],"picked":"SKIP","floor":28.0},{"not_picked":["Barrage","Melter","Rebound"],"picked":"SKIP","floor":29.0},{"not_picked":["Redo","Reprogram"],"picked":"Consume","floor":31.0},{"not_picked":["Creative AI","Machine Learning"],"picked":"Reboot","floor":33.0},{"not_picked":[],"picked":"Hologram","floor":35.0},{"not_picked":[],"picked":"Dark Shackles","floor":36.0},{"not_picked":[],"picked":"The Bomb","floor":36.0},{"not_picked":[],"picked":"Hologram+1","floor":39.0},{"not_picked":[],"picked":"Scrape","floor":40.0},{"not_picked":["Leap"],"picked":"SKIP","floor":42.0},{"not_picked":["Compile Driver"],"picked":"SKIP","floor":47.0},{"not_picked":["Lockon"],"picked":"SKIP","floor":55.0}],"player_experience":2634194,"relics_obtained":[{"floor":6.0,"key":"CeramicFish"},{"floor":9.0,"key":"InkBottle"},{"floor":10.0,"key":"White Beast Statue"},{"floor":12.0,"key":"Regal Pillow"},{"floor":21.0,"key":"Red Mask"},{"floor":23.0,"key":"MealTicket"},{"floor":26.0,"key":"Sundial"},{"floor":40.0,"key":"Akabeko"},{"floor":42.0,"key":"Bag of Marbles"},{"floor":45.0,"key":"Shuriken"},{"floor":55.0,"key":"Cables"}],"event_choices":[{"damage_healed":0.0,"max_hp_gain":0.0,"max_hp_loss":0.0,"gold_gain":0.0,"event_name":"Living Wall","player_choice":"Grow","floor":5.0,"gold_loss":0.0,"damage_taken":0.0,"cards_upgraded":["Streamline"]},{"damage_healed":0.0,"max_hp_gain":0.0,"max_hp_loss":0.0,"gold_gain":50.0,"event_name":"Golden Shrine","player_choice":"Pray","floor":8.0,"gold_loss":0.0,"damage_taken":0.0},{"damage_healed":0.0,"max_hp_gain":0.0,"max_hp_loss":0.0,"gold_gain":0.0,"event_name":"Masked Bandits","player_choice":"Fought Bandits","floor":21.0,"gold_loss":0.0,"damage_taken":0.0},{"cards_removed":["Strike_B"],"damage_healed":0.0,"max_hp_gain":0.0,"max_hp_loss":0.0,"gold_gain":0.0,"event_name":"Beggar","player_choice":"Gave Gold","floor":22.0,"gold_loss":75.0,"damage_taken":0.0},{"damage_healed":0.0,"max_hp_gain":0.0,"max_hp_loss":0.0,"gold_gain":0.0,"event_name":"The Mausoleum","player_choice":"Ignored","floor":25.0,"gold_loss":0.0,"damage_taken":0.0},{"damage_healed":0.0,"max_hp_gain":0.0,"max_hp_loss":0.0,"gold_gain":0.0,"event_name":"Back to Basics","player_choice":"Simplicity","floor":27.0,"gold_loss":0.0,"damage_taken":0.0,"cards_upgraded":["Strike_B","Strike_B","Strike_B","Defend_B","Defend_B","Defend_B"]},{"damage_healed":0.0,"max_hp_gain":0.0,"max_hp_loss":0.0,"gold_gain":0.0,"event_name":"SensoryStone","player_choice":"Memory 3","floor":36.0,"gold_loss":0.0,"damage_taken":10.0},{"damage_healed":0.0,"max_hp_gain":0.0,"max_hp_loss":0.0,"gold_gain":999.0,"event_name":"MindBloom","player_choice":"Gold","floor":38.0,"gold_loss":0.0,"damage_taken":0.0,"cards_obtained":["Normality","Normality"]},{"damage_healed":0.0,"max_hp_gain":0.0,"max_hp_loss":0.0,"gold_gain":0.0,"event_name":"Mysterious Sphere","player_choice":"Ignored","floor":48.0,"gold_loss":0.0,"damage_taken":0.0}],"is_beta":false,"boss_relics":[{"not_picked":["Sozu","SacredBark"],"picked":"Fusion Hammer"},{"not_picked":["Snecko Eye","FrozenCore"],"picked":"Busted Crown"}],"items_purged_floors":[46,54],"is_endless":false,"potions_floor_spawned":[2,3,11,12,13,14,16,18,20,21,23,28,29,31,33,35,39,40,42,47,55],"killed_by":"The Heart","ascension_level":20}}