{"host":"raxmxgtw2nbiczxd","time":1611114787,"event":{"mods":["AchievementEnabler","Aspiration","BaseMod","Beaked The Cultist","BetterRewards","Challenge The Spire","Conspire","Friendly Minions","Halation","Hero for Fun","Hubris","Infinite Spire","Jedi Mod","Mimic Mod","Minty Spire (QoL Compilation)","Quick Restart","Relic Stats","Replay The Spire","Shop Mod","Spikes Relics","StSLib","SuperFastMode","The Animator","The Blackbeard","The Necromancer","The Servant 0.9.4","Yuri Mod","vexMod","????"],"gold_per_floor":[109,109,123,136,153,183,647,191,224,237,255,290,304,339,339,438,438,456,614,539,551,563,590,590,590,590,617,617,642,652,667,667,770,770,781,79,96,114,130,148,178,225,249,280,296,151,183,106,106,132,132,55,41,87,101],"floor_reached":56,"language":"RUS","playtime":3422,"items_purged":["Plague_Bolt+1","Hellfire+1"],"score":1793,"play_id":"36dfe1e5-e3e9-43b8-a06f-fac33b163ca2","local_time":"20210120105307","is_ascension_mode":true,"campfire_choices":[{"data":"1","floor":15,"key":"LIFT"},{"data":"2","floor":24,"key":"LIFT"},{"data":"3","floor":32,"key":"LIFT"},{"floor":49,"key":"REST"}],"circlet_count":0,"master_deck":["Negative_Energy_Arrows+1","Negative_Energy_Arrows+1","Negative_Energy_Arrows+1","Negative_Energy_Arrows+1","Bones_to_Steel+1","Stop_Heart+1","Epidemic+1","Summon_Undead+1","Bone_Armory+1","Bone_Armor+1","Bone_Armor+1","Bone_Armor+1","Bone_Armor+1","Negative_Energy_Shield+1","Uncharnel+1","Negative_Energy_Shield+1","Summon_Lich+1","Summon_Undead+1","Summon_Undead+1","Life_Tap+1","Skeleton_Dragon+1","Summon_Death_Knight+1","Summon_Undead_Army+1","Siphon_Strength+1","Negative_Energy_Mist+1","Stop_Heart+1","Bone_Armory+1","Blood_Is_Power+1","Summon_Undead_Army+1","Bone_Armory+1","Bone_Armory+1","Negative_Energy_Mist+1"],"relics":["Vampire_Amulet","Molten Egg 2","Toxic Egg 2","Frozen Egg 2","Quantum Egg","Ice Cream","SpikesRelics:ToyHorsey","Mummified Hand","Darkstone Periapt","Toolbox","Girya","ReplayTheSpireMod:TigerMarble","Fusion Hammer","hubris:Backtick","hubris:CuriousFeather","aspiration:HatOfInfinitePower","ClockworkSouvenir","Mercury Hourglass","Pet Ghost","hubris:SphereOfDissonance","MiniBlackHole","Sozu","Blood Vial","FossilizedHelix","GiantMaggot","Prayer Wheel","Potion Belt","SuspiciousGoo","Replay:Rubber Ducky","Replay:Bandana","aspiration:EmptySkull"],"acts_visited":["Exordium","TheCity","TheBeyond","TheEnding"],"potions_floor_usage":[33,33,33],"damage_taken":[{"damage":0,"enemies":"2 Louse","floor":1,"turns":1},{"damage":0,"enemies":"infinitespire:Voidling","floor":3,"turns":3},{"damage":0,"enemies":"Small Slimes","floor":4,"turns":2},{"damage":0,"enemies":"Exordium Wildlife","floor":5,"turns":4},{"damage":11,"enemies":"Gremlin Nob","floor":6,"turns":3},{"damage":0,"enemies":"2 Fungi Beasts","floor":9,"turns":5},{"damage":2,"enemies":"2 Fungi Beasts","floor":10,"turns":3},{"damage":4,"enemies":"3 Louse","floor":11,"turns":3},{"damage":7,"enemies":"3 Sentries","floor":12,"turns":10},{"damage":0,"enemies":"Gremlin Gang","floor":13,"turns":4},{"damage":0,"enemies":"Gremlin Nob","floor":14,"turns":4},{"damage":1,"enemies":"Hexaghost","floor":16,"turns":7},{"damage":0,"enemies":"Spheric Guardian","floor":18,"turns":4},{"damage":2,"enemies":"3 Byrds","floor":21,"turns":2},{"damage":2,"enemies":"conspire:HollyBat","floor":22,"turns":5},{"damage":0,"enemies":"Gremlin Leader","floor":23,"turns":3},{"damage":0,"enemies":"conspire:Head Lice","floor":27,"turns":3},{"damage":0,"enemies":"Book of Stabbing","floor":29,"turns":3},{"damage":0,"enemies":"Chosen and Byrds","floor":30,"turns":2},{"damage":1,"enemies":"Snecko","floor":31,"turns":3},{"damage":0,"enemies":"Automaton","floor":33,"turns":5},{"damage":0,"enemies":"3 Shapes","floor":35,"turns":2},{"damage":0,"enemies":"Orb Walker","floor":37,"turns":2},{"damage":0,"enemies":"Sphere and 2 Shapes","floor":38,"turns":3},{"damage":11,"enemies":"4 Shapes","floor":39,"turns":3},{"damage":0,"enemies":"Transient","floor":40,"turns":5},{"damage":4,"enemies":"Nemesis","floor":41,"turns":5},{"damage":28,"enemies":"2 Orb Walkers","floor":42,"turns":3},{"damage":1,"enemies":"Giant Head","floor":44,"turns":5},{"damage":0,"enemies":"Spire Growth","floor":45,"turns":2},{"damage":0,"enemies":"beaked:SuperParasite","floor":47,"turns":4},{"damage":19,"enemies":"Donu and Deca","floor":50,"turns":4},{"damage":3,"enemies":"Shield and Spear","floor":54,"turns":4},{"damage":33,"enemies":"The Heart","floor":55,"turns":7}],"seed_played":"-7013960291169130419","potions_obtained":[{"floor":3,"key":"LiquidMemories"},{"floor":10,"key":"Strength Potion"},{"floor":22,"key":"Ancient Potion"}],"is_trial":false,"path_per_floor":["M","?","M","M","M","E","R","$","MIM","M","M","E","M","E","R","B",null,"M","$","?","M","M","E","R","?","T","E","?","E","M","M","R","B",null,"M","$","M","M","M","M","E","?","T","E","M","R","E","$","R","B",null,"R","$","E","B",null],"character_chosen":"NECROMANCER","items_purchased":["Summon_Undead+1","Bone_Armory+1","Darkstone Periapt","Toolbox","Girya","Bone_Armor+1","Flashbang","aspiration:HatOfInfinitePower","ClockworkSouvenir","Summon_Lich+1","Mercury Hourglass","Blood Vial","FossilizedHelix","Summon_Death_Knight+1","Replay:Rubber Ducky","Summon_Undead_Army+1","Bone_Armory+1","Bone_Armory+1","Negative_Energy_Mist+1"],"campfire_rested":1,"item_purchase_floors":[7,7,7,7,8,8,8,19,19,19,19,36,36,36,46,48,52,53,53],"current_hp_per_floor":[75,75,75,75,75,66,66,66,75,75,75,74,75,75,75,75,75,75,75,75,75,75,75,75,75,75,75,75,75,75,79,79,79,79,79,79,79,79,77,79,77,55,55,58,62,62,66,66,79,67,79,79,79,79,51],"gold":101,"neow_bonus":"RANDOM_EVENT","is_daily":false,"chose_seed":false,"campfire_upgraded":0,"win_rate":0.0,"timestamp":1611114787,"path_taken":["M","?","?","M","M","E","R","$","MIM","M","M","E","?","E","R","BOSS","M","$","?","M","M","E","R","?","T","E","?","E","M","M","R","BOSS","M","$","?","M","M","M","E","?","T","E","?","R","E","?","R","BOSS","R","$","E","BOSS"],"items_purchased_type":["Card","Card","Relic","Relic","Relic","Card","Potion","Relic","Relic","Card","Relic","Relic","Relic","Card","Relic","Card","Card","Card","Card"],"build_version":"2020-12-22","purchased_purges":2,"victory":true,"max_hp_per_floor":[75,75,75,75,75,75,75,75,75,75,75,75,75,75,75,75,75,75,75,75,75,75,75,75,75,75,75,75,75,75,79,79,79,79,79,79,79,79,79,79,79,79,79,79,79,79,79,79,79,79,79,79,79,79,79],"relic_stats":{"Darkstone Periapt":0,"Sozu":3,"Blood Vial":10,"counters":[62,247],"Mummified Hand":[501],"Prayer Wheel":1,"obtain_stats":[{"Ice Cream":0,"Vajra":39,"infinitespire:Cubic Diamond":2,"Sling":40,"Sozu":34,"Blood Vial":36,"SpikesRelics:ToyHorsey":6,"halation:PrussianBluePaint":46,"Prayer Wheel":42,"Vampire_Amulet":0,"Fusion Hammer":17,"HandDrill":7,"Toxic Egg 2":0,"Girya":8,"Happy Flower":11,"GiantMaggot":41,"hubris:SphereOfDissonance":26,"Akabeko":49,"aspiration:EmptySkull":54,"Molten Egg 2":0,"hubris:TenFootPole":13,"ReplayTheSpireMod:TigerMarble":12,"Mirror":46,"aspiration:HatOfInfinitePower":19,"Darkstone Periapt":7,"beaked:ShinyBauble":23,"SnailShell":26,"Lantern":49,"Sizzling Blood":2,"Replay:Multitool":7,"Smiling Mask":32,"vexMod:Spyglass":46,"Pet Ghost":23,"ClockworkSouvenir":15,"Replay:Rubber Ducky":46,"Nunchaku":28,"Replay:Bandana":47,"hubris:Backtick":17,"Mummified Hand":0,"Toolbox":7,"MiniBlackHole":29,"WingedGreaves":32,"hubris:CuriousFeather":17,"Potion Belt":43,"Quantum Egg":0,"SuspiciousGoo":44,"Omamori":7,"vexMod:FocusSash":47,"Frozen Egg 2":0,"Mercury Hourglass":19,"vexMod:Dragonfruit":11,"jedi:fakemustache":32,"Anchor":40,"Art of War":47,"halation:AfternoonTea":6,"conspire:DeflatedDodgeball":13,"FossilizedHelix":15},{"Ice Cream":0,"Vajra":22,"infinitespire:Cubic Diamond":1,"Sling":22,"Sozu":49,"Blood Vial":50,"SpikesRelics:ToyHorsey":33,"halation:PrussianBluePaint":26,"Prayer Wheel":56,"Vampire_Amulet":0,"Fusion Hammer":8,"HandDrill":3,"Toxic Egg 2":0,"Girya":33,"Happy Flower":5,"GiantMaggot":55,"hubris:SphereOfDissonance":44,"Akabeko":27,"aspiration:EmptySkull":61,"Molten Egg 2":0,"hubris:TenFootPole":6,"ReplayTheSpireMod:TigerMarble":37,"Mirror":26,"aspiration:HatOfInfinitePower":41,"Darkstone Periapt":33,"beaked:ShinyBauble":14,"SnailShell":16,"Lantern":27,"Sizzling Blood":1,"Replay:Multitool":3,"Smiling Mask":19,"vexMod:Spyglass":26,"Pet Ghost":44,"ClockworkSouvenir":7,"Replay:Rubber Ducky":58,"Nunchaku":17,"Replay:Bandana":59,"hubris:Backtick":40,"Mummified Hand":0,"Toolbox":33,"MiniBlackHole":46,"WingedGreaves":19,"hubris:CuriousFeather":40,"Potion Belt":56,"Quantum Egg":0,"SuspiciousGoo":57,"Omamori":3,"vexMod:FocusSash":26,"Frozen Egg 2":0,"Mercury Hourglass":41,"vexMod:Dragonfruit":5,"jedi:fakemustache":19,"Anchor":22,"Art of War":26,"halation:AfternoonTea":3,"conspire:DeflatedDodgeball":6,"FossilizedHelix":7},{"Ice Cream":0,"Vajra":88,"infinitespire:Cubic Diamond":2,"Sling":88,"Sozu":199,"Blood Vial":200,"SpikesRelics:ToyHorsey":133,"halation:PrussianBluePaint":109,"Prayer Wheel":221,"Vampire_Amulet":0,"Fusion Hammer":32,"HandDrill":12,"Toxic Egg 2":0,"Girya":133,"Happy Flower":20,"GiantMaggot":218,"hubris:SphereOfDissonance":183,"Akabeko":112,"aspiration:EmptySkull":240,"Molten Egg 2":0,"hubris:TenFootPole":23,"ReplayTheSpireMod:TigerMarble":154,"Mirror":109,"aspiration:HatOfInfinitePower":173,"Darkstone Periapt":133,"beaked:ShinyBauble":56,"SnailShell":65,"Lantern":112,"Sizzling Blood":2,"Replay:Multitool":12,"Smiling Mask":76,"vexMod:Spyglass":109,"Pet Ghost":183,"ClockworkSouvenir":26,"Replay:Rubber Ducky":228,"Nunchaku":69,"Replay:Bandana":232,"hubris:Backtick":169,"Mummified Hand":0,"Toolbox":133,"MiniBlackHole":189,"WingedGreaves":76,"hubris:CuriousFeather":169,"Potion Belt":221,"Quantum Egg":0,"SuspiciousGoo":226,"Omamori":12,"vexMod:FocusSash":109,"Frozen Egg 2":0,"Mercury Hourglass":173,"vexMod:Dragonfruit":20,"jedi:fakemustache":76,"Anchor":88,"Art of War":109,"halation:AfternoonTea":12,"conspire:DeflatedDodgeball":23,"FossilizedHelix":26}],"Mercury Hourglass":[282]},"card_choices":[{"not_picked":["Negative_Energy_Burst+1","Bone_Bullets+1"],"picked":"Bones_to_Steel+1","floor":1},{"not_picked":["Epidemic+1","Negative_Energy_Javelin+1"],"picked":"Stop_Heart+1","floor":3},{"not_picked":["Shackles_Of_Pain+1","Consume_Illness+1"],"picked":"Chill_Blood+1","floor":4},{"not_picked":["Stop_Heart+1","Death_Knell+1","Consume_Illness+1"],"picked":"SKIP","floor":5},{"not_picked":["Vampiric_Strike+1","Chill_Blood+1","Death_March_Dance+1"],"picked":"SKIP","floor":6},{"not_picked":["Spectral_Armor+1","Strike_from_Beyond+1","Necromantic_Selection+1"],"picked":"SKIP","floor":10},{"not_picked":["Bone_Bullets+1","Bone_Armor+1"],"picked":"Negative_Energy_Shield+1","floor":11},{"not_picked":["Blood_Whip+1","Shackles_Of_Pain+1","Bones_to_Steel+1"],"picked":"SKIP","floor":12},{"not_picked":["Negative_Energy_Javelin+1","Blood_for_Blood+1"],"picked":"Uncharnel+1","floor":13},{"not_picked":["Grasp_Heart+1","Death_Coil+1"],"picked":"Negative_Energy_Shield+1","floor":14},{"not_picked":["Detonate_Bones+1","Summon_Death_Knight+1"],"picked":"Hellfire+1","floor":16},{"not_picked":["Scare+1","Toxic_Smoke_Screen+1"],"picked":"Plague_Bolt+1","floor":18},{"not_picked":["Shackles_Of_Pain+1","Corrupt+1","Scare+1"],"picked":"SKIP","floor":21},{"not_picked":["Blood_Whip+1","Death_Coil+1","Consume_Illness+1"],"picked":"SKIP","floor":22},{"not_picked":["Detonate_Bones+1","Bones_to_Steel+1"],"picked":"Summon_Undead+1","floor":23},{"not_picked":["Death_March_Dance+1","Shade_Step+1","Negative_Energy_Shield+1"],"picked":"SKIP","floor":27},{"not_picked":["Finger_Of_Death+1","Chill_Blood+1","Acid_Javelin+1"],"picked":"SKIP","floor":29},{"not_picked":["Slay_Living+1","Consume_Illness+1"],"picked":"Summon_Undead+1","floor":30},{"not_picked":["Toxic_Smoke_Screen+1","Shade_Step+1"],"picked":"Life_Tap+1","floor":31},{"not_picked":["Summon_Vampire_Lady+1","Hellfire+1"],"picked":"Skeleton_Dragon+1","floor":33},{"not_picked":["Bones_to_Steel+1","Bone_Prison+1","Vampiric_Strike+1"],"picked":"SKIP","floor":35},{"not_picked":["Toxic_Smoke_Screen+1","Consume_Illness+1","Shackles_Of_Pain+1"],"picked":"SKIP","floor":37},{"not_picked":["Flesh_Made_Foul+1","Death_Coil+1"],"picked":"Summon_Undead_Army+1","floor":38},{"not_picked":["Bone_Armor+1","Life_Drain+1"],"picked":"Siphon_Strength+1","floor":39},{"not_picked":["Scare+1","Shade_Step+1"],"picked":"Negative_Energy_Mist+1","floor":40},{"not_picked":["Death_March_Dance+1","Bone_Spikes+1","Negative_Energy_Shield+1"],"picked":"SKIP","floor":41},{"not_picked":["Bone_Shift+1","Death_Coil+1","Strike_from_Beyond+1"],"picked":"SKIP","floor":44},{"not_picked":["Exploit+1","Necromantic_Selection+1"],"picked":"Stop_Heart+1","floor":45},{"not_picked":["Negative_Energy_Shield+1","Violent_Necrosis+1"],"picked":"Bone_Armory+1","floor":45},{"not_picked":["Negative_Energy_Burst+1","Shade_Step+1"],"picked":"Blood_Is_Power+1","floor":47},{"not_picked":["Negative_Energy_Mist+1","Epidemic+1","Consume_Illness+1"],"picked":"SKIP","floor":54}],"player_experience":134866,"relics_obtained":[{"floor":6,"key":"SpikesRelics:ToyHorsey"},{"floor":12,"key":"ReplayTheSpireMod:TigerMarble"},{"floor":23,"key":"Pet Ghost"},{"floor":26,"key":"hubris:SphereOfDissonance"},{"floor":29,"key":"MiniBlackHole"},{"floor":41,"key":"GiantMaggot"},{"floor":42,"key":"Prayer Wheel"},{"floor":43,"key":"Potion Belt"},{"floor":44,"key":"SuspiciousGoo"},{"floor":47,"key":"Replay:Bandana"},{"floor":54,"key":"aspiration:EmptySkull"}],"event_choices":[{"damage_healed":0,"gold_gain":0,"player_choice":"Ignored","damage_taken":0,"max_hp_gain":0,"max_hp_loss":0,"event_name":"Accursed Blacksmith","floor":2,"gold_loss":0},{"cards_removed":["Chill_Blood"],"damage_healed":0,"gold_gain":0,"player_choice":"Gave Gold","damage_taken":0,"max_hp_gain":0,"max_hp_loss":0,"event_name":"Beggar","floor":20,"gold_loss":75},{"damage_healed":0,"gold_gain":0,"player_choice":"Ignored","damage_taken":0,"max_hp_gain":0,"max_hp_loss":0,"event_name":"Ghosts","floor":25,"gold_loss":0},{"damage_healed":0,"gold_gain":0,"player_choice":"Ignored","damage_taken":0,"max_hp_gain":0,"max_hp_loss":0,"event_name":"Upgrade Shrine","floor":28,"gold_loss":0},{"damage_healed":0,"gold_gain":0,"player_choice":"Fight","damage_taken":0,"max_hp_gain":0,"max_hp_loss":0,"event_name":"Mysterious Sphere","floor":42,"gold_loss":0}],"is_beta":false,"boss_relics":[{"not_picked":["hubris:TerracottaHorce","aspiration:PoetsPen_weak"],"picked":"hubris:Backtick"},{"not_picked":["halation:CatFaceCupcake","hubris:VirtuousBlindfold","Abe\u0027s Treasure"]}],"items_purged_floors":[19,36],"is_endless":false,"potions_floor_spawned":[3,10,12,14,16,21,22,29,37,38,40,47],"ascension_level":2}}