{"host":"kh6fvhxn285ncg0o","time":1611187194,"event":{"mods":["Act Like it!","BaseMod","Colored Map","Friendly Minions","Keyboard Shortcuts","Minty Spire (QoL Compilation)","Quick Restart","Relic Stats","StSLib","SuperFastMode"],"gold_per_floor":[118,118,118,118,129,129,162,162,162,87,102,113,163,163,163],"floor_reached":14,"language":"KOR","playtime":179,"items_purged":["Pain"],"score":226,"play_id":"b8ff8e42-fe23-4062-8b9a-c33e5b38ec7e","local_time":"20210121085954","is_ascension_mode":true,"campfire_choices":[{"data":"Bash","floor":6,"key":"SMITH"},{"data":"Entrench","floor":8,"key":"SMITH"}],"circlet_count":0,"master_deck":["AscendersBane","Strike_R","Strike_R","Strike_R","Strike_R","Defend_R","Defend_R","Defend_R","Defend_R+1","Bash+1","Disarm+1","Entrench+1","Shrug It Off"],"relics":["Burning Blood","NeowsBlessing","WarpedTongs","InkBottle","Ancient Tea Set"],"acts_visited":["Exordium"],"potions_floor_usage":[14,14],"damage_taken":[{"damage":0,"enemies":"Small Slimes","floor":1,"turns":1},{"damage":0,"enemies":"Jaw Worm","floor":5,"turns":1},{"damage":1,"enemies":"Lagavulin","floor":7,"turns":1},{"damage":0,"enemies":"2 Louse","floor":11,"turns":3},{"damage":43,"enemies":"Exordium Thugs","floor":12,"turns":6},{"damage":24,"enemies":"3 Sentries","floor":14,"turns":8}],"seed_played":"6448888497759396239","potions_obtained":[{"floor":1,"key":"Swift Potion"},{"floor":11,"key":"LiquidBronze"}],"is_trial":false,"path_per_floor":["M","?","?","?","M","R","E","R","T","$","M","M","?","E"],"character_chosen":"IRONCLAD","items_purchased":[],"campfire_rested":0,"item_purchase_floors":[],"current_hp_per_floor":[74,67,44,44,50,50,55,55,55,55,61,24,24,0,0],"gold":163,"neow_bonus":"THREE_ENEMY_KILL","is_daily":false,"chose_seed":false,"campfire_upgraded":2,"win_rate":0.0,"timestamp":1611187194,"path_taken":["M","?","?","?","?","R","E","R","T","$","M","M","?","E"],"items_purchased_type":[],"build_version":"2020-12-22","purchased_purges":1,"victory":false,"max_hp_per_floor":[75,75,75,75,75,75,75,75,75,75,75,75,75,75,75],"relic_stats":{"counters":[6,20],"obtain_stats":[{"NeowsBlessing":0,"Ancient Tea Set":9,"Burning Blood":0,"InkBottle":7,"WarpedTongs":4},{"NeowsBlessing":0,"Ancient Tea Set":3,"Burning Blood":0,"InkBottle":3,"WarpedTongs":1},{"NeowsBlessing":0,"Ancient Tea Set":3,"Burning Blood":0,"InkBottle":3,"WarpedTongs":1}],"Burning Blood":30,"InkBottle":[4],"WarpedTongs":[17]},"card_choices":[{"not_picked":["Twin Strike","Armaments"],"picked":"Disarm","floor":1},{"not_picked":["Spot Weakness","Seeing Red"],"picked":"Entrench","floor":5},{"not_picked":["Pommel Strike","True Grit"],"picked":"Shrug It Off","floor":7},{"not_picked":["Pommel Strike","Cleave","Sentinel"],"picked":"SKIP","floor":12}],"player_experience":3479646,"relics_obtained":[{"floor":7,"key":"InkBottle"},{"floor":9,"key":"Ancient Tea Set"}],"event_choices":[{"cards_removed":["Strike_R"],"damage_healed":0,"gold_gain":0,"player_choice":"Card Removal","damage_taken":7,"max_hp_gain":0,"max_hp_loss":0,"event_name":"Golden Wing","floor":2,"gold_loss":0},{"damage_healed":0,"gold_gain":0,"player_choice":"Entered Light","damage_taken":23,"max_hp_gain":0,"max_hp_loss":0,"event_name":"Shining Light","floor":3,"gold_loss":0,"cards_upgraded":["Defend_R","Disarm"]},{"damage_healed":0,"gold_gain":0,"player_choice":"Rummage","damage_taken":0,"relics_obtained":["WarpedTongs"],"max_hp_gain":0,"max_hp_loss":0,"event_name":"Accursed Blacksmith","floor":4,"gold_loss":0,"cards_obtained":["Pain"]},{"damage_healed":0,"gold_gain":50,"player_choice":"Pray","damage_taken":0,"max_hp_gain":0,"max_hp_loss":0,"event_name":"Golden Shrine","floor":13,"gold_loss":0}],"is_beta":false,"boss_relics":[],"items_purged_floors":[10],"is_endless":false,"potions_floor_spawned":[1,11],"killed_by":"3 Sentries","ascension_level":20}}