{"host":"8fuipfsvjht9cgcs","time":1611111468,"event":{"mods":["AchievementEnabler","BaseMod","Colored Map","Colored Powertips","DeckTracker","Friendly Minions","Kiyohime£¨?ýï£©","Marisa£¨Ùöéë¡¡Øª×âÞÞ£©","Minty Spire (QoL Compilation)","Prisma Mod","Replay The Spire","StSLib","SuperFastMode","The Cursed","The Gatherer"],"gold_per_floor":[113,133,57,57,76,105,105,124,147,177,352,352,365,365,365,466,466,481,481,481,498,221,252,264,286,298,48,58,58,75,75,75,170,170,181,181,56,0,50,50,77,77,104,129,129,146,146,65,65,65],"floor_reached":51,"language":"KOR","playtime":1573,"items_purged":["Doubt","Strike_P","Defend_P"],"score":919,"play_id":"e9ce26bd-04b7-441b-b677-7792eee4ec36","local_time":"20210120155748","is_ascension_mode":true,"campfire_choices":[{"data":"Blasphemy","floor":7.0,"key":"SMITH"},{"data":"BattleHymn","floor":12.0,"key":"SMITH"},{"data":"ClearTheMind","floor":15.0,"key":"SMITH"},{"data":"Deep Breath","floor":24.0,"key":"SMITH"},{"data":"Apotheosis","floor":32.0,"key":"SMITH"},{"data":"Master of Strategy","floor":40.0,"key":"SMITH"},{"floor":47.0,"key":"REST"}],"circlet_count":0,"master_deck":["Strike_P+1","Strike_P","Strike_P+1","Defend_P","Defend_P+1","Defend_P+1","Vigilance","Blasphemy+1","ClearTheMind+1","BattleHymn+1","MentalFortress+1","Consecrate","Wallop","MentalFortress","Master of Strategy+1","Deep Breath+1","Trip","BattleHymn+1","Apotheosis+1","Fasting2+1","DevaForm+1","InnerPeace+1","Dramatic Entrance+1"],"relics":["PureWater","Potion Belt","War Paint","Odd Mushroom","Simple Rune","Ring of Chaos","Nilry\u0027s Codex","MawBank","ReplayTheSpireMod:Shallot","Nloth\u0027s Gift","MutagenicStrength","Black Star","Ring of Hypnosis","ReplayTheSpireMod:Ring of Addiction","Chameleon Ring","SacredBark","Red Mask","Turnip","Unceasing Top","MealTicket","Toy Ornithopter","Frozen Egg 2","StrikeDummy"],"acts_visited":["Exordium","TheCity","TheBeyond"],"potions_floor_usage":[50,50],"damage_taken":[{"damage":9.0,"enemies":"Jaw Worm","floor":1.0,"turns":4.0},{"damage":5.0,"enemies":"2 Louse","floor":2.0,"turns":3.0},{"damage":10.0,"enemies":"Small Slimes","floor":5.0,"turns":4.0},{"damage":0.0,"enemies":"Gremlin Nob","floor":6.0,"turns":2.0},{"damage":5.0,"enemies":"2 Fungi Beasts","floor":8.0,"turns":3.0},{"damage":8.0,"enemies":"The Mushroom Lair","floor":10.0,"turns":3.0},{"damage":5.0,"enemies":"Looter","floor":13.0,"turns":3.0},{"damage":0.0,"enemies":"The Guardian","floor":16.0,"turns":5.0},{"damage":7.0,"enemies":"Chosen","floor":18.0,"turns":4.0},{"damage":9.0,"enemies":"3 Byrds","floor":21.0,"turns":3.0},{"damage":8.0,"enemies":"Gremlin Leader","floor":23.0,"turns":4.0},{"damage":2.0,"enemies":"Snecko","floor":25.0,"turns":4.0},{"damage":21.0,"enemies":"Shelled Parasite and Fungi","floor":28.0,"turns":4.0},{"damage":1.0,"enemies":"Sentry and Sphere","floor":30.0,"turns":3.0},{"damage":13.0,"enemies":"Pondfish","floor":33.0,"turns":3.0},{"damage":0.0,"enemies":"Orb Walker","floor":35.0,"turns":3.0},{"damage":0.0,"enemies":"Mind Bloom Boss Battle","floor":39.0,"turns":3.0},{"damage":0.0,"enemies":"Reptomancer","floor":41.0,"turns":2.0},{"damage":1.0,"enemies":"Giant Head","floor":44.0,"turns":4.0},{"damage":2.0,"enemies":"3 Shapes","floor":46.0,"turns":3.0},{"damage":47,"enemies":"Replay:Hell Engine","floor":50,"turns":5}],"seed_played":"3330458012345716405","potions_obtained":[{"floor":1.0,"key":"LiquidBronze"},{"floor":5.0,"key":"Fruit Juice"},{"floor":10.0,"key":"AttackPotion"},{"floor":18.0,"key":"BlessingOfTheForge"},{"floor":21.0,"key":"ColorlessPotion"},{"floor":33.0,"key":"Energy Potion"},{"floor":36.0,"key":"FairyPotion"},{"floor":36.0,"key":"SteroidPotion"},{"floor":36.0,"key":"Toxic Potion"},{"floor":41.0,"key":"DistilledChaos"},{"floor":42.0,"key":"BlessingOfTheForge"},{"floor":45.0,"key":"SpeedPotion"}],"is_trial":false,"path_per_floor":["M","M","$","?","M","E","R","M","T","?","?","R","M","?","R","B",null,"M","?","?","M","$","E","R","M","T","$","M","?","M","?","R","B",null,"M","?","$","?","?","R","E","R","T","E","R","M","R","$","R_BF","B",null],"character_chosen":"WATCHER","items_purchased":["BattleHymn","ReplayTheSpireMod:ShopPack","MentalFortress","Apotheosis","Dramatic Entrance"],"campfire_rested":1,"item_purchase_floors":[3,22,22,27,48],"current_hp_per_floor":[56,51,51,51,41,41,41,36,36,28,28,28,28,16,16,16,62,55,77,61,52,52,44,44,42,42,42,21,21,20,20,20,7,60,60,60,60,60,60,60,60,60,60,59,59,57,73,71,71,34],"gold":65,"neow_bonus":"ONE_RANDOM_RARE_CARD","is_daily":false,"chose_seed":false,"campfire_upgraded":6,"win_rate":0.0,"timestamp":1611111468,"path_taken":["M","M","$","?","M","E","R","M","T","?","?","R","M","?","R","BOSS","M","?","?","M","$","E","R","M","T","$","M","?","?","?","R","BOSS","M","?","$","?","?","R","E","R","T","E","R","M","R","$","R_BF","BOSS"],"items_purchased_type":["Card","Relic","Card","Card","Card"],"build_version":"2020-12-22","purchased_purges":3,"victory":true,"max_hp_per_floor":[72,72,72,72,72,72,72,72,72,72,72,72,77,77,77,77,77,77,77,77,77,77,77,77,77,77,77,77,77,77,77,77,77,77,77,77,77,77,77,75,75,75,75,75,73,73,73,71,71,71],"card_choices":[{"not_picked":["Replay:Anticipation","BowlingBash","JustLucky"],"picked":"SKIP","floor":1.0},{"not_picked":["FlyingSleeves","Replay:Vibes"],"picked":"ClearTheMind","floor":2.0},{"not_picked":["Swivel","Replay:AtTheReady","SashWhip"],"picked":"SKIP","floor":5.0},{"not_picked":["JustLucky","Wish"],"picked":"Consecrate","floor":6.0},{"not_picked":["Replay:AtTheReady","BowlingBash","SashWhip"],"picked":"SKIP","floor":8.0},{"not_picked":["Crescendo","Evaluate"],"picked":"Wallop","floor":10.0},{"not_picked":["Consecrate","Omniscience","Replay:AtTheReady"],"picked":"SKIP","floor":13.0},{"not_picked":["EmptyFist","SashWhip+1","ReachHeaven"],"picked":"SKIP","floor":18.0},{"not_picked":["WreathOfFlame+1","Vengeance+1","Replay:ManipulateFuture"],"picked":"SKIP","floor":21.0},{"not_picked":["Mayhem","Metamorphosis"],"picked":"Master of Strategy","floor":22.0},{"not_picked":["Discovery","Purity"],"picked":"Deep Breath","floor":22.0},{"not_picked":["Specialist","ReplayUltimateDefense"],"picked":"Trip","floor":22.0},{"not_picked":["Brilliance","ConjureBlade"],"picked":"BattleHymn+1","floor":23.0},{"not_picked":["Halt","EmptyFist","Pray+1"],"picked":"SKIP","floor":25.0},{"not_picked":["WindmillStrike","PathToVictory","Protect"],"picked":"SKIP","floor":28.0},{"not_picked":["Alpha","Weave","Indignation"],"picked":"SKIP","floor":30.0},{"not_picked":["Replay:ManipulateFuture+1","EmptyBody+1","LikeWater"],"picked":"SKIP","floor":35.0},{"not_picked":["WreathOfFlame","DeusExMachina"],"picked":"Fasting2+1","floor":41.0},{"not_picked":["SignatureMove","DeusExMachina"],"picked":"DevaForm+1","floor":44.0},{"not_picked":["Replay:ManipulateFuture+1","Protect+1"],"picked":"InnerPeace+1","floor":46.0}],"player_experience":420995,"relics_obtained":[{"floor":6.0,"key":"Potion Belt"},{"floor":9.0,"key":"War Paint"},{"floor":10.0,"key":"Odd Mushroom"},{"floor":20.0,"key":"Nilry\u0027s Codex"},{"floor":23.0,"key":"MawBank"},{"floor":26.0,"key":"ReplayTheSpireMod:Shallot"},{"floor":36.0,"key":"Ring of Hypnosis"},{"floor":36.0,"key":"ReplayTheSpireMod:Ring of Addiction"},{"floor":36.0,"key":"Chameleon Ring"},{"floor":36.0,"key":"SacredBark"},{"floor":39.0,"key":"Turnip"},{"floor":41.0,"key":"Unceasing Top"},{"floor":41.0,"key":"MealTicket"},{"floor":43.0,"key":"Toy Ornithopter"},{"floor":44.0,"key":"Frozen Egg 2"},{"floor":44.0,"key":"StrikeDummy"}],"event_choices":[{"damage_healed":0.0,"max_hp_gain":0.0,"max_hp_loss":0.0,"gold_gain":0.0,"event_name":"Mushrooms","player_choice":"Fought Mushrooms","floor":10.0,"gold_loss":0.0,"damage_taken":0.0},{"damage_healed":0.0,"max_hp_gain":0.0,"max_hp_loss":0.0,"gold_gain":175.0,"event_name":"Liars Game","player_choice":"AGREE","floor":11.0,"gold_loss":0.0,"damage_taken":0.0,"cards_obtained":["Doubt"]},{"damage_healed":0.0,"max_hp_gain":0.0,"max_hp_loss":0.0,"gold_gain":0.0,"event_name":"Scrap Ooze","player_choice":"Success","floor":14.0,"gold_loss":0.0,"damage_taken":12.0,"relics_obtained":["Simple Rune"]},{"damage_healed":25.0,"max_hp_gain":0.0,"max_hp_loss":0.0,"gold_gain":0.0,"event_name":"The Library","player_choice":"Heal","floor":19.0,"gold_loss":0.0,"damage_taken":0.0},{"damage_healed":0.0,"max_hp_gain":0.0,"max_hp_loss":0.0,"gold_gain":0.0,"event_name":"Cursed Tome","player_choice":"Obtained Book","floor":20.0,"gold_loss":0.0,"damage_taken":16.0},{"damage_healed":0.0,"max_hp_gain":0.0,"max_hp_loss":0.0,"gold_gain":0.0,"event_name":"N\u0027loth","player_choice":"Traded Relic","floor":29.0,"relics_lost":["ReplayTheSpireMod:ShopPack"],"gold_loss":0.0,"damage_taken":0.0,"relics_obtained":["Nloth\u0027s Gift"]},{"damage_healed":0.0,"max_hp_gain":0.0,"max_hp_loss":0.0,"gold_gain":0.0,"event_name":"Drug Dealer","player_choice":"Inject Mutagens","floor":31.0,"gold_loss":0.0,"damage_taken":0.0,"relics_obtained":["MutagenicStrength"]},{"damage_healed":0.0,"max_hp_gain":0.0,"max_hp_loss":0.0,"gold_gain":0.0,"event_name":"Tomb of Lord Red Mask","player_choice":"Paid","floor":38.0,"gold_loss":56.0,"damage_taken":0.0,"relics_obtained":["Red Mask"]},{"damage_healed":0.0,"max_hp_gain":0.0,"max_hp_loss":0.0,"gold_gain":0.0,"event_name":"MindBloom","player_choice":"Fight","floor":39.0,"gold_loss":0.0,"damage_taken":0.0}],"is_beta":false,"boss_relics":[{"not_picked":["Replay:Wanted Poster","Astrolabe"],"picked":"Ring of Chaos"},{"not_picked":["Runic Pyramid","Replay:Drink Me"],"picked":"Black Star"}],"items_purged_floors":[22,27,37],"is_endless":false,"potions_floor_spawned":[1,5,10,18,21,33,39,41,46],"ascension_level":7}}