{"host":"p7cjtxxrilhp4dw7","time":1611115336,"event":{"mods":["BaseMod","Block Reminder","Colored Map","Highlight Path","Minty Spire (QoL Compilation)","Replay The Spire","StSLib","The Hierophant"],"gold_per_floor":[361,436,39,49,22,47,47,47,72,72,83,83,101,112,112,112,112],"floor_reached":16,"language":"ENG","playtime":1035,"items_purged":[],"score":150,"play_id":"01606440-a281-4d6f-98f2-451726ee15db","local_time":"20210119210216","is_ascension_mode":true,"campfire_choices":[{"floor":7,"key":"REST"},{"floor":10,"key":"REST"}],"circlet_count":0,"master_deck":["AscendersBane","Strike_G","Strike_G","Strike_G","Strike_G","Defend_G","Defend_G","Defend_G","Defend_G","Defend_G","Survivor","Neutralize","Slice","Deadly Poison","Heel Hook","Toxin Wave+1","Malaise"],"relics":["Ring of the Snake","TwistedFunnel","Paper Crane","Frozen Egg 2"],"acts_visited":["Exordium"],"potions_floor_usage":[6,16],"damage_taken":[{"damage":3,"enemies":"Jaw Worm","floor":1,"turns":6},{"damage":0,"enemies":"Cultist","floor":4,"turns":4},{"damage":29,"enemies":"Gremlin Nob","floor":6,"turns":6},{"damage":1,"enemies":"2 Louse","floor":11,"turns":3},{"damage":2,"enemies":"Gremlin Gang","floor":13,"turns":4},{"damage":0,"enemies":"Blue Slaver","floor":14,"turns":4},{"damage":44,"enemies":"Fading Forest","floor":16,"turns":9}],"seed_played":"-348435966788977674","potions_obtained":[{"floor":4,"key":"Block Potion"},{"floor":11,"key":"Dexterity Potion"},{"floor":13,"key":"PowerPotion"}],"is_trial":false,"path_per_floor":["M","?","$","M","?","E","R","?","T","R","M","?","M","M","R_BF","B"],"character_chosen":"THE_SILENT","items_purchased":["TwistedFunnel","Paper Crane"],"campfire_rested":2,"item_purchase_floors":[3,3],"current_hp_per_floor":[60,54,54,54,54,25,43,43,43,61,60,60,58,58,63,25,25],"gold":112,"neow_bonus":"TWO_FIFTY_GOLD","is_daily":false,"chose_seed":false,"campfire_upgraded":0,"win_rate":0.0,"timestamp":1611115336,"path_taken":["M","?","$","?","?","E","R","?","T","R","?","?","M","M","R_BF","BOSS"],"items_purchased_type":["Relic","Relic"],"build_version":"2020-12-22","purchased_purges":0,"victory":false,"max_hp_per_floor":[63,63,63,63,63,63,63,63,63,63,63,63,63,63,63,63,63],"card_choices":[{"not_picked":["Outmaneuver","Backflip","Accuracy"],"picked":"SKIP","floor":1},{"not_picked":["Tactician","All Out Attack"],"picked":"Slice","floor":4},{"not_picked":["PiercingWail","Sneak Up"],"picked":"Deadly Poison","floor":6},{"not_picked":["Deadly Poison","Acrobatics"],"picked":"Heel Hook","floor":11},{"not_picked":["Deadly Poison","Flying Knee"],"picked":"Toxin Wave","floor":13},{"not_picked":["Poisoned Stab","Dagger Throw"],"picked":"Malaise","floor":14}],"player_experience":516808,"relics_obtained":[{"floor":6,"key":"Frozen Egg 2"}],"event_choices":[{"damage_healed":0,"gold_gain":75,"player_choice":"Touch","damage_taken":6,"max_hp_gain":0,"max_hp_loss":0,"event_name":"FaceTrader","floor":2,"gold_loss":0},{"damage_healed":0,"gold_gain":0,"player_choice":"Left Gold","damage_taken":0,"max_hp_gain":0,"max_hp_loss":0,"event_name":"World of Goop","floor":5,"gold_loss":27},{"cards_removed":["Strike_G"],"damage_healed":0,"gold_gain":0,"player_choice":"Purged","damage_taken":0,"max_hp_gain":0,"max_hp_loss":0,"event_name":"Purifier","floor":8,"gold_loss":0},{"damage_healed":0,"gold_gain":0,"player_choice":"Ignored","damage_taken":0,"max_hp_gain":0,"max_hp_loss":0,"event_name":"Golden Idol","floor":12,"gold_loss":0}],"is_beta":false,"boss_relics":[],"items_purged_floors":[],"is_endless":false,"potions_floor_spawned":[4,11,13],"killed_by":"Fading Forest","ascension_level":10}}