{"host":"mg3e76uznu9x14du","time":1611186000,"event":{"mods":["BaseMod","Colored Map","Downfall","Minty Spire (QoL Compilation)","Permanent Neow","Relic Stats","StSLib","Waifu the Spire","everything is the same but u backflip on backflip"],"gold_per_floor":[99,110,110,127,144,144,191,217,17,35,35,51,51,64,80,177,177,77,90,90,90,104,104,104,130,40,140,140,140,159,173,185,286,286,286,286,386,398,398,416,441,441,441,441],"floor_reached":42,"language":"ENG","playtime":2681,"items_purged":[],"score":543,"play_id":"b5cd6cfe-bfcd-4e45-9ff9-bbfbf79854b3","local_time":"20210120184000","is_ascension_mode":false,"campfire_choices":[{"floor":1,"key":"REST"},{"data":"Apotheosis","floor":6,"key":"SMITH"},{"data":"bronze:WhirlingStrike","floor":9,"key":"SMITH"},{"floor":13,"key":"RECALL"},{"data":"bronze:BronzeOrb","floor":18,"key":"SMITH"},{"floor":23,"key":"REST"},{"floor":28,"key":"REST"},{"data":"bronze:Turbo","floor":35,"key":"SMITH"}],"circlet_count":0,"master_deck":["bronze:Strike","bronze:Strike","bronze:Strike","bronze:Strike","bronze:Defend","bronze:Defend","bronze:Defend","bronze:Defend","bronze:Replicate","bronze:Goto","Apotheosis+1","bronze:WhirlingStrike+1","bronze:Overheat","bronze:Frontload","bronze:BronzeOrb+1","bronze:Fortify","bronze:Constructor","bronze:OilSpill","bronze:BurnOut","bronze:Separator","bronze:BugBarrage","bronze:DelayedGuard","bronze:FindAndReplace","bronze:GetLatest","bronze:Turbo+1","bronze:Shield","bronze:Frontload","Swift Strike","bronze:Repair","bronze:GetLatest+1","bronze:Boost+1","bronze:OilSpill+1","bronze:RecursiveStrike","downfall:Aged","CurseOfTheBell","downfall:Haunted","bronze:Assembly","Injury","Normality"],"relics":["bronze:BronzeCore","bronze:BottledCode","Bag of Marbles","downfall:HeartBlessingBlue","downfall:HeartBlessingGreen","Black Star","downfall:HeartBlessingRed","Incense Burner","InkBottle","Bag of Preparation","Guardian:GemstoneGun","Singing Bowl","expansioncontent:StudyCardRelic","Calling Bell","Centennial Puzzle","Shuriken","StoneCalendar","Art of War"],"acts_visited":["Exordium","TheCity","TheBeyond"],"potions_floor_usage":[25,25,27,30,33,42],"damage_taken":[{"damage":10,"enemies":"Jaw Worm","floor":2,"turns":3},{"damage":0,"enemies":"2 Louse","floor":4,"turns":2},{"damage":0,"enemies":"Cultist","floor":5,"turns":3},{"damage":22,"enemies":"3 Sentries","floor":8,"turns":5},{"damage":0,"enemies":"Large Slime","floor":10,"turns":5},{"damage":9,"enemies":"Exordium Thugs","floor":12,"turns":2},{"damage":6,"enemies":"Blue Slaver","floor":14,"turns":4},{"damage":0,"enemies":"Large Slime","floor":15,"turns":4},{"damage":21,"enemies":"IC_STATUS_ARCHETYPE","floor":16,"turns":7},{"damage":4,"enemies":"Spheric Guardian","floor":19,"turns":1},{"damage":11,"enemies":"3 Cultists","floor":22,"turns":5},{"damage":33,"enemies":"Book of Stabbing","floor":25,"turns":7},{"damage":4,"enemies":"downfall:FleeingMerchant","floor":26,"turns":4},{"damage":0,"enemies":"WA_ARCHETYPE_RETAIN","floor":27,"turns":7},{"damage":0,"enemies":"Snecko","floor":30,"turns":2},{"damage":0,"enemies":"Cultist and Chosen","floor":31,"turns":3},{"damage":2,"enemies":"Centurion and Healer","floor":32,"turns":5},{"damage":46,"enemies":"SI_MIRROR_ARCHETYPE","floor":33,"turns":14},{"damage":0,"enemies":"Orb Walker","floor":38,"turns":3},{"damage":0,"enemies":"3 Shapes","floor":40,"turns":2},{"damage":166,"enemies":"Giant Head","floor":42,"turns":11}],"seed_played":"282868481375265035","potions_obtained":[{"floor":10,"key":"hexamod:SoulburnPotion"},{"floor":12,"key":"Weak Potion"},{"floor":14,"key":"FearPotion"},{"floor":16,"key":"PowerPotion"},{"floor":25,"key":"Dexterity Potion"},{"floor":27,"key":"Swift Potion"},{"floor":30,"key":"SkillPotion"},{"floor":31,"key":"Explosive Potion"},{"floor":38,"key":"bronze:BurnAndBuffPotion"}],"is_trial":false,"path_per_floor":["R","M","?","M","M","R","T","E","R","M","?","M","R","M","M","B",null,"R","M","?","?","M","R","T","E","$","?","R","?","M","M","M","B",null,"R","?","?","M","?","M","T","E"],"character_chosen":"THE_AUTOMATON","items_purchased":["bronze:Turbo","bronze:Shield"],"campfire_rested":3,"item_purchase_floors":[26,26],"current_hp_per_floor":[70,60,60,60,60,60,60,38,48,48,70,61,61,55,55,34,70,70,66,66,66,55,70,70,37,33,35,56,56,63,63,71,29,72,72,72,77,79,81,83,83,0,0,0],"gold":441,"neow_bonus":"RANDOM_COLORLESS_2","is_daily":false,"chose_seed":false,"campfire_upgraded":4,"win_rate":0.0,"timestamp":1611186000,"path_taken":["R","M","?","M","M","R","T","E","R","M","?","M","R","M","M","BOSS","R","M","?","?","?","R","T","E","$","?","R","?","?","M","M","BOSS","R","?","?","M","?","M","T","E"],"items_purchased_type":["Card","Card"],"build_version":"2020-12-22","purchased_purges":0,"victory":false,"max_hp_per_floor":[70,70,60,60,60,60,60,60,70,70,70,70,70,70,70,70,70,70,70,70,70,70,70,70,70,70,72,72,72,72,72,72,72,72,72,72,77,79,81,83,83,83,83,83],"relic_stats":{"Centennial Puzzle":[3],"Singing Bowl":8,"counters":[21,99],"Shuriken":[6],"StoneCalendar":[52],"Black Star":1,"Bag of Preparation":[18],"Art of War":[0],"obtain_stats":[{"bronze:BronzeCore":0,"downfall:HeartBlessingRed":18,"Singing Bowl":27,"Guardian:GemstoneGun":27,"downfall:HeartBlessingGreen":9,"StoneCalendar":37,"Incense Burner":24,"Bag of Preparation":25,"expansioncontent:StudyCardRelic":34,"bronze:BottledCode":3,"Calling Bell":37,"Centennial Puzzle":37,"downfall:HeartBlessingBlue":9,"Shuriken":37,"Bag of Marbles":8,"Black Star":17,"Art of War":41,"InkBottle":25},{"bronze:BronzeCore":0,"downfall:HeartBlessingRed":9,"Singing Bowl":14,"Guardian:GemstoneGun":14,"downfall:HeartBlessingGreen":4,"StoneCalendar":18,"Incense Burner":11,"Bag of Preparation":12,"expansioncontent:StudyCardRelic":18,"bronze:BottledCode":1,"Calling Bell":18,"Centennial Puzzle":18,"downfall:HeartBlessingBlue":4,"Shuriken":18,"Bag of Marbles":4,"Black Star":9,"Art of War":20,"InkBottle":12},{"bronze:BronzeCore":0,"downfall:HeartBlessingRed":35,"Singing Bowl":59,"Guardian:GemstoneGun":59,"downfall:HeartBlessingGreen":13,"StoneCalendar":83,"Incense Burner":41,"Bag of Preparation":48,"expansioncontent:StudyCardRelic":83,"bronze:BottledCode":3,"Calling Bell":83,"Centennial Puzzle":83,"downfall:HeartBlessingBlue":13,"Shuriken":83,"Bag of Marbles":13,"Black Star":35,"Art of War":88,"InkBottle":48}],"InkBottle":[18]},"card_choices":[{"not_picked":["Panache","HandOfGreed"],"picked":"Apotheosis","floor":0},{"not_picked":["bronze:ClassDefault","bronze:FollowUp"],"picked":"bronze:WhirlingStrike","floor":2},{"not_picked":["bronze:Allocate","bronze:Invalidate"],"picked":"bronze:Overheat","floor":4},{"not_picked":["bronze:BuggyMess","bronze:FineTuning"],"picked":"bronze:Frontload","floor":5},{"not_picked":["bronze:Separator","bronze:Overheat"],"picked":"bronze:MaxOutput","floor":8},{"not_picked":["bronze:Flail","bronze:ForLoop"],"picked":"bronze:BronzeOrb","floor":10},{"not_picked":["bronze:Branch","bronze:WhirlingStrike"],"picked":"bronze:Fortify","floor":12},{"not_picked":["bronze:BuggyMess","bronze:DarkDash"],"picked":"bronze:Constructor","floor":14},{"not_picked":["bronze:WildBeam","bronze:DelayedGuard"],"picked":"bronze:OilSpill","floor":15},{"not_picked":["bronze:Mutator","bronze:Format"],"picked":"bronze:BurnOut","floor":16},{"not_picked":["bronze:Frontload","bronze:Branch"],"picked":"bronze:Separator","floor":19},{"not_picked":["bronze:NullPointer+1","bronze:CutThrough+1"],"picked":"bronze:DelayedGuard","floor":22},{"not_picked":["bronze:Branch","bronze:Flail"],"picked":"bronze:FindAndReplace","floor":25},{"not_picked":["bronze:Allocate+1","bronze:BugBarrage+1"],"picked":"bronze:GetLatest","floor":26},{"not_picked":["bronze:BronzeArmor+1","bronze:NullPointer","bronze:Invalidate"],"picked":"Singing Bowl","floor":27},{"not_picked":["bronze:ForLoop","bronze:DelayedSlice"],"picked":"bronze:GetLatest+1","floor":30},{"not_picked":["bronze:Frontload","bronze:Branch+1"],"picked":"bronze:Boost+1","floor":31},{"not_picked":["bronze:FineTuning","bronze:Overheat"],"picked":"bronze:OilSpill+1","floor":32},{"not_picked":["bronze:Virus","bronze:ThunderWave"],"picked":"bronze:RecursiveStrike","floor":33},{"not_picked":["bronze:Overload+1","bronze:ChosenStrike","bronze:Repair+1"],"picked":"Singing Bowl","floor":38},{"not_picked":["expansioncontent:PrepareCrush","expansioncontent:YouAreMine","expansioncontent:PolyBeam"],"picked":"Singing Bowl","floor":39},{"not_picked":["bronze:DigitalCarnage+1","bronze:BitShift+1","bronze:Fortify+1"],"picked":"Singing Bowl","floor":40}],"player_experience":460140,"relics_obtained":[{"floor":8,"key":"Bag of Marbles"},{"floor":24,"key":"Incense Burner"},{"floor":25,"key":"InkBottle"},{"floor":25,"key":"Bag of Preparation"},{"floor":27,"key":"Guardian:GemstoneGun"},{"floor":27,"key":"Singing Bowl"},{"floor":37,"key":"Centennial Puzzle"},{"floor":37,"key":"Shuriken"},{"floor":37,"key":"StoneCalendar"},{"floor":41,"key":"Art of War"}],"event_choices":[{"cards_removed":["bronze:MaxOutput"],"damage_healed":22,"gold_gain":0,"player_choice":"Offered Uncommon","damage_taken":0,"max_hp_gain":0,"max_hp_loss":0,"event_name":"Bonfire Elementals","floor":11,"gold_loss":0},{"damage_healed":0,"gold_gain":0,"player_choice":"Read","damage_taken":0,"max_hp_gain":0,"max_hp_loss":0,"event_name":"The Library","floor":21,"gold_loss":0,"cards_obtained":["bronze:BugBarrage"]}],"is_beta":false,"boss_relics":[{"not_picked":["Cursed Key","Snecko Eye"],"picked":"Black Star"},{"not_picked":["SlaversCollar","Runic Pyramid"],"picked":"expansioncontent:StudyCardRelic"}],"items_purged_floors":[],"is_endless":false,"potions_floor_spawned":[10,12,14,16,25,27,30,31,38],"killed_by":"Giant Head","ascension_level":0}}