{"host":"5ty8fyb0ngp9gspj","time":1611113264,"event":{"mods":["2.2 Compatiblity","AchievementEnabler","Act Like it!","BaseMod","Colored Map","Downfall","Minty Spire (QoL Compilation)","Rare Cards Sparkle","Relic Stats","StSLib","The Jungle","slay the spire mod where everything is the same but ironclad has a cowboy hat"],"gold_per_floor":[99,99,99,99,99,128,128,28,42,71,83,108,108,128,145,248,248,248,248,266,266,145,173,173,184,14,214,208,238,38,51,64,167,167,167,179,179,56,66,66,66,166,176,47,47,47,47],"floor_reached":45,"language":"ENG","playtime":1750,"items_purged":[],"score":591,"play_id":"8b2b7490-0a90-48fd-b5f5-2fc081c2e2a1","local_time":"20210120142744","is_ascension_mode":true,"campfire_choices":[{"data":"bronze:Replicate","floor":1,"key":"SMITH"},{"data":"bronze:CutThrough","floor":8,"key":"SMITH"},{"data":"bronze:Verify","floor":13,"key":"SMITH"},{"floor":18,"key":"RECALL"},{"floor":30,"key":"REST"},{"floor":35,"key":"REST"},{"floor":40,"key":"REST"}],"circlet_count":0,"master_deck":["bronze:Strike","bronze:Strike","bronze:Strike","bronze:Strike","bronze:Defend","bronze:Defend","bronze:Defend","bronze:Defend","bronze:Replicate+1","bronze:Goto","bronze:WhirlingStrike","bronze:Replicate+1","bronze:Philosophize","bronze:CutThrough+1","bronze:ChosenStrike","bronze:Branch","bronze:Repair","bronze:Flail","bronze:Verify+1","bronze:Invalidate","bronze:Repair","bronze:TinkerersToolbox","bronze:Frontload+1","bronze:Deprecate","bronze:Optimize","bronze:Fortify","bronze:Iterate+1","bronze:Constructor+1","bronze:Terminator","downfall:Haunted","bronze:Turbo","bronze:MaxOutput+1","bronze:Shell","bronze:Iterate","bronze:CutThrough+1","bronze:OilSpill","bronze:OilSpill+1","bronze:DarkDash+1","bronze:FineTuning","bronze:Goto","bronze:WildBeam","bronze:Allocate","bronze:TinkerersToolbox","Flash of Steel","Writhe","bronze:Separator+1"],"relics":["bronze:BronzeCore","downfall:HeartsMalice","Centennial Puzzle","hexamod:CandleOfCauterizing","downfall:HeartBlessingGreen","Dream Catcher","Ice Cream","Fusion Hammer","Juzu Bracelet","Membership Card","Vajra","Sling","CaptainsWheel","hexamod:BolsterEngine","downfall:HeartBlessingRed","downfall:HeartBlessingBlue","Philosopher\u0027s Stone","Bottled Tornado","Blue Candle","downfall:GremlinSack","Shuriken"],"acts_visited":["Exordium","TheCity","TheBeyond"],"potions_floor_usage":[10,20,33,33,33,33,43,45],"damage_taken":[{"damage":0,"enemies":"Jaw Worm","floor":2,"turns":1},{"damage":0,"enemies":"Cultist","floor":4,"turns":1},{"damage":0,"enemies":"2 Louse","floor":5,"turns":1},{"damage":20,"enemies":"Gremlin Nob","floor":6,"turns":4},{"damage":0,"enemies":"Large Slime","floor":9,"turns":4},{"damage":3,"enemies":"Lagavulin","floor":10,"turns":5},{"damage":0,"enemies":"Exordium Wildlife","floor":11,"turns":2},{"damage":0,"enemies":"3 Sentries","floor":12,"turns":3},{"damage":7,"enemies":"Exordium Thugs","floor":14,"turns":3},{"damage":0,"enemies":"Large Slime","floor":15,"turns":4},{"damage":59,"enemies":"SI_SHIV_ARCHETYPE","floor":16,"turns":8},{"damage":0,"enemies":"Shell Parasite","floor":20,"turns":2},{"damage":18,"enemies":"downfall:FleeingMerchant","floor":22,"turns":4},{"damage":17,"enemies":"Book of Stabbing","floor":23,"turns":6},{"damage":27,"enemies":"3 Cultists","floor":25,"turns":5},{"damage":1,"enemies":"downfall:FleeingMerchant","floor":26,"turns":4},{"damage":0,"enemies":"downfall:FleeingMerchant","floor":28,"turns":3},{"damage":29,"enemies":"Slavers","floor":29,"turns":3},{"damage":6,"enemies":"Cultist and Chosen","floor":31,"turns":3},{"damage":0,"enemies":"Snecko","floor":32,"turns":3},{"damage":2,"enemies":"DF_ARCHETYPE_CLAW","floor":33,"turns":5},{"damage":4,"enemies":"3 Shapes","floor":36,"turns":2},{"damage":17,"enemies":"3 Darklings","floor":39,"turns":2},{"damage":1,"enemies":"3 Darklings","floor":42,"turns":1},{"damage":1,"enemies":"4 Shapes","floor":43,"turns":3},{"damage":84,"enemies":"Reptomancer","floor":45,"turns":2}],"seed_played":"-3093283588753972447","potions_obtained":[{"floor":6,"key":"SkillPotion"},{"floor":9,"key":"Slimebound:ThreeZeroPotion"},{"floor":10,"key":"Strength Potion"},{"floor":11,"key":"Explosive Potion"},{"floor":23,"key":"Strength Potion"},{"floor":29,"key":"Strength Potion"},{"floor":33,"key":"EntropicBrew"},{"floor":42,"key":"Ancient Potion"},{"floor":43,"key":"SkillPotion"}],"is_trial":false,"path_per_floor":["R","M","?","M","M","E","T","R","M","E","M","E","R","M","M","B",null,"R","?","M","?","$","E","T","M","$","?","$","E","R","M","M","B",null,"R","M","?","$","M","R","T","?","M","$","E"],"character_chosen":"THE_AUTOMATON","items_purchased":["bronze:Optimize","bronze:Fortify","Membership Card","Vajra","Sling","CaptainsWheel","bronze:Turbo","Bottled Tornado","Shuriken"],"campfire_rested":3,"item_purchase_floors":[22,22,26,28,28,28,28,38,44],"current_hp_per_floor":[70,70,70,70,70,50,50,50,50,47,54,61,61,54,54,9,70,70,70,70,70,59,56,56,46,59,59,66,44,78,79,79,80,80,80,80,80,80,63,80,80,79,80,80,0,0,0],"gold":47,"neow_bonus":"THREE_ENEMY_KILL","is_daily":false,"chose_seed":false,"campfire_upgraded":3,"win_rate":0.0,"timestamp":1611113264,"path_taken":["R","M","?","M","?","E","T","R","M","E","?","E","R","M","M","BOSS","R","?","M","?","$","E","T","M","$","?","$","E","R","M","M","BOSS","R","M","?","?","M","R","T","?","M","$","E"],"items_purchased_type":["Card","Card","Relic","Relic","Relic","Relic","Card","Relic","Relic"],"build_version":"2020-12-22","purchased_purges":0,"victory":false,"max_hp_per_floor":[70,70,70,70,70,70,70,70,70,70,70,70,70,70,70,70,70,70,70,70,70,70,70,70,70,70,70,70,70,80,80,80,80,80,80,80,80,80,80,80,80,80,80,80,80,80,80],"relic_stats":{"Centennial Puzzle":[45],"Dream Catcher":3,"counters":[26,81],"Shuriken":[1],"Blue Candle":[4],"Juzu Bracelet":0,"obtain_stats":[{"Ice Cream":12,"hexamod:CandleOfCauterizing":7,"bronze:BronzeCore":0,"downfall:HeartBlessingRed":30,"Blue Candle":41,"Vajra":28,"downfall:HeartsMalice":0,"downfall:HeartBlessingGreen":8,"Juzu Bracelet":23,"Bottled Tornado":38,"Sling":28,"Centennial Puzzle":6,"Dream Catcher":10,"CaptainsWheel":28,"downfall:GremlinSack":42,"downfall:HeartBlessingBlue":30,"Shuriken":44,"Philosopher\u0027s Stone":34,"Fusion Hammer":17,"Membership Card":26,"hexamod:BolsterEngine":29},{"Ice Cream":8,"hexamod:CandleOfCauterizing":4,"bronze:BronzeCore":0,"downfall:HeartBlessingRed":18,"Blue Candle":23,"Vajra":17,"downfall:HeartsMalice":0,"downfall:HeartBlessingGreen":4,"Juzu Bracelet":14,"Bottled Tornado":22,"Sling":17,"Centennial Puzzle":4,"Dream Catcher":6,"CaptainsWheel":17,"downfall:GremlinSack":24,"downfall:HeartBlessingBlue":18,"Shuriken":25,"Philosopher\u0027s Stone":21,"Fusion Hammer":11,"Membership Card":16,"hexamod:BolsterEngine":18},{"Ice Cream":18,"hexamod:CandleOfCauterizing":4,"bronze:BronzeCore":0,"downfall:HeartBlessingRed":60,"Blue Candle":75,"Vajra":57,"downfall:HeartsMalice":0,"downfall:HeartBlessingGreen":4,"Juzu Bracelet":45,"Bottled Tornado":73,"Sling":57,"Centennial Puzzle":4,"Dream Catcher":13,"CaptainsWheel":57,"downfall:GremlinSack":76,"downfall:HeartBlessingBlue":60,"Shuriken":79,"Philosopher\u0027s Stone":71,"Fusion Hammer":33,"Membership Card":54,"hexamod:BolsterEngine":60}]},"card_choices":[{"not_picked":["bronze:WildBeam","bronze:Allocate"],"picked":"bronze:WhirlingStrike","floor":2},{"not_picked":["bronze:Allocate","bronze:Safeguard"],"picked":"bronze:Philosophize","floor":4},{"not_picked":["bronze:BitShift","bronze:Turbo"],"picked":"bronze:CutThrough","floor":5},{"not_picked":["bronze:Invalidate","bronze:Branch"],"picked":"bronze:ChosenStrike","floor":6},{"not_picked":["bronze:BurnOut","bronze:BuggyMess"],"picked":"bronze:Branch","floor":9},{"not_picked":["bronze:Invalidate","bronze:MaxOutput"],"picked":"bronze:Repair","floor":10},{"not_picked":["bronze:DigitalCarnage","bronze:Backtrace"],"picked":"bronze:Flail","floor":11},{"not_picked":["bronze:BitShift","bronze:DelayedGuard"],"picked":"bronze:Verify","floor":12},{"not_picked":["bronze:Separator","bronze:Turbo"],"picked":"bronze:Invalidate","floor":14},{"not_picked":["bronze:CutThrough","bronze:InfiniteBeams"],"picked":"bronze:Repair","floor":15},{"not_picked":["bronze:ShipIt","bronze:Break"],"picked":"bronze:TinkerersToolbox","floor":16},{"not_picked":["bronze:Optimize","bronze:Backtrace"],"picked":"bronze:Frontload+1","floor":20},{"not_picked":["bronze:Invalidate+1","bronze:Turbo"],"picked":"bronze:Deprecate","floor":22},{"not_picked":["bronze:MaxOutput","bronze:ChildClass"],"picked":"bronze:Iterate+1","floor":23},{"not_picked":["bronze:WildBeam+1","bronze:Deprecate+1"],"picked":"bronze:Constructor+1","floor":25},{"not_picked":["bronze:OilSpill","bronze:BurnOut"],"picked":"bronze:Terminator","floor":26},{"not_picked":["bronze:BitShift","bronze:Repulsor+1","bronze:Backtrace"],"picked":"SKIP","floor":28},{"not_picked":["bronze:Shield+1","bronze:FineTuning"],"picked":"bronze:MaxOutput+1","floor":29},{"not_picked":["bronze:Allocate","bronze:Frontload"],"picked":"bronze:Shell","floor":30},{"not_picked":["bronze:MaxOutput","bronze:Optimize"],"picked":"bronze:Iterate","floor":31},{"not_picked":["bronze:Constructor","bronze:Overload"],"picked":"bronze:CutThrough+1","floor":32},{"not_picked":["bronze:BitShift+1","bronze:Shell"],"picked":"bronze:OilSpill","floor":35},{"not_picked":["bronze:ChosenStrike","bronze:Deprecate+1"],"picked":"bronze:OilSpill+1","floor":36},{"not_picked":["bronze:BugBarrage","bronze:CloningBeam"],"picked":"bronze:DarkDash+1","floor":39},{"not_picked":["bronze:Frontload+1","bronze:DelayedGuard"],"picked":"bronze:FineTuning","floor":40},{"not_picked":["bronze:BitShift+1","bronze:BuggyMess+1"],"picked":"bronze:Separator+1","floor":43}],"player_experience":410054,"relics_obtained":[{"floor":6,"key":"Centennial Puzzle"},{"floor":7,"key":"hexamod:CandleOfCauterizing"},{"floor":10,"key":"Dream Catcher"},{"floor":12,"key":"Ice Cream"},{"floor":23,"key":"Juzu Bracelet"},{"floor":29,"key":"hexamod:BolsterEngine"},{"floor":41,"key":"Blue Candle"},{"floor":42,"key":"downfall:GremlinSack"}],"event_choices":[],"is_beta":false,"boss_relics":[{"not_picked":["Tiny House","Calling Bell"],"picked":"Fusion Hammer"},{"not_picked":["Astrolabe","Runic Pyramid"],"picked":"Philosopher\u0027s Stone"}],"items_purged_floors":[],"is_endless":false,"potions_floor_spawned":[6,9,10,11,15,23,25,29,31,33,36,42,43],"killed_by":"Reptomancer","ascension_level":2}}