{"host":"s5d39dhq0ddhxhke","time":1611136851,"event":{"mods":["AchievementEnabler","BaseMod","Colored Map","Minty Spire (QoL Compilation)","SuperFastMode"],"gold_per_floor":[109,128,148,160,335,335,367,63,63,63,127,127,127,139,139,139,139],"floor_reached":16,"language":"ENG","playtime":614,"items_purged":["Doubt"],"score":160,"play_id":"1ef9f56d-4c9d-4745-bb33-785e25f43d8f","local_time":"20210120120051","is_ascension_mode":true,"campfire_choices":[{"data":"Bash","floor":6,"key":"SMITH"},{"data":"Entrench","floor":10,"key":"SMITH"},{"floor":13,"key":"REST"},{"data":"Metallicize","floor":15,"key":"SMITH"}],"circlet_count":0,"master_deck":["AscendersBane","Strike_R","Strike_R","Strike_R","Strike_R","Strike_R","Defend_R+1","Defend_R","Defend_R","Defend_R+1","Bash+1","Metallicize+1","Iron Wave","Iron Wave","Entrench+1","Shrug It Off+1"],"relics":["Burning Blood","Happy Flower","Lantern","Akabeko","Toxic Egg 2"],"acts_visited":["Exordium"],"potions_floor_usage":[11,16,16],"damage_taken":[{"damage":7,"enemies":"2 Louse","floor":1,"turns":4},{"damage":7,"enemies":"Jaw Worm","floor":2,"turns":5},{"damage":1,"enemies":"Small Slimes","floor":3,"turns":5},{"damage":5,"enemies":"Red Slaver","floor":4,"turns":6},{"damage":45,"enemies":"Lagavulin","floor":7,"turns":9},{"damage":25,"enemies":"3 Sentries","floor":11,"turns":13},{"damage":7,"enemies":"Lots of Slimes","floor":14,"turns":5},{"damage":54,"enemies":"Hexaghost","floor":16,"turns":15}],"seed_played":"-2054417491509904468","potions_obtained":[{"floor":2,"key":"Weak Potion"},{"floor":7,"key":"ColorlessPotion"},{"floor":11,"key":"Swift Potion"},{"floor":14,"key":"Regen Potion"}],"is_trial":false,"path_per_floor":["M","M","M","M","?","R","E","$","T","R","?","?","R","M","R","B"],"character_chosen":"IRONCLAD","items_purchased":["Lantern","Entrench"],"campfire_rested":1,"item_purchase_floors":[8,8],"current_hp_per_floor":[79,78,83,84,84,84,45,45,45,45,26,8,34,33,33,0,0],"gold":139,"neow_bonus":"TEN_PERCENT_HP_BONUS","is_daily":false,"chose_seed":false,"campfire_upgraded":3,"win_rate":0.0,"timestamp":1611136851,"path_taken":["M","M","M","M","?","R","E","$","T","R","?","?","R","M","R","BOSS"],"items_purchased_type":["Relic","Card"],"build_version":"2020-12-22","purchased_purges":1,"victory":false,"max_hp_per_floor":[88,88,88,88,88,88,88,88,88,88,88,88,88,88,88,88,88],"card_choices":[{"not_picked":["Heavy Blade","Armaments"],"picked":"Metallicize","floor":1},{"not_picked":["Clash","Reckless Charge"],"picked":"Iron Wave","floor":2},{"not_picked":["Blood for Blood","Pommel Strike"],"picked":"Iron Wave","floor":3},{"not_picked":["Anger","Blood for Blood","Sword Boomerang"],"picked":"SKIP","floor":4},{"not_picked":["Carnage","Blood for Blood","Reckless Charge"],"picked":"SKIP","floor":7},{"not_picked":["Infernal Blade+1","Twin Strike"],"picked":"Shrug It Off+1","floor":11},{"not_picked":["Pommel Strike","Clothesline","Heavy Blade"],"picked":"SKIP","floor":14}],"player_experience":447749,"relics_obtained":[{"floor":7,"key":"Happy Flower"},{"floor":9,"key":"Akabeko"},{"floor":11,"key":"Toxic Egg 2"}],"event_choices":[{"damage_healed":0,"gold_gain":175,"player_choice":"AGREE","damage_taken":0,"max_hp_gain":0,"max_hp_loss":0,"event_name":"Liars Game","floor":5,"gold_loss":0,"cards_obtained":["Doubt"]},{"damage_healed":0,"gold_gain":30,"player_choice":"Searched \u00272\u0027 times","damage_taken":0,"max_hp_gain":0,"max_hp_loss":0,"event_name":"Dead Adventurer","floor":11,"gold_loss":0},{"damage_healed":0,"gold_gain":0,"player_choice":"Entered Light","damage_taken":18,"max_hp_gain":0,"max_hp_loss":0,"event_name":"Shining Light","floor":12,"gold_loss":0,"cards_upgraded":["Defend_R","Defend_R"]}],"is_beta":false,"boss_relics":[],"items_purged_floors":[8],"is_endless":false,"potions_floor_spawned":[2,7,11,14],"killed_by":"Hexaghost","ascension_level":12}}