{"host":"13o02hya6v6rzuva","time":1611156426,"event":{"mods":["BaseMod","Minty Spire (QoL Compilation)","Relic Stats"],"gold_per_floor":[109,125,142,152,164,196,212,212,212],"floor_reached":8,"language":"ENG","playtime":417,"items_purged":[],"score":96,"play_id":"752d96b0-e59e-4edc-beee-4d86221a64a8","local_time":"20210120162706","is_ascension_mode":true,"campfire_choices":[],"circlet_count":0,"master_deck":["AscendersBane","Strike_R","Strike_R","Strike_R","Strike_R","Strike_R","Defend_R","Defend_R","Defend_R","Defend_R","Bash","Swift Strike","Shrug It Off","Cleave","Disarm","Spot Weakness","Rage","Sword Boomerang","Flame Barrier"],"relics":["Burning Blood","Blue Candle"],"acts_visited":["Exordium"],"potions_floor_usage":[5,6],"damage_taken":[{"damage":11,"enemies":"Cultist","floor":1,"turns":4},{"damage":2,"enemies":"Jaw Worm","floor":2,"turns":4},{"damage":0,"enemies":"Small Slimes","floor":3,"turns":3},{"damage":9,"enemies":"Blue Slaver","floor":4,"turns":4},{"damage":18,"enemies":"Gremlin Gang","floor":5,"turns":4},{"damage":48,"enemies":"Lagavulin","floor":6,"turns":8},{"damage":1,"enemies":"Looter","floor":7,"turns":3},{"damage":34,"enemies":"3 Sentries","floor":8,"turns":7}],"seed_played":"-4037322978106728777","potions_obtained":[{"floor":2,"key":"Fruit Juice"},{"floor":3,"key":"ColorlessPotion"}],"is_trial":false,"path_per_floor":["M","M","M","M","M","E","M","E"],"character_chosen":"IRONCLAD","items_purchased":[],"campfire_rested":0,"item_purchase_floors":[],"current_hp_per_floor":[67,71,77,74,62,25,30,0,0],"gold":212,"neow_bonus":"RANDOM_COLORLESS","is_daily":false,"chose_seed":false,"campfire_upgraded":0,"win_rate":0.0,"timestamp":1611156426,"path_taken":["M","M","M","M","?","E","?","E"],"items_purchased_type":[],"build_version":"2020-12-22","purchased_purges":0,"victory":false,"max_hp_per_floor":[80,80,80,80,80,85,85,85,85],"relic_stats":{"counters":[8,37],"Blue Candle":[0],"obtain_stats":[{"Blue Candle":6,"Burning Blood":0},{"Blue Candle":6,"Burning Blood":0},{"Blue Candle":27,"Burning Blood":0}],"Burning Blood":42},"card_choices":[{"not_picked":["Trip","Purity"],"picked":"Swift Strike","floor":0},{"not_picked":["Warcry","Battle Trance"],"picked":"Shrug It Off","floor":1},{"not_picked":["True Grit","Body Slam"],"picked":"Cleave","floor":2},{"not_picked":["Bloodletting","Armaments"],"picked":"Disarm","floor":3},{"not_picked":["Twin Strike","Pommel Strike"],"picked":"Spot Weakness","floor":4},{"not_picked":["Cleave","Clash"],"picked":"Rage","floor":5},{"not_picked":["Reaper","Wild Strike"],"picked":"Sword Boomerang","floor":6},{"not_picked":["Wild Strike","Body Slam"],"picked":"Flame Barrier","floor":7}],"player_experience":1140615,"relics_obtained":[{"floor":6,"key":"Blue Candle"}],"event_choices":[],"is_beta":false,"boss_relics":[],"items_purged_floors":[],"is_endless":false,"potions_floor_spawned":[2,3],"killed_by":"3 Sentries","ascension_level":11}}