{"host":"g2yp6paluzgljz05","time":1611134499,"event":{"mods":["BaseMod","Bestiary","Colored Powertips","DeckTracker","Highlight Path","Minty Spire (QoL Compilation)","Quick Restart"],"gold_per_floor":[116,68,79,79,93,93,122,122,122,150,169,169,169,169,169,273,273,284,296,211,221,65,97,97,97],"floor_reached":24,"language":"ENG","playtime":2215,"items_purged":[],"score":258,"play_id":"4acf6515-f308-4888-b62f-6f06f93eba9e","local_time":"20210120202139","is_ascension_mode":true,"campfire_choices":[{"data":"Zap","floor":6,"key":"SMITH"},{"data":"Barrage","floor":8,"key":"SMITH"},{"floor":12,"key":"REST"},{"data":"Chaos","floor":15,"key":"SMITH"}],"circlet_count":0,"master_deck":["Strike_B","Strike_B","Defend_B","Defend_B","Defend_B","Defend_B","Zap+1","Dualcast","Coolheaded","Coolheaded","Barrage+1","Seek","Chaos+1","Auto Shields","Parasite","Rainbow","White Noise+1","FTL"],"relics":["Inserter","InkBottle","Strawberry","Bottled Lightning","Symbiotic Virus","Mummified Hand","Empty Cage","Nunchaku","Toolbox","MealTicket"],"acts_visited":["Exordium","TheCity"],"potions_floor_usage":[24,24],"damage_taken":[{"damage":12,"enemies":"Jaw Worm","floor":1,"turns":2},{"damage":2,"enemies":"Cultist","floor":3,"turns":5},{"damage":11,"enemies":"2 Louse","floor":5,"turns":4},{"damage":13,"enemies":"3 Sentries","floor":7,"turns":8},{"damage":28,"enemies":"Gremlin Nob","floor":10,"turns":4},{"damage":6,"enemies":"Blue Slaver","floor":11,"turns":4},{"damage":2,"enemies":"Hexaghost","floor":16,"turns":8},{"damage":0,"enemies":"Chosen","floor":18,"turns":4},{"damage":18,"enemies":"Shell Parasite","floor":19,"turns":5},{"damage":25,"enemies":"Snake Plant","floor":21,"turns":5},{"damage":35,"enemies":"Slavers","floor":23,"turns":6},{"damage":3,"enemies":"Centurion and Healer","floor":24,"turns":6}],"seed_played":"-6632385954777140834","potions_obtained":[{"floor":3,"key":"Energy Potion"},{"floor":5,"key":"PotionOfCapacity"},{"floor":7,"key":"Explosive Potion"},{"floor":11,"key":"Weak Potion"}],"is_trial":false,"path_per_floor":["M","$","M","?","M","R","E","R","T","E","M","R","?","?","R","B",null,"M","M","?","M","$","E","M"],"character_chosen":"DEFECT","items_purchased":["Coolheaded","Toolbox"],"campfire_rested":1,"item_purchase_floors":[2,22],"current_hp_per_floor":[63,63,61,61,50,50,44,44,44,16,10,34,54,47,47,45,82,82,64,64,39,39,4,1,1],"gold":97,"neow_bonus":"BOSS_RELIC","is_daily":false,"chose_seed":false,"campfire_upgraded":3,"win_rate":0.0,"timestamp":1611134499,"path_taken":["M","$","M","?","M","R","E","R","T","E","?","R","?","?","R","BOSS","M","M","?","M","$","E","M"],"items_purchased_type":["Card","Relic"],"build_version":"2020-12-22","purchased_purges":0,"victory":false,"max_hp_per_floor":[75,75,75,75,75,75,82,82,82,82,82,82,82,82,82,82,82,82,82,82,82,82,82,82,82],"card_choices":[{"not_picked":["Rebound","Turbo"],"picked":"Coolheaded","floor":1},{"not_picked":["Ball Lightning","Self Repair"],"picked":"Barrage","floor":3},{"not_picked":["FTL","Sunder"],"picked":"Seek","floor":5},{"not_picked":["Leap","Ball Lightning","Gash"],"picked":"SKIP","floor":7},{"not_picked":["Loop","FTL"],"picked":"Chaos","floor":10},{"not_picked":["Go for the Eyes","Skim"],"picked":"Auto Shields","floor":11},{"not_picked":["Amplify","Meteor Strike"],"picked":"Rainbow","floor":16},{"not_picked":["Aggregate","Turbo+1","Steam+1"],"picked":"SKIP","floor":18},{"not_picked":["Conserve Battery","Hologram","Stack+1"],"picked":"SKIP","floor":19},{"not_picked":["Turbo+1","Hello World"],"picked":"White Noise+1","floor":21},{"not_picked":["Hologram","Go for the Eyes"],"picked":"FTL","floor":23}],"player_experience":232346,"relics_obtained":[{"floor":7,"key":"Strawberry"},{"floor":9,"key":"Bottled Lightning"},{"floor":10,"key":"Symbiotic Virus"},{"floor":23,"key":"MealTicket"}],"event_choices":[{"damage_healed":0,"gold_gain":0,"player_choice":"Gave Potion","damage_taken":0,"relics_obtained":["InkBottle"],"max_hp_gain":0,"max_hp_loss":0,"event_name":"WeMeetAgain","floor":4,"gold_loss":0},{"damage_healed":20,"gold_gain":0,"player_choice":"Healed and dodged fight","damage_taken":0,"max_hp_gain":0,"max_hp_loss":0,"event_name":"Mushrooms","floor":13,"gold_loss":0,"cards_obtained":["Parasite"]},{"damage_healed":0,"gold_gain":0,"player_choice":"Success","damage_taken":7,"relics_obtained":["Mummified Hand"],"max_hp_gain":0,"max_hp_loss":0,"event_name":"Scrap Ooze","floor":14,"gold_loss":0},{"damage_healed":0,"gold_gain":0,"player_choice":"Obtained Relic","damage_taken":0,"relics_obtained":["Nunchaku"],"max_hp_gain":0,"max_hp_loss":0,"event_name":"Addict","floor":20,"gold_loss":85}],"is_beta":false,"boss_relics":[{"not_picked":["Tiny House","Fusion Hammer"],"picked":"Empty Cage"}],"items_purged_floors":[],"is_endless":false,"potions_floor_spawned":[3,5,7,11],"killed_by":"Centurion and Healer","ascension_level":3}}