{"host":"sav7uxregyirlf69","time":1611150078,"event":{"mods":["AchievementEnabler","BaseMod","Colored Map","DeckTracker","Keyboard Shortcuts","Minty Spire (QoL Compilation)","READ ME - Guardian Mod","StSLib","SuperFastMode"],"gold_per_floor":[113,133,152,163,64,64,95,107,186,204,204,216,227,227,227],"floor_reached":14,"language":"KOR","playtime":245,"items_purged":["Strike_R"],"score":192,"play_id":"6a5f5a2b-1d63-4e38-b915-3d843851a6dd","local_time":"20210120224118","is_ascension_mode":true,"campfire_choices":[{"data":"Clothesline","floor":6,"key":"SMITH"},{"data":"Carnage","floor":11,"key":"SMITH"}],"circlet_count":0,"master_deck":["AscendersBane","Strike_R","Strike_R","Strike_R","Strike_R","Defend_R","Defend_R","Defend_R","Defend_R","Bash","Shrug It Off","Wild Strike","Wild Strike","Evolve","Clothesline+1","Carnage+1"],"relics":["Burning Blood","Blue Candle","Pear"],"acts_visited":["Exordium"],"potions_floor_usage":[7,8,14],"damage_taken":[{"damage":1,"enemies":"Cultist","floor":1,"turns":3},{"damage":10,"enemies":"2 Louse","floor":2,"turns":3},{"damage":4,"enemies":"Jaw Worm","floor":3,"turns":3},{"damage":37,"enemies":"Gremlin Gang","floor":4,"turns":5},{"damage":37,"enemies":"3 Sentries","floor":7,"turns":8},{"damage":9,"enemies":"Red Slaver","floor":8,"turns":3},{"damage":3,"enemies":"Blue Slaver","floor":10,"turns":3},{"damage":10,"enemies":"3 Louse","floor":12,"turns":3},{"damage":21,"enemies":"Exordium Thugs","floor":13,"turns":4},{"damage":20,"enemies":"Lagavulin","floor":14,"turns":4}],"seed_played":"-6491735473148435406","potions_obtained":[{"floor":4,"key":"DuplicationPotion"},{"floor":7,"key":"Explosive Potion"},{"floor":12,"key":"SpeedPotion"},{"floor":13,"key":"BlessingOfTheForge"}],"is_trial":false,"path_per_floor":["M","M","M","M","$","R","E","M","T","M","R","M","M","E"],"character_chosen":"IRONCLAD","items_purchased":["Clothesline"],"campfire_rested":0,"item_purchase_floors":[5],"current_hp_per_floor":[80,76,78,47,47,47,16,13,23,26,26,22,7,0,0],"gold":227,"neow_bonus":"TEN_PERCENT_HP_BONUS","is_daily":false,"chose_seed":false,"campfire_upgraded":2,"win_rate":0.0,"timestamp":1611150078,"path_taken":["M","?","M","M","$","R","E","M","T","M","R","M","M","E"],"items_purchased_type":["Card"],"build_version":"2020-12-22","purchased_purges":1,"victory":false,"max_hp_per_floor":[82,82,82,82,82,82,82,82,92,92,92,92,92,92,92],"card_choices":[{"not_picked":["Armaments","Flex"],"picked":"Shrug It Off","floor":1},{"not_picked":["Shrug It Off","Armaments"],"picked":"Wild Strike","floor":2},{"not_picked":["Sever Soul","Dual Wield"],"picked":"Wild Strike","floor":3},{"not_picked":["Iron Wave","True Grit"],"picked":"Evolve","floor":4},{"not_picked":["Shrug It Off","Bloodletting","True Grit"],"picked":"SKIP","floor":7},{"not_picked":["Dropkick","Rage"],"picked":"Carnage","floor":8},{"not_picked":["Flex","Whirlwind","Rampage"],"picked":"SKIP","floor":10},{"not_picked":["Clash","Evolve","Heavy Blade"],"picked":"SKIP","floor":12},{"not_picked":["Wild Strike","Perfected Strike","Headbutt"],"picked":"SKIP","floor":13}],"player_experience":1333759,"relics_obtained":[{"floor":7,"key":"Blue Candle"},{"floor":9,"key":"Pear"}],"event_choices":[],"is_beta":false,"boss_relics":[],"items_purged_floors":[5],"is_endless":false,"potions_floor_spawned":[4,7,12,13],"killed_by":"Lagavulin","ascension_level":20}}