{"host":"zxd2l8an9de7z7b9","time":1611129074,"event":{"mods":["100% Spire Juice","2.2 Compatiblity","Arknights The Spire","BaseMod","CapriCore","Colored Map","Colored Powertips","GungeonMod","Minty Spire (QoL Compilation)","Rare Cards Sparkle","Replay The Spire","StSLib","SuperFastMode"],"gold_per_floor":[114,130,205,205,224,224,239,251,251,251,262,282,300,9,9,104,104,94,94,107,7,32,32,57,57,57],"floor_reached":25,"language":"KOR","playtime":1248,"items_purged":["ats:Strike C","ats:Strike G"],"score":215,"play_id":"f953927f-ff97-46d9-8a14-233a2a9f83d3","local_time":"20210120165114","is_ascension_mode":false,"campfire_choices":[{"data":"ats:Emotion Absorption","floor":6.0,"key":"SMITH"},{"data":"ats:Armor Crushing Shot","floor":10.0,"key":"SMITH"},{"data":"ats:Rat Pack","floor":15.0,"key":"SMITH"},{"data":"ats:Echo Reverb","floor":23.0,"key":"SMITH"}],"circlet_count":0,"master_deck":["ats:Strike S","ats:Armor Crushing Shot+1","ats:Defend","ats:Defend","ats:Defend","ats:Defend","ats:Emotion Absorption+1","ats:Explosion Area Strengthen","ats:Assault Order","ats:Apocalypse","ats:Sword Rain","ats:Echo Reverb+1","ats:Blood Oath","ats:Revitalization","ats:Hammer On","ats:Roar Of Ursus+1","ats:Rat Pack+1","ats:Nebulous Foxfire","ats:Revitalization","ats:Beaten Up+1","ats:Apocalypse"],"relics":["ats:Sanity","NeowsBlessing","Frozen Egg 2","Busted Crown","Lantern","ats:Originium","Replay:Bottled Flurry"],"acts_visited":["Exordium","TheCity"],"potions_floor_usage":[],"damage_taken":[{"damage":0.0,"enemies":"Jaw Worm","floor":1.0,"turns":1.0},{"damage":0.0,"enemies":"2 Louse","floor":2.0,"turns":1.0},{"damage":0.0,"enemies":"Cultist","floor":5.0,"turns":1.0},{"damage":20.0,"enemies":"Exordium Wildlife","floor":7.0,"turns":7.0},{"damage":16.0,"enemies":"Lots of Slimes","floor":8.0,"turns":3.0},{"damage":6.0,"enemies":"Large Slime","floor":11.0,"turns":5.0},{"damage":10.0,"enemies":"Exordium Thugs","floor":12.0,"turns":3.0},{"damage":7.0,"enemies":"3 Louse","floor":13.0,"turns":3.0},{"damage":59.0,"enemies":"Slime Boss","floor":16.0,"turns":12.0},{"damage":30.0,"enemies":"2 Thieves","floor":18.0,"turns":4.0},{"damage":16.0,"enemies":"Chosen","floor":20.0,"turns":8.0},{"damage":76.0,"enemies":"Slavers","floor":24.0,"turns":6.0},{"damage":29,"enemies":"Snecko","floor":25,"turns":7}],"seed_played":"7084514246589570617","potions_obtained":[{"floor":2.0,"key":"AttackPotion"},{"floor":7.0,"key":"Fire Potion"},{"floor":8.0,"key":"Fire Potion"},{"floor":11.0,"key":"PowerPotion"},{"floor":20.0,"key":"SkillPotion"}],"is_trial":false,"path_per_floor":["M","M","?","?","M","R","M","M","T","R","M","M","M","$","R","B",null,"M","?","M","$","T","R","E","M"],"character_chosen":"DOCTOR_CLASS","items_purchased":["ats:Roar Of Ursus+1","ats:Rat Pack"],"campfire_rested":0,"item_purchase_floors":[14,14],"current_hp_per_floor":[72,72,61,61,61,61,53,41,41,41,39,41,41,41,41,10,72,50,50,65,65,65,65,4,6,6],"gold":57,"neow_bonus":"THREE_ENEMY_KILL","is_daily":false,"chose_seed":false,"campfire_upgraded":4,"win_rate":0.0,"timestamp":1611129074,"path_taken":["M","M","?","?","M","R","M","M","T","R","?","M","M","$","R","BOSS","M","?","M","?","?","R","E","M"],"items_purchased_type":["Card","Card"],"build_version":"2020-12-22","purchased_purges":2,"victory":false,"max_hp_per_floor":[72,72,72,72,72,72,72,72,72,72,72,72,72,72,72,72,72,72,72,72,72,72,72,72,72,72],"card_choices":[{"not_picked":["ats:Poison Spread","ats:Ignite"],"picked":"ats:Explosion Area Strengthen","floor":1.0},{"not_picked":["ats:Curse Doll","ats:Beaten Up"],"picked":"ats:Assault Order","floor":2.0},{"not_picked":["ats:Leaping Hammer","ats:Ignite"],"picked":"ats:Apocalypse","floor":5.0},{"not_picked":["ats:Ignite","ats:Spore Proliferation"],"picked":"ats:Sword Rain","floor":7.0},{"not_picked":["ats:Rapid Magazine","ats:Blood Oath"],"picked":"ats:Echo Reverb","floor":8.0},{"not_picked":["ats:Ignite","ats:Curse Doll"],"picked":"ats:Blood Oath","floor":11.0},{"not_picked":["ats:Cat Scratch","ats:Flexible Camouflage"],"picked":"ats:Revitalization","floor":12.0},{"not_picked":["ats:Guardian Obelisk","ats:Explosion Area Strengthen"],"picked":"ats:Hammer On","floor":13.0},{"not_picked":["ats:Roar Of Ursus+1","ats:Ambush+1"],"picked":"ats:Nebulous Foxfire","floor":16.0},{"not_picked":[],"picked":"ats:Revitalization","floor":18.0},{"not_picked":[],"picked":"ats:Beaten Up+1","floor":20.0},{"not_picked":[],"picked":"ats:Apocalypse","floor":24}],"player_experience":341128,"relics_obtained":[{"floor":9.0,"key":"Frozen Egg 2"},{"floor":22.0,"key":"Lantern"},{"floor":24,"key":"ats:Originium"},{"floor":24,"key":"Replay:Bottled Flurry"}],"event_choices":[{"damage_healed":0.0,"max_hp_gain":0.0,"max_hp_loss":0.0,"gold_gain":75.0,"event_name":"World of Goop","player_choice":"Gather Gold","floor":3.0,"gold_loss":0.0,"damage_taken":11.0},{"cards_removed":["ats:Strike V"],"damage_healed":0.0,"max_hp_gain":0.0,"max_hp_loss":0.0,"gold_gain":0.0,"event_name":"Living Wall","player_choice":"Forget","floor":4.0,"gold_loss":0.0,"damage_taken":0.0},{"damage_healed":0.0,"max_hp_gain":0.0,"max_hp_loss":0.0,"gold_gain":0.0,"event_name":"The Woman in Blue","player_choice":"Bought 0 Potions","floor":19.0,"gold_loss":0.0,"damage_taken":0.0}],"is_beta":false,"boss_relics":[{"not_picked":["ChewingGum","Sozu"],"picked":"Busted Crown"}],"items_purged_floors":[14,21],"is_endless":false,"potions_floor_spawned":[2,7,8,11,20],"killed_by":"Snecko","ascension_level":0}}