{"host":"56d873i5r3uhle0q","time":1611148934,"event":{"mods":["100% Spire Juice","Act Like it!","Aspiration","BaseMod","Block Reminder","Conspire","Gensokyo","Hermit","Hubris","Infinite Spire","Jedi Mod","Lobotomy","Marisa????????","Marked Mod","Minty Spire (QoL Compilation)","Replay The Spire","StSLib","The Animator","The Bug Knight","The Cursed","The Marked","The Servant 0.9.4","everything is the same but u backflip on backflip","vexMod","??????REMEMod"],"gold_per_floor":[111,123,142,161,174,174,174,174,174,174,186,186,200,218,218,318,318,335,335,335],"floor_reached":19,"language":"ENG","playtime":726,"items_purged":[],"score":213,"play_id":"4a7dc9d1-0d13-4acc-a43b-f5694ee953d9","local_time":"20210120062214","is_ascension_mode":false,"campfire_choices":[{"floor":6.0,"key":"REST"},{"data":"Forethought","floor":10.0,"key":"SMITH"},{"floor":15.0,"key":"REST"}],"circlet_count":0,"master_deck":["Strike_B+1","Strike_B","Strike_B","Strike_B","Defend_B","Defend_B+1","Defend_B","Defend_B","Zap","Dualcast","Forethought+1","FIFO Queue","ReplayTheSpireMod:Calculation Training","Pain","BootSequence","Loop"],"relics":["Cracked Core","REME_ComplimentaryCards","Simple Rune","Darkstone Periapt","Gensokyo:LunaticRedEyes","vexMod:BigBerry"],"acts_visited":["Gensokyo:Gensokyo","Gensokyo:Gensokyoer"],"potions_floor_usage":[],"damage_taken":[{"damage":0.0,"enemies":"Gensokyo:Python","floor":1.0,"turns":3.0},{"damage":0.0,"enemies":"Gensokyo:2_Kodama","floor":2.0,"turns":3.0},{"damage":10.0,"enemies":"Gensokyo:Gryphon","floor":3.0,"turns":3.0},{"damage":10.0,"enemies":"Gensokyo:2_Rabbits","floor":4.0,"turns":5.0},{"damage":10.0,"enemies":"Gensokyo:Gryphon_and_Rabbit","floor":5.0,"turns":4.0},{"damage":9.0,"enemies":"Gensokyo:Kitsune","floor":11.0,"turns":3.0},{"damage":17.0,"enemies":"Gensokyo:CorruptedTreant","floor":13.0,"turns":5.0},{"damage":4.0,"enemies":"Gensokyo:VengefulSpirit","floor":14.0,"turns":5.0},{"damage":36.0,"enemies":"Gensokyo:Kokoro","floor":16.0,"turns":11.0},{"damage":59,"enemies":"Gensokyo:2_Gloops","floor":18,"turns":7},{"damage":55,"enemies":"Gensokyo:3_Dogs","floor":19,"turns":5}],"seed_played":"-2562013674794875241","potions_obtained":[{"floor":1.0,"key":"jedi:tentaclejuice"},{"floor":4.0,"key":"Flashbang"},{"floor":14.0,"key":"DistilledChaos"},{"floor":16.0,"key":"jedi:coolantleak"}],"is_trial":false,"path_per_floor":["M","M","M","M","M","R","$","?","T","R","M","?","M","M","R","B",null,"M","M"],"character_chosen":"DEFECT","items_purchased":[],"campfire_rested":2,"item_purchase_floors":[],"current_hp_per_floor":[75,75,65,55,45,67,67,75,75,75,66,72,55,51,75,39,111,52,0,0],"gold":335,"neow_bonus":"RANDOM_COMMON_RELIC","is_daily":false,"chose_seed":false,"campfire_upgraded":1,"win_rate":0.0,"timestamp":1611148934,"path_taken":["M","M","M","M","M","R","$","?","T","R","?","?","?","M","R","BOSS","M","?"],"items_purchased_type":[],"build_version":"2020-12-22","purchased_purges":0,"victory":false,"max_hp_per_floor":[75,75,75,75,75,75,75,75,75,75,75,81,81,81,81,81,111,111,111,111],"card_choices":[{"not_picked":["BasicCrystalCard","Redo","Heatsinks"],"picked":"SKIP","floor":1.0},{"not_picked":["Panic Button","Beam Cell","Darkness"],"picked":"SKIP","floor":2.0},{"not_picked":["Beam Cell","Recycle","Gash"],"picked":"SKIP","floor":3.0},{"not_picked":["ReplayTheSpireMod:Repulse","Turbo","Time Bomb"],"picked":"SKIP","floor":4.0},{"not_picked":["Ball Lightning","jedi:blockon"],"picked":"FIFO Queue","floor":5.0},{"not_picked":["jedi:markofdeath","jedi:BurstFrost"],"picked":"ReplayTheSpireMod:Calculation Training","floor":11.0},{"not_picked":["Rebound","Hologram"],"picked":"BootSequence","floor":13.0},{"not_picked":["hubris:PowerSurge","Rip and Tear"],"picked":"Loop","floor":14.0},{"not_picked":["Rebound","Recycle","Conserve Battery"],"picked":"SKIP","floor":18}],"player_experience":572056,"relics_obtained":[{"floor":9.0,"key":"Darkstone Periapt"}],"event_choices":[],"is_beta":false,"boss_relics":[{"not_picked":["Replay:Drink Me","Replay:Grab Bag"],"picked":"vexMod:BigBerry"}],"items_purged_floors":[],"is_endless":false,"potions_floor_spawned":[1,4,14,16],"killed_by":"Gensokyo:3_Dogs","ascension_level":0}}