{"host":"f0gpob8hq9vgebej","time":1611159419,"event":{"mods":["AchievementEnabler","BaseMod","Minty Spire (QoL Compilation)","Quick Restart","SuperFastMode"],"gold_per_floor":[116,41,58,71,71,96,109,109,155,184,84,94,94,114,114,213,213,223,47,65,76,88,88,113,113,183,193,292,292,292],"floor_reached":29,"language":"KOR","playtime":765,"items_purged":["Shame","Evolve","Strike_R"],"score":411,"play_id":"8cc32605-763b-4188-a2a0-ad80dbfb9e43","local_time":"20210121011659","is_ascension_mode":true,"campfire_choices":[{"data":"Apotheosis","floor":8.0,"key":"SMITH"},{"data":"Reaper","floor":13.0,"key":"SMITH"},{"data":"Seeing Red","floor":15.0,"key":"SMITH"},{"data":"Limit Break","floor":23.0,"key":"SMITH"},{"floor":25,"key":"REST"}],"circlet_count":0,"master_deck":["AscendersBane","Strike_R","Strike_R","Strike_R","Defend_R","Defend_R","Defend_R","Defend_R","Bash","Apotheosis+1","Evolve","Seeing Red+1","Shrug It Off","Power Through","Reaper+1","Limit Break+1","Flex","Rupture","Pummel"],"relics":["Burning Blood","Sundial","Red Skull","Nunchaku","Runic Cube","Ancient Tea Set","Pear"],"acts_visited":["Exordium","TheCity"],"potions_floor_usage":[24,24,27],"damage_taken":[{"damage":6.0,"enemies":"Cultist","floor":1.0,"turns":4.0},{"damage":7.0,"enemies":"Jaw Worm","floor":3.0,"turns":4.0},{"damage":2.0,"enemies":"2 Louse","floor":4.0,"turns":4.0},{"damage":8.0,"enemies":"3 Sentries","floor":6.0,"turns":10.0},{"damage":5.0,"enemies":"2 Fungi Beasts","floor":7.0,"turns":5.0},{"damage":47.0,"enemies":"Gremlin Nob","floor":10.0,"turns":6.0},{"damage":7.0,"enemies":"Exordium Wildlife","floor":12.0,"turns":4.0},{"damage":8.0,"enemies":"Large Slime","floor":14.0,"turns":7.0},{"damage":21.0,"enemies":"Hexaghost","floor":16.0,"turns":12.0},{"damage":47.0,"enemies":"3 Byrds","floor":18.0,"turns":11.0},{"damage":27.0,"enemies":"Spheric Guardian","floor":20.0,"turns":5.0},{"damage":13.0,"enemies":"Shelled Parasite and Fungi","floor":21.0,"turns":10.0},{"damage":14.0,"enemies":"Snake Plant","floor":22.0,"turns":6.0},{"damage":82,"enemies":"Slavers","floor":24,"turns":9},{"damage":58,"enemies":"3 Cultists","floor":27,"turns":9},{"damage":20,"enemies":"Book of Stabbing","floor":29,"turns":3}],"seed_played":"-3656241933345835110","potions_obtained":[{"floor":3.0,"key":"FearPotion"},{"floor":4.0,"key":"BloodPotion"},{"floor":12.0,"key":"PowerPotion"},{"floor":16.0,"key":"Strength Potion"},{"floor":24,"key":"Energy Potion"}],"is_trial":false,"path_per_floor":["M","$","M","M","?","E","M","R","T","E","$","M","R","M","R","B",null,"M","$","M","M","M","R","E","R","T","M","?","E"],"character_chosen":"IRONCLAD","items_purchased":["Flex"],"campfire_rested":1,"item_purchase_floors":[19],"current_hp_per_floor":[72,72,71,75,75,73,74,74,74,33,33,44,44,50,50,40,70,34,34,31,41,44,44,26,50,60,23,23,3,3],"gold":292,"neow_bonus":"RANDOM_COLORLESS_2","is_daily":false,"chose_seed":false,"campfire_upgraded":4,"win_rate":0.0,"timestamp":1611159419,"path_taken":["M","$","M","M","?","E","?","R","T","E","$","M","R","M","R","BOSS","M","$","M","M","M","R","E","R","T","M","?","E"],"items_purchased_type":["Card"],"build_version":"2020-12-22","purchased_purges":3,"victory":false,"max_hp_per_floor":[80,80,80,80,80,80,80,80,80,80,80,80,80,80,80,80,80,80,80,80,80,80,80,80,80,90,90,90,90,90],"card_choices":[{"not_picked":["Transmutation","The Bomb"],"picked":"Apotheosis","floor":0.0},{"not_picked":["Headbutt","Dropkick"],"picked":"Evolve","floor":1.0},{"not_picked":["Heavy Blade","Iron Wave"],"picked":"Seeing Red","floor":3.0},{"not_picked":["Heavy Blade","True Grit"],"picked":"Shrug It Off","floor":4.0},{"not_picked":["Warcry","Headbutt"],"picked":"Power Through","floor":6.0},{"not_picked":["Pommel Strike","Sword Boomerang"],"picked":"Reaper","floor":7.0},{"not_picked":["Uppercut","Twin Strike","Evolve"],"picked":"SKIP","floor":10.0},{"not_picked":["Wild Strike","Thunderclap","Headbutt"],"picked":"SKIP","floor":12.0},{"not_picked":["Armaments","Sentinel","Evolve"],"picked":"SKIP","floor":14.0},{"not_picked":["Reaper","Corruption"],"picked":"Limit Break","floor":16.0},{"not_picked":["Uppercut","Sentinel","Perfected Strike"],"picked":"SKIP","floor":18.0},{"not_picked":["Armaments","Rampage","Anger"],"picked":"SKIP","floor":20.0},{"not_picked":["Body Slam","Wild Strike","Thunderclap+1"],"picked":"SKIP","floor":21.0},{"not_picked":["Sword Boomerang","Offering"],"picked":"Rupture","floor":22.0},{"not_picked":["Perfected Strike","Armaments"],"picked":"Pummel","floor":24},{"not_picked":["Clash","Thunderclap","Twin Strike"],"picked":"SKIP","floor":27}],"player_experience":185710,"relics_obtained":[{"floor":6.0,"key":"Sundial"},{"floor":9.0,"key":"Red Skull"},{"floor":10.0,"key":"Nunchaku"},{"floor":24,"key":"Ancient Tea Set"},{"floor":26,"key":"Pear"}],"event_choices":[{"damage_healed":0.0,"max_hp_gain":0.0,"max_hp_loss":0.0,"gold_gain":0.0,"cards_transformed":["Strike_R"],"event_name":"Transmorgrifier","player_choice":"Transformed","floor":5.0,"gold_loss":0.0,"damage_taken":0.0,"cards_obtained":["Evolve"]},{"damage_healed":0,"gold_gain":99,"player_choice":"Stole From Cult","damage_taken":0,"max_hp_gain":0,"max_hp_loss":0,"event_name":"Nest","floor":28,"gold_loss":0}],"is_beta":false,"boss_relics":[{"not_picked":["Fusion Hammer","Ectoplasm"],"picked":"Runic Cube"}],"items_purged_floors":[2,11,19],"is_endless":false,"potions_floor_spawned":[3,4,12,14,16,20,21,24],"killed_by":"Book of Stabbing","ascension_level":12}}