{"host":"lv7etzzgwahaenh9","time":1611135384,"event":{"mods":["AchievementEnabler","BaseMod","Colored Map","Colored Powertips","Highlight Path","Minty Spire (QoL Compilation)","Permanent Neow","Quick Restart","Random Character Button","StSLib"],"gold_per_floor":[361,378,553,190,203,228,228,247,273,307,307,326,30,45,45,145,145,155,169,169,186,202,202,229,229,229,229,229],"floor_reached":27,"language":"ENG","playtime":995,"items_purged":["Doubt"],"score":346,"play_id":"3eedcf78-3158-4c10-bf65-6df82a00d0ac","local_time":"20210120013624","is_ascension_mode":true,"campfire_choices":[{"floor":7.0,"key":"REST"},{"data":"Fire Breathing","floor":11.0,"key":"SMITH"},{"data":"Limit Break","floor":15.0,"key":"SMITH"},{"floor":23.0,"key":"REST"}],"circlet_count":0,"master_deck":["Strike_R","Strike_R","Strike_R","Strike_R","Strike_R","Defend_R","Defend_R","Defend_R","Defend_R","Bash","Fire Breathing+1","Uppercut","Power Through","Whirlwind","Limit Break+1","Evolve","Shrug It Off","Heavy Blade","Fiend Fire","Shrug It Off","Iron Wave","Exhume","Wild Strike+1"],"relics":["Burning Blood","Brimstone","Regal Pillow","Bronze Scales","Lee\u0027s Waffle","Orichalcum","SlaversCollar","Nloth\u0027s Gift","Lantern","Eternal Feather"],"acts_visited":["Exordium","TheCity"],"potions_floor_usage":[25],"damage_taken":[{"damage":0.0,"enemies":"Small Slimes","floor":1.0,"turns":3.0},{"damage":11.0,"enemies":"Jaw Worm","floor":2.0,"turns":4.0},{"damage":8.0,"enemies":"Cultist","floor":5.0,"turns":3.0},{"damage":28.0,"enemies":"Lagavulin","floor":6.0,"turns":6.0},{"damage":31.0,"enemies":"Exordium Thugs","floor":8.0,"turns":4.0},{"damage":20.0,"enemies":"3 Sentries","floor":10.0,"turns":5.0},{"damage":18.0,"enemies":"Gremlin Gang","floor":12.0,"turns":1.0},{"damage":19.0,"enemies":"Exordium Wildlife","floor":14.0,"turns":3.0},{"damage":21.0,"enemies":"The Guardian","floor":16.0,"turns":7.0},{"damage":1.0,"enemies":"3 Byrds","floor":18.0,"turns":3.0},{"damage":20.0,"enemies":"Chosen","floor":19.0,"turns":5.0},{"damage":26.0,"enemies":"Centurion and Healer","floor":21.0,"turns":6.0},{"damage":14.0,"enemies":"Snecko","floor":22.0,"turns":3.0},{"damage":74.0,"enemies":"Slavers","floor":24.0,"turns":5.0},{"damage":0,"enemies":"Sentry and Sphere","floor":25,"turns":1},{"damage":24,"enemies":"Snake Plant","floor":27,"turns":2}],"seed_played":"8069953448378368181","potions_obtained":[{"floor":2.0,"key":"BloodPotion"},{"floor":14.0,"key":"LiquidMemories"},{"floor":16.0,"key":"SmokeBomb"},{"floor":19.0,"key":"EssenceOfSteel"},{"floor":24.0,"key":"Ancient Potion"}],"is_trial":false,"path_per_floor":["M","M","?","$","M","E","R","M","T","E","R","M","$","M","R","B",null,"M","M","?","M","M","R","E","M","T","M"],"character_chosen":"IRONCLAD","items_purchased":["Power Through","Whirlwind","Brimstone","Lee\u0027s Waffle","Orichalcum"],"campfire_rested":2,"item_purchase_floors":[4,4,4,13,13],"current_hp_per_floor":[57,52,52,52,50,28,52,27,27,29,29,17,87,74,74,59,80,85,71,71,51,43,84,16,22,22,0,0],"gold":229,"neow_bonus":"TWO_FIFTY_GOLD","is_daily":false,"chose_seed":false,"campfire_upgraded":2,"win_rate":0.0,"timestamp":1611135384,"path_taken":["M","M","?","$","M","E","R","M","T","E","R","M","$","M","R","BOSS","M","M","?","?","M","R","E","M","T","M"],"items_purchased_type":["Card","Card","Relic","Relic","Relic"],"build_version":"2020-12-22","purchased_purges":1,"victory":false,"max_hp_per_floor":[80,80,80,80,80,80,80,80,80,80,80,80,87,87,87,87,87,87,87,87,87,87,87,87,87,87,87,87],"card_choices":[{"not_picked":["Twin Strike","Clothesline"],"picked":"Fire Breathing","floor":1.0},{"not_picked":["Clash","Armaments"],"picked":"Uppercut","floor":2.0},{"not_picked":["Havoc","Burning Pact","Clash"],"picked":"SKIP","floor":5.0},{"not_picked":["Heavy Blade","Pommel Strike"],"picked":"Limit Break","floor":6.0},{"not_picked":["Thunderclap","Warcry","Body Slam"],"picked":"SKIP","floor":8.0},{"not_picked":["Bloodletting","Rampage"],"picked":"Evolve","floor":10.0},{"not_picked":["Twin Strike","Anger"],"picked":"Shrug It Off","floor":12.0},{"not_picked":["Thunderclap","Ghostly Armor"],"picked":"Heavy Blade","floor":14.0},{"not_picked":["Limit Break","Double Tap"],"picked":"Fiend Fire","floor":16.0},{"not_picked":["Second Wind","Headbutt","Wild Strike"],"picked":"SKIP","floor":18.0},{"not_picked":["Body Slam+1","Sever Soul"],"picked":"Shrug It Off","floor":19.0},{"not_picked":["Anger","Perfected Strike"],"picked":"Iron Wave","floor":21.0},{"not_picked":["Headbutt","Warcry"],"picked":"Exhume","floor":22.0},{"not_picked":["Bludgeon","Combust+1"],"picked":"Wild Strike+1","floor":24.0}],"player_experience":290811,"relics_obtained":[{"floor":6.0,"key":"Tiny Chest"},{"floor":9.0,"key":"Regal Pillow"},{"floor":10.0,"key":"Bronze Scales"},{"floor":24.0,"key":"Lantern"},{"floor":26,"key":"Eternal Feather"}],"event_choices":[{"damage_healed":0.0,"max_hp_gain":0.0,"max_hp_loss":0.0,"gold_gain":175.0,"event_name":"Liars Game","player_choice":"AGREE","floor":3.0,"gold_loss":0.0,"damage_taken":0.0,"cards_obtained":["Doubt"]},{"damage_healed":0.0,"max_hp_gain":0.0,"max_hp_loss":0.0,"gold_gain":0.0,"event_name":"N\u0027loth","player_choice":"Traded Relic","floor":20.0,"relics_lost":["Tiny Chest"],"gold_loss":0.0,"damage_taken":0.0,"relics_obtained":["Nloth\u0027s Gift"]}],"is_beta":false,"boss_relics":[{"not_picked":["Astrolabe","Tiny House"],"picked":"SlaversCollar"}],"items_purged_floors":[4],"is_endless":false,"potions_floor_spawned":[2,14,16,19,24,25],"killed_by":"Snake Plant","ascension_level":8}}