{"host":"97e98znyvgp3tx0i","time":1611119558,"event":{"mods":["AchievementEnabler","BaseMod","Colored Powertips","Googly Eyes","Highlight Path","Minty Spire (QoL Compilation)","Quick Restart"],"gold_per_floor":[111,111,130,142,142,168,187,187,239,267,282,282,282,302,302,398,398,408,408,427,439,450,450,464,563,641,641,676,314,314,154,154,251,251,271,115,115,135,135,135,185,217,269,269,269],"floor_reached":44,"language":"ENG","playtime":3817,"items_purged":[],"score":516,"play_id":"214eb5b4-32a3-4db6-8300-c668faf7c5ca","local_time":"20210119231238","is_ascension_mode":false,"campfire_choices":[{"floor":8,"key":"REST"},{"floor":12,"key":"REST"},{"floor":15,"key":"REST"},{"floor":23,"key":"REST"},{"floor":27,"key":"REST"},{"floor":32,"key":"REST"},{"floor":40,"key":"REST"}],"circlet_count":0,"master_deck":["Strike_P+1","Strike_P","Strike_P","Strike_P","Defend_P","Defend_P","Defend_P+1","Defend_P","Eruption+1","Vigilance","Wallop+1","Prostrate+1","Halt","Consecrate","Establishment","Scrawl+1","JustLucky","Pray","DevaForm","Consecrate+1","Consecrate+1","ReachHeaven+1","Prostrate","Swivel","Evaluate","ThirdEye","SandsOfTime","Crescendo","LikeWater","Fasting2","Perseverance","ClearTheMind","Devotion","SashWhip+1","Worship+1","CarveReality","Nirvana","Conclude+1"],"relics":["PureWater","Vajra","Singing Bowl","Bag of Marbles","Whetstone","Fusion Hammer","Question Card","Toy Ornithopter","War Paint","Philosopher\u0027s Stone","OrangePellets","Dream Catcher","Du-Vu Doll","Bottled Tornado","Orichalcum"],"acts_visited":["Exordium","TheCity","TheBeyond"],"potions_floor_usage":[14,16,22,24,24,42,44],"damage_taken":[{"damage":0,"enemies":"Small Slimes","floor":1,"turns":2},{"damage":0,"enemies":"Cultist","floor":3,"turns":3},{"damage":0,"enemies":"2 Louse","floor":4,"turns":2},{"damage":33,"enemies":"Gremlin Nob","floor":6,"turns":4},{"damage":0,"enemies":"Large Slime","floor":7,"turns":4},{"damage":55,"enemies":"Lagavulin","floor":10,"turns":4},{"damage":5,"enemies":"Blue Slaver","floor":11,"turns":2},{"damage":0,"enemies":"Lots of Slimes","floor":14,"turns":3},{"damage":41,"enemies":"Slime Boss","floor":16,"turns":9},{"damage":5,"enemies":"Spheric Guardian","floor":18,"turns":4},{"damage":8,"enemies":"2 Thieves","floor":20,"turns":3},{"damage":0,"enemies":"Snecko","floor":21,"turns":3},{"damage":24,"enemies":"Centurion and Healer","floor":22,"turns":3},{"damage":22,"enemies":"Shelled Parasite and Fungi","floor":24,"turns":4},{"damage":0,"enemies":"Gremlin Leader","floor":28,"turns":4},{"damage":13,"enemies":"Champ","floor":33,"turns":8},{"damage":22,"enemies":"3 Darklings","floor":35,"turns":3},{"damage":0,"enemies":"3 Shapes","floor":38,"turns":2},{"damage":0,"enemies":"Mind Bloom Boss Battle","floor":41,"turns":3},{"damage":38,"enemies":"Reptomancer","floor":42,"turns":8},{"damage":50,"enemies":"Writhing Mass","floor":44,"turns":2}],"seed_played":"2493294634530543550","potions_obtained":[{"floor":1,"key":"FairyPotion"},{"floor":3,"key":"Ancient Potion"},{"floor":6,"key":"BottledMiracle"},{"floor":10,"key":"LiquidBronze"},{"floor":11,"key":"ColorlessPotion"},{"floor":16,"key":"SpeedPotion"},{"floor":18,"key":"SteroidPotion"},{"floor":21,"key":"Regen Potion"},{"floor":22,"key":"Regen Potion"},{"floor":35,"key":"StancePotion"},{"floor":42,"key":"FearPotion"}],"is_trial":false,"path_per_floor":["M","?","M","M","?","E","M","R","T","E","M","R","?","M","R","B",null,"M","?","M","M","M","R","M","?","T","R","E","$","?","$","R","B",null,"M","$","?","M","?","R","?","E","T","M"],"character_chosen":"WATCHER","items_purchased":["ThirdEye","SandsOfTime","Crescendo","LikeWater","War Paint","Fasting2","Perseverance","ClearTheMind","OrangePellets"],"campfire_rested":7,"item_purchase_floors":[29,29,29,29,29,31,31,31,36],"current_hp_per_floor":[72,72,72,72,72,39,39,60,60,5,21,42,42,42,63,22,72,67,60,52,52,37,58,48,48,48,69,69,69,56,56,77,64,77,55,55,55,55,55,77,77,39,39,0,0],"gold":269,"neow_bonus":"RANDOM_COMMON_RELIC","is_daily":false,"chose_seed":false,"campfire_upgraded":0,"win_rate":0.0,"timestamp":1611119558,"path_taken":["M","?","?","M","?","E","M","R","T","E","M","R","?","M","R","BOSS","M","?","M","?","M","R","M","?","T","R","E","$","?","$","R","BOSS","M","$","?","?","?","R","?","E","T","M"],"items_purchased_type":["Card","Card","Card","Card","Relic","Card","Card","Card","Relic"],"build_version":"2020-12-22","purchased_purges":0,"victory":false,"max_hp_per_floor":[72,72,72,72,72,72,72,72,72,72,72,72,72,72,72,72,72,72,72,72,72,72,72,72,72,72,72,72,72,77,77,77,77,77,77,77,77,77,77,77,77,77,77,77,77],"card_choices":[{"not_picked":["Worship","WheelKick"],"picked":"Wallop","floor":1},{"not_picked":["FlyingSleeves","Evaluate"],"picked":"Prostrate","floor":3},{"not_picked":["InnerPeace","Adaptation"],"picked":"Halt","floor":4},{"not_picked":["Study","InnerPeace"],"picked":"Consecrate","floor":6},{"not_picked":["Collect","Adaptation"],"picked":"Establishment","floor":7},{"not_picked":["ThirdEye","Evaluate"],"picked":"Scrawl","floor":10},{"not_picked":["FlyingSleeves","Nirvana"],"picked":"JustLucky","floor":11},{"not_picked":["EmptyFist","Crescendo"],"picked":"Pray","floor":14},{"not_picked":["Judgement","MasterReality"],"picked":"DevaForm","floor":16},{"not_picked":["BowlingBash","Halt"],"picked":"Consecrate+1","floor":18},{"not_picked":["SashWhip","FlurryOfBlows"],"picked":"Consecrate+1","floor":20},{"not_picked":["EmptyBody","CutThroughFate+1"],"picked":"ReachHeaven+1","floor":21},{"not_picked":["CutThroughFate","SandsOfTime"],"picked":"Prostrate","floor":22},{"not_picked":["LessonLearned","CutThroughFate+1"],"picked":"Swivel","floor":24},{"not_picked":["FlurryOfBlows","CrushJoints","Protect"],"picked":"Evaluate","floor":28},{"not_picked":["Brilliance","DeusExMachina","Establishment"],"picked":"Devotion","floor":33},{"not_picked":["FollowUp+1","EmptyFist+1","EmptyBody+1"],"picked":"SashWhip+1","floor":35},{"not_picked":["Pray","CarveReality","FlurryOfBlows+1"],"picked":"Worship+1","floor":38},{"not_picked":["WheelKick","CutThroughFate","EmptyFist+1"],"picked":"CarveReality","floor":40},{"not_picked":["BowlingBash+1","PathToVictory+1","FlurryOfBlows"],"picked":"Nirvana","floor":41},{"not_picked":["Crescendo","Consecrate","Halt"],"picked":"Conclude+1","floor":42}],"player_experience":165378,"relics_obtained":[{"floor":6,"key":"Singing Bowl"},{"floor":9,"key":"Bag of Marbles"},{"floor":10,"key":"Whetstone"},{"floor":26,"key":"Question Card"},{"floor":28,"key":"Toy Ornithopter"},{"floor":41,"key":"Du-Vu Doll"},{"floor":42,"key":"Bottled Tornado"},{"floor":43,"key":"Orichalcum"}],"event_choices":[{"damage_healed":0,"gold_gain":0,"player_choice":"Upgraded","damage_taken":0,"max_hp_gain":0,"max_hp_loss":0,"event_name":"Upgrade Shrine","floor":2,"gold_loss":0,"cards_upgraded":["Eruption"]},{"damage_healed":0,"gold_gain":0,"player_choice":"Grow","damage_taken":0,"max_hp_gain":0,"max_hp_loss":0,"event_name":"Living Wall","floor":5,"gold_loss":0,"cards_upgraded":["Prostrate"]},{"damage_healed":0,"gold_gain":0,"player_choice":"Ignored","damage_taken":0,"max_hp_gain":0,"max_hp_loss":0,"event_name":"Liars Game","floor":13,"gold_loss":0},{"damage_healed":0,"gold_gain":0,"player_choice":"Damaged","damage_taken":7,"max_hp_gain":0,"max_hp_loss":0,"event_name":"Wheel of Change","floor":19,"gold_loss":0},{"damage_healed":0,"gold_gain":99,"player_choice":"Stole From Cult","damage_taken":0,"max_hp_gain":0,"max_hp_loss":0,"event_name":"Nest","floor":25,"gold_loss":0},{"damage_healed":0,"gold_gain":0,"player_choice":"Shed Blood","damage_taken":18,"max_hp_gain":5,"max_hp_loss":0,"event_name":"Forgotten Altar","floor":30,"gold_loss":0},{"damage_healed":0,"gold_gain":0,"player_choice":"Gave Potion","damage_taken":0,"relics_obtained":["Dream Catcher"],"max_hp_gain":0,"max_hp_loss":0,"event_name":"WeMeetAgain","floor":37,"gold_loss":0},{"damage_healed":0,"gold_gain":0,"player_choice":"Ignored","damage_taken":0,"max_hp_gain":0,"max_hp_loss":0,"event_name":"Mysterious Sphere","floor":39,"gold_loss":0},{"damage_healed":0,"gold_gain":0,"player_choice":"Fight","damage_taken":0,"max_hp_gain":0,"max_hp_loss":0,"event_name":"MindBloom","floor":41,"gold_loss":0}],"is_beta":false,"boss_relics":[{"not_picked":["Runic Dome","Runic Pyramid"],"picked":"Fusion Hammer"},{"not_picked":["Pandora\u0027s Box","Tiny House"],"picked":"Philosopher\u0027s Stone"}],"items_purged_floors":[],"is_endless":false,"potions_floor_spawned":[1,3,6,10,11,16,18,21,22,35,42],"killed_by":"Writhing Mass","ascension_level":0}}