{"host":"2yhbarjh4s9lrrzt","time":1611111548,"event":{"mods":["BaseMod","Better Third Choice","Minty Spire (QoL Compilation)","Replay The Spire","StSLib"],"gold_per_floor":[363,382,72,84,45,45,55,55,55,75,85,116,136,151,151,151,151],"floor_reached":16,"language":"ENG","playtime":1022,"items_purged":[],"score":131,"play_id":"eb39e705-6adb-41cd-9065-4583b47287ff","local_time":"20210119215908","is_ascension_mode":false,"campfire_choices":[{"floor":6,"key":"REST"},{"floor":8,"key":"REST"},{"floor":15,"key":"REST"}],"circlet_count":0,"master_deck":["Strike_P","Strike_P","Strike_P","Strike_P","Defend_P","Defend_P","Defend_P","Defend_P","Eruption","Vigilance","Neutralize","Strike_P","ForeignInfluence","EmptyFist","LikeWater","LikeWater","Replay:Anticipation","Wallop","Indignation","CutThroughFate","SignatureMove","ClearTheMind","ClearTheMind","Consecrate","CrushJoints","EmptyBody","FollowUp","Replay:BluntJabs","Replay:DivineShield"],"relics":["PureWater","Replay:Ringing Soul","Divine Protection"],"acts_visited":["Exordium"],"potions_floor_usage":[10,14,16],"damage_taken":[{"damage":10,"enemies":"Cultist","floor":1,"turns":5},{"damage":12,"enemies":"Jaw Worm","floor":2,"turns":5},{"damage":0,"enemies":"Small Slimes","floor":4,"turns":2},{"damage":11,"enemies":"3 Louse","floor":7,"turns":5},{"damage":30,"enemies":"Gremlin Gang","floor":10,"turns":4},{"damage":7,"enemies":"Looter","floor":11,"turns":3},{"damage":35,"enemies":"Gremlin Nob","floor":12,"turns":5},{"damage":1,"enemies":"Red Slaver","floor":13,"turns":3},{"damage":0,"enemies":"Lots of Slimes","floor":14,"turns":3},{"damage":43,"enemies":"The Guardian","floor":16,"turns":13}],"seed_played":"7328856531531880843","potions_obtained":[{"floor":4,"key":"AttackPotion"},{"floor":7,"key":"SpeedPotion"},{"floor":12,"key":"FearPotion"}],"is_trial":false,"path_per_floor":["M","M","$","M","$","R","M","R","T","M","M","E","M","M","R","B"],"character_chosen":"WATCHER","items_purchased":["LikeWater","Replay:Anticipation","Wallop","Indignation","CutThroughFate","ClearTheMind"],"campfire_rested":3,"item_purchase_floors":[3,3,3,3,3,5],"current_hp_per_floor":[62,50,50,50,50,71,60,72,72,45,41,9,11,14,40,0,0],"gold":151,"neow_bonus":"TWO_FIFTY_GOLD","is_daily":false,"chose_seed":false,"campfire_upgraded":0,"win_rate":0.0,"timestamp":1611111548,"path_taken":["M","M","$","M","$","R","M","R","T","M","M","E","M","M","R","BOSS"],"items_purchased_type":["Card","Card","Card","Card","Card","Card"],"build_version":"2020-12-22","purchased_purges":0,"victory":false,"max_hp_per_floor":[72,72,72,72,72,72,72,72,72,75,78,81,84,87,87,87,87],"card_choices":[{"not_picked":["Prostrate","Evaluate"],"picked":"ForeignInfluence","floor":1},{"not_picked":["Protect","CrushJoints"],"picked":"EmptyFist","floor":2},{"not_picked":["ThirdEye","EmptyBody"],"picked":"SignatureMove","floor":4},{"not_picked":["Halt","Crescendo"],"picked":"Consecrate","floor":7},{"not_picked":["ClearTheMind","Consecrate"],"picked":"CrushJoints","floor":10},{"not_picked":["CrushJoints","Indignation"],"picked":"EmptyBody","floor":11},{"not_picked":["Replay:ManipulateFuture","CutThroughFate"],"picked":"FollowUp","floor":12},{"not_picked":["Scrawl","EmptyFist"],"picked":"Replay:BluntJabs","floor":13},{"not_picked":["Prostrate","Study"],"picked":"Replay:DivineShield","floor":14}],"player_experience":226808,"relics_obtained":[{"floor":9,"key":"Replay:Ringing Soul"},{"floor":12,"key":"Divine Protection"}],"event_choices":[],"is_beta":false,"boss_relics":[],"items_purged_floors":[],"is_endless":false,"potions_floor_spawned":[4,7,12],"killed_by":"The Guardian","ascension_level":0}}