{"host":"sc0o2qwpf9j16a4i","time":1611152854,"event":{"mods":["AchievementEnabler","BaseMod","BetterRewards","Block Reminder","Colored Map","Colored Powertips","Custom Start","Highlight Path","Minty Spire (QoL Compilation)","Relic Stats"],"gold_per_floor":[113,78,128,138,151,151,180,180,180,6,18,45,63,89,89,168,168,182,182,195,195,195],"floor_reached":21,"language":"ENG","playtime":731,"items_purged":["Strike_P","Strike_P"],"score":698,"play_id":"686cfe4b-e29d-4a43-a69f-7c4f41924451","local_time":"20210120162734","is_ascension_mode":true,"campfire_choices":[{"floor":6,"key":"REST"},{"data":"Fasting2","floor":8,"key":"SMITH"},{"data":"TalkToTheHand","floor":15,"key":"SMITH"}],"circlet_count":0,"master_deck":["AscendersBane","Strike_P","Strike_P","Defend_P","Defend_P","Defend_P","Defend_P","Eruption","Vigilance","Wallop","Tantrum","Adaptation","Dark Shackles","Fasting2+1","Meditate","ClearTheMind","Ragnarok","TalkToTheHand+1","Protect","ThirdEye","InnerPeace","Establishment","Wallop","Protect"],"relics":["PureWater","Tiny Chest","Dream Catcher","Oddly Smooth Stone","Incense Burner","OrangePellets","Akabeko","MealTicket","Lantern","Eternal Feather","Happy Flower","Pantograph","Regal Pillow","SlaversCollar"],"acts_visited":["Exordium","TheCity"],"potions_floor_usage":[7,12,16,21],"damage_taken":[{"damage":0,"enemies":"2 Louse","floor":1,"turns":2},{"damage":0,"enemies":"Small Slimes","floor":4,"turns":1},{"damage":0,"enemies":"Cultist","floor":5,"turns":2},{"damage":0,"enemies":"3 Sentries","floor":7,"turns":2},{"damage":1,"enemies":"Exordium Thugs","floor":11,"turns":3},{"damage":0,"enemies":"Lagavulin","floor":12,"turns":3},{"damage":0,"enemies":"3 Louse","floor":13,"turns":1},{"damage":11,"enemies":"Gremlin Nob","floor":14,"turns":3},{"damage":3,"enemies":"Hexaghost","floor":16,"turns":8},{"damage":9,"enemies":"Chosen","floor":18,"turns":7},{"damage":18,"enemies":"2 Thieves","floor":20,"turns":4},{"damage":40,"enemies":"Masked Bandits","floor":21,"turns":3}],"seed_played":"-5151561540826455795","potions_obtained":[{"floor":4,"key":"FearPotion"},{"floor":5,"key":"AttackPotion"},{"floor":14,"key":"ColorlessPotion"},{"floor":18,"key":"PowerPotion"}],"is_trial":false,"path_per_floor":["M","?","?","M","M","R","E","R","T","$","M","E","M","E","R","B",null,"M","T","M","?"],"character_chosen":"WATCHER","items_purchased":["Tiny Chest","Dream Catcher","Oddly Smooth Stone","Incense Burner","OrangePellets","Wallop","Tantrum","Akabeko","Adaptation","MealTicket","Lantern","Dark Shackles","Fire Potion","TalkToTheHand"],"campfire_rested":1,"item_purchase_floors":[0,0,0,0,0,0,0,0,0,0,0,0,0,10],"current_hp_per_floor":[19,36,36,36,36,56,56,65,65,68,67,67,67,56,68,65,67,58,58,40,0,0],"gold":195,"neow_bonus":"","is_daily":false,"chose_seed":false,"campfire_upgraded":2,"win_rate":0.0,"timestamp":1611152854,"path_taken":["M","?","?","M","M","R","E","R","T","$","M","E","?","E","R","BOSS","M","?","M","?"],"items_purchased_type":["Relic","Relic","Relic","Relic","Relic","Card","Card","Relic","Card","Relic","Relic","Card","Potion","Card"],"build_version":"2020-12-22","purchased_purges":2,"victory":false,"max_hp_per_floor":[68,68,68,68,68,68,68,68,68,68,68,68,68,68,68,68,68,68,68,68,68,68],"relic_stats":{"OrangePellets":[46],"Dream Catcher":1,"Regal Pillow":0,"Happy Flower":[48],"counters":[140,653],"Pantograph":0,"Tiny Chest":7,"MealTicket":3,"Eternal Feather":166,"obtain_stats":[{"Ice Cream":28,"Gremlin Horn":31,"CeramicFish":9,"Whetstone":6,"Old Coin":24,"Blood Vial":0,"Centennial Puzzle":44,"HornCleat":7,"FaceOfCleric":12,"MealTicket":7,"Prayer Wheel":0,"VioletLotus":34,"Kunai":40,"Girya":0,"Pear":30,"Happy Flower":9,"Blue Candle":30,"Oddly Smooth Stone":7,"Eternal Feather":24,"Akabeko":0,"WarpedTongs":2,"SlaversCollar":34,"OrangePellets":0,"Shuriken":0,"Bronze Scales":9,"Bird Faced Urn":0,"Snecko Eye":17,"Pandora\u0027s Box":34,"Molten Egg 2":46,"NlothsMask":4,"Meat on the Bone":0,"Lantern":0,"Regal Pillow":14,"Torii":47,"Singing Bowl":40,"StoneCalendar":7,"Bag of Preparation":29,"Incense Burner":0,"Ancient Tea Set":0,"Smiling Mask":28,"ClockworkSouvenir":0,"Dream Catcher":0,"Shovel":37,"Mummified Hand":26,"Pantograph":9,"Tiny Chest":0,"Red Mask":28,"InkBottle":53,"Runic Pyramid":17,"Lee\u0027s Waffle":0,"Golden Idol":8,"Damaru":44,"PreservedInsect":9,"The Courier":26,"Omamori":0,"Orichalcum":11,"Odd Mushroom":13,"GoldenEye":8,"MawBank":26,"Mercury Hourglass":0,"Peace Pipe":31,"Strange Spoon":30,"Anchor":42,"Busted Crown":17,"Ornamental Fan":9,"Orrery":20,"Bag of Marbles":0,"Membership Card":13,"Bottled Lightning":27,"PureWater":0,"TungstenRod":36,"Toy Ornithopter":49},{"Ice Cream":86,"Gremlin Horn":32,"CeramicFish":103,"Whetstone":4,"Old Coin":26,"Blood Vial":99,"Centennial Puzzle":66,"HornCleat":49,"FaceOfCleric":77,"MealTicket":20,"Prayer Wheel":99,"VioletLotus":61,"Kunai":64,"Girya":71,"Pear":30,"Happy Flower":132,"Blue Candle":112,"Oddly Smooth Stone":11,"Eternal Feather":57,"Akabeko":128,"WarpedTongs":16,"SlaversCollar":114,"OrangePellets":128,"Shuriken":71,"Bronze Scales":49,"Bird Faced Urn":71,"Snecko Eye":23,"Pandora\u0027s Box":89,"Molten Egg 2":122,"NlothsMask":36,"Meat on the Bone":45,"Lantern":99,"Regal Pillow":136,"Torii":68,"Singing Bowl":93,"StoneCalendar":75,"Bag of Preparation":59,"Incense Burner":128,"Ancient Tea Set":0,"Smiling Mask":29,"ClockworkSouvenir":71,"Dream Catcher":7,"Shovel":117,"Mummified Hand":111,"Pantograph":5,"Tiny Chest":128,"Red Mask":59,"InkBottle":126,"Runic Pyramid":43,"Lee\u0027s Waffle":45,"Golden Idol":11,"Damaru":66,"PreservedInsect":11,"The Courier":84,"Omamori":99,"Orichalcum":40,"Odd Mushroom":105,"GoldenEye":5,"MawBank":27,"Mercury Hourglass":71,"Peace Pipe":32,"Strange Spoon":87,"Anchor":66,"Busted Crown":80,"Ornamental Fan":20,"Orrery":82,"Bag of Marbles":33,"Membership Card":21,"Bottled Lightning":58,"PureWater":0,"TungstenRod":91,"Toy Ornithopter":124},{"Ice Cream":408,"Gremlin Horn":154,"CeramicFish":492,"Whetstone":15,"Old Coin":132,"Blood Vial":480,"Centennial Puzzle":317,"HornCleat":239,"FaceOfCleric":377,"MealTicket":104,"Prayer Wheel":480,"VioletLotus":288,"Kunai":302,"Girya":358,"Pear":147,"Happy Flower":621,"Blue Candle":529,"Oddly Smooth Stone":57,"Eternal Feather":271,"Akabeko":614,"WarpedTongs":84,"SlaversCollar":540,"OrangePellets":614,"Shuriken":358,"Bronze Scales":239,"Bird Faced Urn":358,"Snecko Eye":118,"Pandora\u0027s Box":424,"Molten Egg 2":574,"NlothsMask":172,"Meat on the Bone":227,"Lantern":480,"Regal Pillow":631,"Torii":328,"Singing Bowl":445,"StoneCalendar":367,"Bag of Preparation":276,"Incense Burner":614,"Ancient Tea Set":0,"Smiling Mask":142,"ClockworkSouvenir":358,"Dream Catcher":28,"Shovel":549,"Mummified Hand":523,"Pantograph":22,"Tiny Chest":614,"Red Mask":276,"InkBottle":605,"Runic Pyramid":214,"Lee\u0027s Waffle":227,"Golden Idol":57,"Damaru":317,"PreservedInsect":57,"The Courier":397,"Omamori":480,"Orichalcum":195,"Odd Mushroom":499,"GoldenEye":22,"MawBank":135,"Mercury Hourglass":358,"Peace Pipe":154,"Strange Spoon":412,"Anchor":317,"Busted Crown":388,"Ornamental Fan":104,"Orrery":392,"Bag of Marbles":162,"Membership Card":106,"Bottled Lightning":273,"PureWater":0,"TungstenRod":436,"Toy Ornithopter":585}]},"card_choices":[{"not_picked":["Prostrate","FlurryOfBlows"],"picked":"Fasting2","floor":1},{"not_picked":["Adaptation","Collect"],"picked":"Meditate","floor":4},{"not_picked":["FlyingSleeves","ReachHeaven"],"picked":"ClearTheMind","floor":5},{"not_picked":["CrushJoints","Prostrate"],"picked":"Ragnarok","floor":7},{"not_picked":["Nirvana","EmptyBody"],"picked":"Protect","floor":11},{"not_picked":["PathToVictory","Fasting2","MasterReality"],"picked":"SKIP","floor":12},{"not_picked":["Swivel","Crescendo"],"picked":"ThirdEye","floor":13},{"not_picked":["EmptyFist","ThirdEye"],"picked":"InnerPeace","floor":14},{"not_picked":["Vault","DeusExMachina"],"picked":"Establishment","floor":16},{"not_picked":["FollowUp","WreathOfFlame"],"picked":"Wallop","floor":18},{"not_picked":["Prostrate","SashWhip+1"],"picked":"Protect","floor":20}],"player_experience":788826,"relics_obtained":[{"floor":7,"key":"Eternal Feather"},{"floor":9,"key":"Happy Flower"},{"floor":12,"key":"Pantograph"},{"floor":14,"key":"Regal Pillow"}],"event_choices":[{"damage_healed":17,"gold_gain":0,"player_choice":"Healed","damage_taken":0,"max_hp_gain":0,"max_hp_loss":0,"event_name":"The Cleric","floor":2,"gold_loss":35},{"damage_healed":0,"gold_gain":50,"player_choice":"Pray","damage_taken":0,"max_hp_gain":0,"max_hp_loss":0,"event_name":"Golden Shrine","floor":3,"gold_loss":0},{"damage_healed":0,"gold_gain":0,"player_choice":"Fought Bandits","damage_taken":0,"max_hp_gain":0,"max_hp_loss":0,"event_name":"Masked Bandits","floor":21,"gold_loss":0}],"is_beta":false,"boss_relics":[{"not_picked":["Fusion Hammer","Velvet Choker"],"picked":"SlaversCollar"}],"items_purged_floors":[0,10],"is_endless":false,"potions_floor_spawned":[4,5,14,18],"killed_by":"Masked Bandits","ascension_level":20}}