{"host":"atu1skz5iq69e5lr","time":1611137254,"event":{"mods":["AchievementEnabler","Aspiration","BaseMod","Better Third Choice","Colored Map","Evolution","Friendly Minions","Highlight Path","Hubris","Infinite Spire","Keyboard Shortcuts","Lobotomy","Minty Spire (QoL Compilation)","Replay The Spire","Shop Mod","StSLib"],"gold_per_floor":[275,275,37,37,37,64,64,64,64,64,88,102,131,144,144,144,144],"floor_reached":16,"language":"ENG","playtime":907,"items_purged":[],"score":106,"play_id":"550b6905-fc6b-4f38-a28a-8e629eb414f8","local_time":"20210120110734","is_ascension_mode":false,"campfire_choices":[{"floor":7,"key":"REST"},{"data":"Neutralize","floor":10,"key":"SMITH"},{"floor":15,"key":"REST"}],"circlet_count":0,"master_deck":["Quick Slash","Dagger Throw","Strike_G","Strike_G","Strike_G","Defend_G+1","Defend_G","Defend_G","Defend_G","Defend_G","Survivor","Neutralize+1","WallGazer","Bullet Time","ReplayTheSpireMod:From All Sides","FairyFestival","Outmaneuver","DespairKnight"],"relics":["Ring of the Snake","EVO:Axolotl","CogitoBucket","White Beast Statue","hubris:Towel","Smiling Mask","hubris:ToyBattleship","aspiration:SeaSaltIceCream","Replay:Wax Seal","aspiration:Lifesprig","Odd Mushroom","Replay:Bottled Flurry","SkinProphecy"],"acts_visited":["Exordium"],"potions_floor_usage":[13,13,13,14,16],"damage_taken":[{"damage":2,"enemies":"Small Slimes","floor":1,"turns":3},{"damage":20,"enemies":"Gremlin Nob","floor":6,"turns":6},{"damage":14,"enemies":"The Mushroom Lair","floor":11,"turns":5},{"damage":4,"enemies":"Jaw Worm","floor":12,"turns":3},{"damage":12,"enemies":"Lagavulin","floor":13,"turns":6},{"damage":36,"enemies":"2 Louse","floor":14,"turns":8},{"damage":24,"enemies":"Fading Forest","floor":16,"turns":3}],"seed_played":"611436848977518252","potions_obtained":[{"floor":6,"key":"Energy Potion"},{"floor":11,"key":"AttackPotion"},{"floor":12,"key":"Toxic Potion"},{"floor":13,"key":"Dexterity Potion"},{"floor":14,"key":"CunningPotion"}],"is_trial":false,"path_per_floor":["M","?","$","?","?","E","R","T","T","R","?","M","E","M","R","B"],"character_chosen":"THE_SILENT","items_purchased":["White Beast Statue"],"campfire_rested":2,"item_purchase_floors":[3],"current_hp_per_floor":[68,68,68,68,61,41,62,62,62,62,48,44,32,6,27,0,0],"gold":144,"neow_bonus":"","is_daily":false,"chose_seed":false,"campfire_upgraded":1,"win_rate":0.0,"timestamp":1611137254,"path_taken":["M","?","$","?","?","E","R","?","T","R","?","M","E","M","R","BOSS"],"items_purchased_type":["Relic"],"build_version":"2020-12-22","purchased_purges":0,"victory":false,"max_hp_per_floor":[70,70,70,70,70,70,70,70,70,70,70,70,70,70,70,72,72],"card_choices":[{"not_picked":["Murderer","Scorched"],"picked":"WallGazer","floor":1},{"not_picked":["Backflip","Prepared","All Out Attack"],"picked":"SKIP","floor":1},{"not_picked":["Backflip","Prepared","All Out Attack"],"picked":"SKIP","floor":1},{"not_picked":["Deadly Poison","Endless Agony","Dagger Throw"],"picked":"SKIP","floor":6},{"not_picked":["Riddle With Holes","Underhanded Strike"],"picked":"Bullet Time","floor":12},{"not_picked":["Footwork","Predator"],"picked":"ReplayTheSpireMod:From All Sides","floor":13},{"not_picked":["WhitesApple","SingingMachine"],"picked":"FairyFestival","floor":13},{"not_picked":["Bane","Dodge and Roll"],"picked":"Outmaneuver","floor":14},{"not_picked":["BlackSwan","Murderer"],"picked":"DespairKnight","floor":14}],"player_experience":9266,"relics_obtained":[{"floor":6,"key":"hubris:ToyBattleship"},{"floor":8,"key":"aspiration:SeaSaltIceCream"},{"floor":9,"key":"aspiration:Lifesprig"},{"floor":11,"key":"Odd Mushroom"},{"floor":13,"key":"Replay:Bottled Flurry"}],"event_choices":[{"damage_healed":0,"gold_gain":0,"player_choice":"Relic ","damage_taken":7,"max_hp_gain":0,"max_hp_loss":0,"event_name":"betterThird:BetterScrap","floor":5,"gold_loss":0,"cards_obtained":["ReplayTheSpireMod:Muscle Training"]},{"damage_healed":0,"gold_gain":0,"player_choice":"Fought Mushrooms","damage_taken":0,"max_hp_gain":0,"max_hp_loss":0,"event_name":"Mushrooms","floor":11,"gold_loss":0}],"is_beta":false,"boss_relics":[],"items_purged_floors":[],"is_endless":false,"potions_floor_spawned":[6,11,12,13,14],"killed_by":"Fading Forest","ascension_level":0}}