{"host":"c3lc60y5x60jlt1y","time":1611180124,"event":{"mods":["AchievementEnabler","BaseMod","Bestiary","Colored Map","Minty Spire (QoL Compilation)","Quick Restart","StSLib","ojb\u0027s Info Mod"],"gold_per_floor":[116,116,116,181,241,270,270,302,352,477,527,592,592,56,56,132,132,152,202,252,267,317,317,317],"floor_reached":23,"language":"ENG","playtime":1402,"items_purged":["Strike_B"],"score":325,"play_id":"9f37a887-b895-4ae5-b3c8-2d5799ad3142","local_time":"20210121000204","is_ascension_mode":true,"campfire_choices":[{"data":"Leap","floor":7.0,"key":"SMITH"},{"data":"Double Energy","floor":13.0,"key":"SMITH"},{"data":"Creative AI","floor":15.0,"key":"SMITH"}],"circlet_count":0,"master_deck":["AscendersBane","Strike_B+1","Strike_B+1","Strike_B+1","Defend_B+1","Defend_B+1","Defend_B+1","Defend_B+1","Zap","Dualcast","Creative AI+1","Self Repair","Ball Lightning","Leap+1","Steam","Leap","Double Energy+1","Capacitor","Lockon","Electrodynamics","Darkness+1","RitualDagger","Stack+1"],"relics":["Cracked Core","SsserpentHead","Gremlin Horn","DataDisk","Toy Ornithopter","Cables","Meat on the Bone","Black Star"],"acts_visited":["Exordium","TheCity"],"potions_floor_usage":[23],"damage_taken":[{"damage":4.0,"enemies":"Jaw Worm","floor":1.0,"turns":4.0},{"damage":10.0,"enemies":"2 Louse","floor":4.0,"turns":3.0},{"damage":6.0,"enemies":"Cultist","floor":5.0,"turns":4.0},{"damage":40.0,"enemies":"Lagavulin","floor":6.0,"turns":9.0},{"damage":19.0,"enemies":"3 Sentries","floor":8.0,"turns":4.0},{"damage":0.0,"enemies":"Lots of Slimes","floor":12.0,"turns":3.0},{"damage":15.0,"enemies":"Slime Boss","floor":16.0,"turns":9.0},{"damage":16.0,"enemies":"Shell Parasite","floor":18.0,"turns":6.0},{"damage":27.0,"enemies":"2 Thieves","floor":21.0,"turns":4.0},{"damage":32,"enemies":"Gremlin Leader","floor":23,"turns":4}],"seed_played":"-1012886227724183369","potions_obtained":[{"floor":1.0,"key":"Fruit Juice"},{"floor":4.0,"key":"ColorlessPotion"},{"floor":8.0,"key":"LiquidBronze"},{"floor":12.0,"key":"Dexterity Potion"},{"floor":21.0,"key":"Fire Potion"}],"is_trial":false,"path_per_floor":["M","?","?","M","M","E","R","E","T","?","T","M","R","$","R","B",null,"M","?","?","M","?","E"],"character_chosen":"DEFECT","items_purchased":["Capacitor","Lockon","Meat on the Bone","PowerPotion"],"campfire_rested":0,"item_purchase_floors":[14,14,14,14],"current_hp_per_floor":[64,64,64,61,62,29,29,10,10,9,9,21,21,21,21,35,69,60,54,39,24,24,0,0],"gold":317,"neow_bonus":"ONE_RANDOM_RARE_CARD","is_daily":false,"chose_seed":false,"campfire_upgraded":3,"win_rate":0.0,"timestamp":1611180124,"path_taken":["M","?","?","?","?","E","R","E","T","?","?","?","R","$","R","BOSS","M","?","?","M","?","E"],"items_purchased_type":["Card","Card","Relic","Potion"],"build_version":"2020-12-22","purchased_purges":1,"victory":false,"max_hp_per_floor":[75,75,75,75,75,75,75,75,75,80,80,80,80,80,80,80,80,80,80,85,85,85,85,85],"card_choices":[{"not_picked":["Aggregate","Ball Lightning"],"picked":"Self Repair","floor":1.0},{"not_picked":["Skim","Conserve Battery"],"picked":"Ball Lightning","floor":4.0},{"not_picked":["Beam Cell","Compile Driver"],"picked":"Leap","floor":5.0},{"not_picked":["FTL","Consume"],"picked":"Steam","floor":6.0},{"not_picked":["Static Discharge","Barrage"],"picked":"Leap","floor":8.0},{"not_picked":["Hologram","Barrage"],"picked":"Double Energy","floor":12.0},{"not_picked":["Reboot","Buffer"],"picked":"Electrodynamics","floor":16.0},{"not_picked":["Ball Lightning","Go for the Eyes"],"picked":"Darkness+1","floor":18.0},{"not_picked":["Loop","Leap"],"picked":"Stack+1","floor":21.0}],"player_experience":8219003,"relics_obtained":[{"floor":6.0,"key":"Gremlin Horn"},{"floor":8.0,"key":"DataDisk"},{"floor":9.0,"key":"Toy Ornithopter"},{"floor":11.0,"key":"Cables"}],"event_choices":[{"damage_healed":0.0,"max_hp_gain":0.0,"max_hp_loss":0.0,"gold_gain":0.0,"event_name":"Liars Game","player_choice":"Ignored","floor":2.0,"gold_loss":0.0,"damage_taken":0.0},{"damage_healed":0.0,"max_hp_gain":0.0,"max_hp_loss":0.0,"gold_gain":0.0,"event_name":"FaceTrader","player_choice":"Trade","floor":3.0,"gold_loss":0.0,"damage_taken":0.0,"relics_obtained":["SsserpentHead"]},{"damage_healed":0.0,"max_hp_gain":0.0,"max_hp_loss":0.0,"gold_gain":75.0,"event_name":"World of Goop","player_choice":"Gather Gold","floor":10.0,"gold_loss":0.0,"damage_taken":11.0},{"damage_healed":0.0,"max_hp_gain":0.0,"max_hp_loss":0.0,"gold_gain":0.0,"event_name":"Nest","player_choice":"Joined the Cult","floor":19.0,"gold_loss":0.0,"damage_taken":6.0,"cards_obtained":["RitualDagger"]},{"damage_healed":0.0,"max_hp_gain":5.0,"max_hp_loss":0.0,"gold_gain":0.0,"event_name":"Forgotten Altar","player_choice":"Shed Blood","floor":20.0,"gold_loss":0.0,"damage_taken":20.0},{"damage_healed":0.0,"max_hp_gain":0.0,"max_hp_loss":0.0,"gold_gain":0.0,"event_name":"Back to Basics","player_choice":"Simplicity","floor":22.0,"gold_loss":0.0,"damage_taken":0.0,"cards_upgraded":["Strike_B","Strike_B","Strike_B","Defend_B","Defend_B","Defend_B","Defend_B"]}],"is_beta":false,"boss_relics":[{"not_picked":["Velvet Choker","Busted Crown"],"picked":"Black Star"}],"items_purged_floors":[14],"is_endless":false,"potions_floor_spawned":[1,4,8,12,21],"killed_by":"Gremlin Leader","ascension_level":13}}