{"host":"9709z2dy8v1s63sm","time":1611120919,"event":{"mods":["AchievementEnabler","BaseMod","Minty Spire (QoL Compilation)","StSLib","SuperFastMode"],"gold_per_floor":[109,122,141,141,101,132,152,181,259,287,299,330,361,392,404,512,524,536,536],"floor_reached":18,"language":"KOR","playtime":714,"items_purged":[],"score":276,"play_id":"2f3e78d8-2441-426a-9029-a0907785922b","local_time":"20210120143519","is_ascension_mode":true,"campfire_choices":[{"data":"Fiend Fire","floor":11.0,"key":"SMITH"},{"data":"Body Slam","floor":15.0,"key":"SMITH"}],"circlet_count":0,"master_deck":["AscendersBane","Strike_R","Strike_R","Strike_R","Strike_R","Strike_R","Defend_R","Defend_R","Defend_R","Defend_R","Bash","Fiend Fire+1","Body Slam+1","Wild Strike","Shrug It Off","Exhume","Iron Wave+1","Corruption"],"relics":["Burning Blood","Thread and Needle","Lizard Tail","Molten Egg 2","MawBank","Runic Pyramid"],"acts_visited":["Exordium","TheCity"],"potions_floor_usage":[16,16],"damage_taken":[{"damage":13.0,"enemies":"Small Slimes","floor":1.0,"turns":5.0},{"damage":0.0,"enemies":"2 Louse","floor":2.0,"turns":3.0},{"damage":1.0,"enemies":"Cultist","floor":3.0,"turns":3.0},{"damage":56.0,"enemies":"Lagavulin","floor":6.0,"turns":10.0},{"damage":0.0,"enemies":"Exordium Wildlife","floor":7.0,"turns":2.0},{"damage":24.0,"enemies":"Gremlin Nob","floor":8.0,"turns":5.0},{"damage":25.0,"enemies":"Lagavulin","floor":10.0,"turns":4.0},{"damage":1.0,"enemies":"Blue Slaver","floor":12.0,"turns":2.0},{"damage":6.0,"enemies":"2 Fungi Beasts","floor":13.0,"turns":4.0},{"damage":8.0,"enemies":"Looter","floor":14.0,"turns":4.0},{"damage":18,"enemies":"The Guardian","floor":16,"turns":13},{"damage":21,"enemies":"3 Byrds","floor":18,"turns":3}],"seed_played":"8750308569621513989","potions_obtained":[{"floor":5.0,"key":"SpeedPotion"},{"floor":5.0,"key":"Weak Potion"},{"floor":5.0,"key":"Dexterity Potion"},{"floor":7.0,"key":"Block Potion"},{"floor":8.0,"key":"AttackPotion"},{"floor":10.0,"key":"Strength Potion"}],"is_trial":false,"path_per_floor":["M","M","M","?","?","E","M","E","T","E","R","M","M","M","R","B",null,"M"],"character_chosen":"IRONCLAD","items_purchased":[],"campfire_rested":0,"item_purchase_floors":[],"current_hp_per_floor":[65,71,76,76,76,26,32,14,14,37,37,42,42,40,40,28,67,46,46],"gold":536,"neow_bonus":"ONE_RANDOM_RARE_CARD","is_daily":false,"chose_seed":false,"campfire_upgraded":2,"win_rate":0.0,"timestamp":1611120919,"path_taken":["M","M","M","?","?","E","M","E","T","E","R","M","M","M","R","BOSS","M"],"items_purchased_type":[],"build_version":"2020-12-22","purchased_purges":0,"victory":false,"max_hp_per_floor":[80,80,80,80,80,80,80,80,80,80,80,80,80,80,80,80,80,80,80],"card_choices":[{"not_picked":["Cleave","Flex","Whirlwind"],"picked":"SKIP","floor":1.0},{"not_picked":["Hemokinesis","Searing Blow","Anger"],"picked":"SKIP","floor":2.0},{"not_picked":["Clothesline","Sword Boomerang"],"picked":"Body Slam","floor":3.0},{"not_picked":["Flex","Bloodletting"],"picked":"Wild Strike","floor":6.0},{"not_picked":["Heavy Blade","Spot Weakness","Sever Soul"],"picked":"SKIP","floor":7.0},{"not_picked":["Double Tap","Dual Wield"],"picked":"Shrug It Off","floor":8.0},{"not_picked":["Clothesline+1","Clash+1","Havoc"],"picked":"SKIP","floor":10.0},{"not_picked":["Clash+1","Twin Strike+1"],"picked":"Exhume","floor":12.0},{"not_picked":["Twin Strike+1","Sword Boomerang+1"],"picked":"Iron Wave+1","floor":13.0},{"not_picked":["Perfected Strike+1","Sword Boomerang+1","Twin Strike+1"],"picked":"SKIP","floor":14.0},{"not_picked":["Berserk","Fiend Fire+1"],"picked":"Corruption","floor":16}],"player_experience":85080,"relics_obtained":[{"floor":6.0,"key":"Thread and Needle"},{"floor":8.0,"key":"Lizard Tail"},{"floor":9.0,"key":"Molten Egg 2"},{"floor":10.0,"key":"MawBank"}],"event_choices":[{"damage_healed":0.0,"max_hp_gain":0.0,"max_hp_loss":0.0,"gold_gain":0.0,"event_name":"Liars Game","player_choice":"Ignored","floor":4.0,"gold_loss":0.0,"damage_taken":0.0},{"damage_healed":0.0,"max_hp_gain":0.0,"max_hp_loss":0.0,"gold_gain":0.0,"event_name":"The Woman in Blue","player_choice":"Bought 3 Potions","floor":5.0,"gold_loss":0.0,"damage_taken":0.0}],"is_beta":false,"boss_relics":[{"not_picked":["Black Blood","Busted Crown"],"picked":"Runic Pyramid"}],"items_purged_floors":[],"is_endless":false,"potions_floor_spawned":[7,8,10],"killed_by":"3 Byrds","ascension_level":10}}