{"host":"k8gerrcpv9xe1nxe","time":1611113424,"event":{"mods":["2.2 Compatiblity","AchievementEnabler","BaseMod","Bestiary","Minty Spire (QoL Compilation)","Relic Stats","StSLib"],"gold_per_floor":[117,117,128,141,1,33,33,60,86,86,100,112,112,142,142,246,246,258,258,275,275,285,313,313,347,347,347,378,394,406,421,421,516,516,533,458,507,507,524,524,524,558,558,558,581,623,646,195,195,195],"floor_reached":51,"language":"ENG","playtime":2102,"items_purged":["Strike_R"],"score":1262,"play_id":"d4a0f089-1cdb-4df8-8dd8-fe18efe3f33b","local_time":"20210119223024","is_ascension_mode":true,"campfire_choices":[{"data":"Immolate","floor":7,"key":"SMITH"},{"data":"Armaments","floor":10,"key":"SMITH"},{"data":"Impervious","floor":15,"key":"SMITH"},{"data":"Spot Weakness","floor":24,"key":"SMITH"},{"floor":27,"key":"REST"},{"data":"Burning Pact","floor":32,"key":"SMITH"},{"floor":40,"key":"REST"},{"data":"Exhume","floor":44,"key":"SMITH"},{"data":"Corruption","floor":49,"key":"SMITH"}],"circlet_count":0,"master_deck":["AscendersBane","Defend_R","Defend_R","Defend_R","Defend_R","Bash+1","Carnage+1","Evolve","Dropkick","Impervious+1","Immolate+1","Armaments+1","Shrug It Off","Thunderclap","Dropkick","Reaper","Spot Weakness+1","Flame Barrier+1","Second Wind","Burning Pact+1","Corruption+1","Immolate+1","Ghostly Armor+1","Exhume+1","True Grit+1","Shockwave"],"relics":["Runic Pyramid","Happy Flower","Strawberry","Akabeko","Pen Nib","Mark of Pain","Letter Opener","Bottled Lightning","Mercury Hourglass","Paper Frog","Tiny Chest","Astrolabe","Lizard Tail","Whetstone","White Beast Statue","MawBank","PreservedInsect","Sling","Mummified Hand"],"acts_visited":["Exordium","TheCity","TheBeyond"],"potions_floor_usage":[8,20,23,23,28,37,50,50,50],"damage_taken":[{"damage":5,"enemies":"Jaw Worm","floor":1,"turns":9},{"damage":0,"enemies":"Small Slimes","floor":3,"turns":3},{"damage":1,"enemies":"Cultist","floor":4,"turns":3},{"damage":26,"enemies":"Gremlin Nob","floor":6,"turns":5},{"damage":15,"enemies":"Lagavulin","floor":8,"turns":5},{"damage":0,"enemies":"Exordium Wildlife","floor":11,"turns":2},{"damage":6,"enemies":"Lots of Slimes","floor":12,"turns":3},{"damage":0,"enemies":"Gremlin Nob","floor":14,"turns":2},{"damage":3,"enemies":"The Guardian","floor":16,"turns":13},{"damage":0,"enemies":"Chosen","floor":18,"turns":3},{"damage":20,"enemies":"2 Thieves","floor":20,"turns":3},{"damage":9,"enemies":"Centurion and Healer","floor":22,"turns":3},{"damage":31,"enemies":"Book of Stabbing","floor":23,"turns":5},{"damage":43,"enemies":"Gremlin Leader","floor":25,"turns":7},{"damage":9,"enemies":"Book of Stabbing","floor":28,"turns":4},{"damage":0,"enemies":"3 Cultists","floor":29,"turns":3},{"damage":0,"enemies":"Cultist and Chosen","floor":30,"turns":4},{"damage":22,"enemies":"Snecko","floor":31,"turns":5},{"damage":33,"enemies":"Champ","floor":33,"turns":7},{"damage":3,"enemies":"Orb Walker","floor":35,"turns":4},{"damage":38,"enemies":"2 Orb Walkers","floor":37,"turns":4},{"damage":0,"enemies":"3 Shapes","floor":39,"turns":2},{"damage":20,"enemies":"Reptomancer","floor":42,"turns":8},{"damage":25,"enemies":"Giant Head","floor":46,"turns":6},{"damage":12,"enemies":"3 Darklings","floor":47,"turns":5},{"damage":112,"enemies":"Time Eater","floor":50,"turns":15}],"seed_played":"-7199973311568897623","potions_obtained":[{"floor":1,"key":"LiquidBronze"},{"floor":4,"key":"GamblersBrew"},{"floor":8,"key":"SteroidPotion"},{"floor":12,"key":"Weak Potion"},{"floor":22,"key":"ColorlessPotion"},{"floor":25,"key":"LiquidBronze"},{"floor":28,"key":"SkillPotion"},{"floor":31,"key":"Swift Potion"},{"floor":33,"key":"Explosive Potion"},{"floor":46,"key":"Weak Potion"}],"is_trial":false,"path_per_floor":["M","?","M","M","$","E","R","E","T","R","M","M","?","E","R","B",null,"M","?","M","?","M","E","R","E","T","R","E","M","M","M","R","B",null,"M","$","?","?","M","R","?","E","T","R","T","E","M","$","R","B",null],"character_chosen":"IRONCLAD","items_purchased":["Impervious","Sling","Mummified Hand","Shockwave"],"campfire_rested":2,"item_purchase_floors":[5,48,48,48],"current_hp_per_floor":[67,67,67,66,66,40,40,32,32,32,32,26,26,26,26,23,71,77,77,81,81,86,67,67,46,46,72,63,86,86,80,80,51,78,75,75,56,56,56,82,82,70,70,70,70,65,83,83,83,41],"gold":195,"neow_bonus":"BOSS_RELIC","is_daily":false,"chose_seed":false,"campfire_upgraded":7,"win_rate":0.0,"timestamp":1611113424,"path_taken":["M","?","M","M","$","E","R","E","T","R","M","M","?","E","R","BOSS","M","?","M","?","?","E","R","E","T","R","E","M","M","M","R","BOSS","M","$","?","?","M","R","?","E","T","R","?","E","?","?","R","BOSS"],"items_purchased_type":["Card","Relic","Relic","Card"],"build_version":"2020-12-22","purchased_purges":1,"victory":true,"max_hp_per_floor":[80,80,80,80,80,80,80,87,87,87,87,87,87,87,87,87,87,87,87,87,87,87,87,87,87,87,87,87,87,87,87,87,87,87,87,87,87,87,87,87,83,83,83,83,83,83,83,83,83,83],"relic_stats":{"Happy Flower":[37],"counters":[26,133],"Astrolabe":["Immolate","Ghostly Armor","Evolve"],"Pen Nib":[17],"PreservedInsect":0,"Letter Opener":[174],"Whetstone":["Bash","Carnage"],"MawBank":36,"Mercury Hourglass":[294],"Lizard Tail":41,"Mummified Hand":[4],"Tiny Chest":1,"obtain_stats":[{"Happy Flower":6,"Astrolabe":34,"Pen Nib":14,"PreservedInsect":46,"Letter Opener":21,"Whetstone":42,"MawBank":45,"Sling":48,"Burning Blood":0,"Akabeko":9,"White Beast Statue":43,"Mercury Hourglass":25,"Lizard Tail":37,"Mummified Hand":48,"Strawberry":8,"Tiny Chest":28,"Mark of Pain":17,"Bottled Lightning":23,"Runic Pyramid":0,"Paper Frog":26},{"Happy Flower":4,"Astrolabe":19,"Pen Nib":8,"PreservedInsect":24,"Letter Opener":11,"Whetstone":23,"MawBank":23,"Sling":25,"Burning Blood":0,"Akabeko":5,"White Beast Statue":23,"Mercury Hourglass":14,"Lizard Tail":21,"Mummified Hand":25,"Strawberry":5,"Tiny Chest":15,"Mark of Pain":9,"Bottled Lightning":13,"Runic Pyramid":0,"Paper Frog":14},{"Happy Flower":20,"Astrolabe":89,"Pen Nib":32,"PreservedInsect":113,"Letter Opener":51,"Whetstone":107,"MawBank":107,"Sling":118,"Burning Blood":0,"Akabeko":25,"White Beast Statue":107,"Mercury Hourglass":66,"Lizard Tail":97,"Mummified Hand":118,"Strawberry":25,"Tiny Chest":70,"Mark of Pain":45,"Bottled Lightning":59,"Runic Pyramid":0,"Paper Frog":66}]},"card_choices":[{"not_picked":["Thunderclap","Armaments"],"picked":"Carnage","floor":1},{"not_picked":["Clash","Clothesline","Sever Soul"],"picked":"SKIP","floor":3},{"not_picked":["Headbutt","Power Through"],"picked":"Dropkick","floor":4},{"not_picked":["Shrug It Off","Twin Strike"],"picked":"Immolate","floor":6},{"not_picked":["Heavy Blade","Searing Blow"],"picked":"Armaments","floor":8},{"not_picked":["Clash","Twin Strike"],"picked":"Shrug It Off","floor":11},{"not_picked":["Feel No Pain","Wild Strike"],"picked":"Thunderclap","floor":12},{"not_picked":["Clothesline","Warcry"],"picked":"Dropkick","floor":14},{"not_picked":["Immolate","Demon Form"],"picked":"Reaper","floor":16},{"not_picked":["Perfected Strike","Warcry","Twin Strike"],"picked":"SKIP","floor":18},{"not_picked":["Searing Blow","Pommel Strike"],"picked":"Spot Weakness","floor":20},{"not_picked":["Armaments","Twin Strike+1","Cleave+1"],"picked":"SKIP","floor":22},{"not_picked":["Impervious","Burning Pact+1"],"picked":"Flame Barrier+1","floor":23},{"not_picked":["Thunderclap","Shockwave","Clothesline+1"],"picked":"SKIP","floor":25},{"not_picked":["Body Slam","Sever Soul"],"picked":"Second Wind","floor":28},{"not_picked":["Ghostly Armor","Shrug It Off+1","Heavy Blade+1"],"picked":"SKIP","floor":29},{"not_picked":["Pommel Strike","Warcry","Clothesline+1"],"picked":"SKIP","floor":30},{"not_picked":["Second Wind","Thunderclap+1"],"picked":"Burning Pact","floor":31},{"not_picked":["Demon Form","Impervious"],"picked":"Corruption","floor":33},{"not_picked":["Wild Strike+1","Anger+1","Heavy Blade+1"],"picked":"SKIP","floor":35},{"not_picked":["Cleave+1","Twin Strike+1","Flex+1"],"picked":"SKIP","floor":39},{"not_picked":["Searing Blow","Pummel"],"picked":"Exhume","floor":42},{"not_picked":["Searing Blow+1","Havoc","Evolve+1"],"picked":"SKIP","floor":46},{"not_picked":["Body Slam+1","Sentinel+1"],"picked":"True Grit+1","floor":47}],"player_experience":142576,"relics_obtained":[{"floor":6,"key":"Happy Flower"},{"floor":8,"key":"Strawberry"},{"floor":9,"key":"Akabeko"},{"floor":14,"key":"Pen Nib"},{"floor":23,"key":"Bottled Lightning"},{"floor":25,"key":"Mercury Hourglass"},{"floor":26,"key":"Paper Frog"},{"floor":28,"key":"Tiny Chest"},{"floor":37,"key":"Lizard Tail"},{"floor":42,"key":"Whetstone"},{"floor":43,"key":"White Beast Statue"},{"floor":45,"key":"MawBank"},{"floor":46,"key":"PreservedInsect"}],"event_choices":[{"damage_healed":0,"gold_gain":0,"cards_transformed":["Strike_R"],"player_choice":"Change","damage_taken":0,"max_hp_gain":0,"max_hp_loss":0,"event_name":"Living Wall","floor":2,"gold_loss":0,"cards_obtained":["Evolve"]},{"damage_healed":0,"gold_gain":0,"player_choice":"Got Potions","damage_taken":0,"max_hp_gain":0,"max_hp_loss":0,"event_name":"Lab","floor":13,"gold_loss":0},{"damage_healed":0,"gold_gain":0,"player_choice":"Ignored","damage_taken":0,"max_hp_gain":0,"max_hp_loss":0,"event_name":"Vampires","floor":19,"gold_loss":0},{"damage_healed":0,"gold_gain":0,"player_choice":"Gave Potion","damage_taken":0,"relics_obtained":["Letter Opener"],"max_hp_gain":0,"max_hp_loss":0,"event_name":"WeMeetAgain","floor":21,"gold_loss":0},{"damage_healed":0,"gold_gain":0,"player_choice":"Fight","damage_taken":0,"max_hp_gain":0,"max_hp_loss":0,"event_name":"Mysterious Sphere","floor":37,"gold_loss":0},{"cards_removed":["Evolve"],"damage_healed":0,"gold_gain":0,"player_choice":"Removed Power","damage_taken":0,"max_hp_gain":0,"max_hp_loss":0,"event_name":"Falling","floor":38,"gold_loss":0},{"damage_healed":0,"gold_gain":0,"player_choice":"Max HP","damage_taken":0,"max_hp_gain":0,"max_hp_loss":4,"event_name":"Winding Halls","floor":41,"gold_loss":0}],"is_beta":false,"boss_relics":[{"not_picked":["Velvet Choker","Ectoplasm"],"picked":"Mark of Pain"},{"not_picked":["Tiny House","Busted Crown"],"picked":"Astrolabe"}],"items_purged_floors":[36],"is_endless":false,"potions_floor_spawned":[1,4,8,12,16,22,25,28,31,33,35,46,47],"ascension_level":10}}