{"host":"k7udt7atmcuzf6l0","time":1611131222,"event":{"mods":["AchievementEnabler","BaseMod","Colored Map","Colored Powertips","Highlight Path","Minty Spire (QoL Compilation)","Quick Restart","Rare Cards Sparkle","StSLib","UnlockEverythingMod"],"gold_per_floor":[110,110,124,53,53,97,97,116,116,116,134,158,158,174,174,293,293,307,222,497,36,51,89,89,113,113,131,164,184,7,21,21,21,21],"floor_reached":33,"language":"ZHT","playtime":826,"items_purged":["Regret"],"score":314,"play_id":"185466ee-0a8d-4064-ba0a-a6ea7445d633","local_time":"20210120162702","is_ascension_mode":false,"campfire_choices":[{"data":"Flex","floor":7.0,"key":"SMITH"},{"data":"Armaments","floor":10.0,"key":"SMITH"},{"data":"Limit Break","floor":13.0,"key":"SMITH"},{"data":"Warcry","floor":15.0,"key":"SMITH"},{"data":"Apotheosis","floor":24,"key":"SMITH"},{"data":"Dual Wield","floor":32,"key":"SMITH"}],"circlet_count":0,"master_deck":["Strike_R","Strike_R","Strike_R","Strike_R","Strike_R","Defend_R","Defend_R","Defend_R","Defend_R","Bash","Shrug It Off","Flex+1","Battle Trance","Warcry+1","Impatience","Bloodletting","Twin Strike","Armaments+1","Limit Break+1","Cleave","Sword Boomerang","Berserk","Shockwave","Apotheosis+1","Pommel Strike","Twin Strike+1","Thunderclap+1","Headbutt+1","Clash+1","Body Slam+1","Dual Wield+1"],"relics":["Burning Blood","NeowsBlessing","Golden Idol","StrikeDummy","Regal Pillow","Coffee Dripper","InkBottle","Membership Card","Anchor","Omamori","Molten Egg 2","Ancient Tea Set","White Beast Statue","Orichalcum","Brimstone"],"acts_visited":["Exordium","TheCity"],"potions_floor_usage":[23,31],"damage_taken":[{"damage":0.0,"enemies":"2 Louse","floor":1.0,"turns":1.0},{"damage":0.0,"enemies":"Small Slimes","floor":3.0,"turns":1.0},{"damage":0.0,"enemies":"3 Sentries","floor":6.0,"turns":2.0},{"damage":0.0,"enemies":"Cultist","floor":8.0,"turns":2.0},{"damage":2.0,"enemies":"Exordium Thugs","floor":11.0,"turns":3.0},{"damage":1.0,"enemies":"2 Fungi Beasts","floor":12.0,"turns":3.0},{"damage":0.0,"enemies":"Red Slaver","floor":14.0,"turns":2.0},{"damage":50.0,"enemies":"Hexaghost","floor":16.0,"turns":9.0},{"damage":15.0,"enemies":"3 Byrds","floor":18.0,"turns":4.0},{"damage":5.0,"enemies":"2 Thieves","floor":22.0,"turns":2.0},{"damage":7,"enemies":"Gremlin Leader","floor":23,"turns":3},{"damage":22,"enemies":"Centurion and Healer","floor":25,"turns":4},{"damage":3,"enemies":"3 Cultists","floor":27,"turns":3},{"damage":47,"enemies":"Book of Stabbing","floor":28,"turns":5},{"damage":21,"enemies":"Snake Plant","floor":29,"turns":3},{"damage":2,"enemies":"Snecko","floor":31,"turns":3},{"damage":19,"enemies":"Automaton","floor":33,"turns":4}],"seed_played":"-4738855359182263117","potions_obtained":[{"floor":3.0,"key":"LiquidBronze"},{"floor":8.0,"key":"Regen Potion"},{"floor":11.0,"key":"ElixirPotion"},{"floor":16.0,"key":"Explosive Potion"},{"floor":18.0,"key":"EntropicBrew"},{"floor":25,"key":"BlessingOfTheForge"},{"floor":29,"key":"SneckoOil"},{"floor":31,"key":"SpeedPotion"}],"is_trial":false,"path_per_floor":["M","?","M","$","?","E","R","M","T","R","M","M","R","M","R","B",null,"M","?","?","$","M","E","R","M","T","M","E","M","$","M","R","B"],"character_chosen":"IRONCLAD","items_purchased":["Battle Trance","Membership Card","Anchor","Omamori","Apotheosis","Pommel Strike","Orichalcum","Brimstone","Body Slam+1"],"campfire_rested":0,"item_purchase_floors":[4,21,21,21,21,21,30,30,30],"current_hp_per_floor":[80,60,66,66,66,72,72,78,78,78,80,80,80,80,80,50,80,71,71,71,71,77,76,76,60,60,63,22,7,7,11,11,0,0],"gold":21,"neow_bonus":"THREE_ENEMY_KILL","is_daily":false,"chose_seed":false,"campfire_upgraded":6,"win_rate":0.0,"timestamp":1611131222,"path_taken":["M","?","M","$","?","E","R","M","T","R","?","M","R","M","R","BOSS","M","?","?","$","M","E","R","M","T","M","E","?","?","M","R","BOSS"],"items_purchased_type":["Card","Relic","Relic","Relic","Card","Card","Relic","Relic","Card"],"build_version":"2020-12-22","purchased_purges":1,"victory":false,"max_hp_per_floor":[80,80,80,80,80,80,80,80,80,80,80,80,80,80,80,80,80,80,80,80,80,80,80,80,80,80,80,80,80,80,80,80,80,80],"card_choices":[{"not_picked":["Perfected Strike","Metallicize"],"picked":"Shrug It Off","floor":1.0},{"not_picked":["Entrench","Rage"],"picked":"Flex","floor":3.0},{"not_picked":["Bloodletting","Clothesline"],"picked":"Twin Strike","floor":6.0},{"not_picked":["Twin Strike","Flex"],"picked":"Armaments","floor":8.0},{"not_picked":["Power Through","Flex"],"picked":"Limit Break","floor":11.0},{"not_picked":["Evolve","Shrug It Off"],"picked":"Cleave","floor":12.0},{"not_picked":["Reckless Charge","Power Through"],"picked":"Sword Boomerang","floor":14.0},{"not_picked":["Brutality","Exhume"],"picked":"Berserk","floor":16.0},{"not_picked":["Flex+1","Heavy Blade"],"picked":"Shockwave","floor":18.0},{"not_picked":["Reckless Charge","Disarm+1","Heavy Blade"],"picked":"SKIP","floor":22.0},{"not_picked":["Heavy Blade+1","Battle Trance"],"picked":"Twin Strike+1","floor":23},{"not_picked":["Havoc+1","Rage"],"picked":"Thunderclap+1","floor":25},{"not_picked":["Battle Trance","Uppercut+1"],"picked":"Headbutt+1","floor":27},{"not_picked":["Sever Soul+1","Fire Breathing","Metallicize"],"picked":"SKIP","floor":28},{"not_picked":["Hemokinesis+1","Infernal Blade"],"picked":"Clash+1","floor":29},{"not_picked":["Clash+1","Dropkick+1"],"picked":"Dual Wield","floor":31}],"player_experience":89972,"relics_obtained":[{"floor":6.0,"key":"StrikeDummy"},{"floor":9.0,"key":"Regal Pillow"},{"floor":23,"key":"Molten Egg 2"},{"floor":26,"key":"Ancient Tea Set"},{"floor":28,"key":"White Beast Statue"}],"event_choices":[{"damage_healed":0.0,"max_hp_gain":0.0,"max_hp_loss":0.0,"gold_gain":0.0,"event_name":"Golden Idol","player_choice":"Take Damage","floor":2.0,"gold_loss":0.0,"damage_taken":20.0,"relics_obtained":["Golden Idol"]},{"damage_healed":0.0,"max_hp_gain":0.0,"max_hp_loss":0.0,"gold_gain":0.0,"event_name":"Match and Keep!","player_choice":"3 cards matched","floor":5.0,"gold_loss":0.0,"damage_taken":0.0,"cards_obtained":["Warcry","Impatience","Bloodletting"]},{"damage_healed":0.0,"max_hp_gain":0.0,"max_hp_loss":0.0,"gold_gain":0.0,"event_name":"Addict","player_choice":"Obtained Relic","floor":19.0,"gold_loss":85.0,"damage_taken":0.0,"relics_obtained":["InkBottle"]},{"damage_healed":0.0,"max_hp_gain":0.0,"max_hp_loss":0.0,"gold_gain":275.0,"event_name":"Golden Shrine","player_choice":"Desecrate","floor":20.0,"gold_loss":0.0,"damage_taken":0.0,"cards_obtained":["Regret"]}],"is_beta":false,"boss_relics":[{"not_picked":["Calling Bell","Runic Dome"],"picked":"Coffee Dripper"}],"items_purged_floors":[21],"is_endless":false,"potions_floor_spawned":[3,8,11,16,18,25,29,31],"killed_by":"Automaton","ascension_level":0}}