{"host":"oigynbtg272c19pw","time":1611141556,"event":{"mods":["BaseMod","Colored Map","Minty Spire (QoL Compilation)","Relic Stats","Slay the Relics Exporter","StSLib"],"gold_per_floor":[119,137,150,75,86,86,86,86,112,112,151,180,201,235,235,318,318,338,23,47,30,39,39,39,39],"floor_reached":24,"playtime":1180,"items_purged":["Strike_G"],"score":412,"play_id":"d687b717-c188-4345-a615-3e8db420704c","local_time":"20210120121916","is_ascension_mode":true,"campfire_choices":[{"data":"Magnetism","floor":6.0,"key":"SMITH"},{"data":"Predator","floor":8.0,"key":"SMITH"},{"data":"Dash","floor":10.0,"key":"SMITH"},{"data":"Burst","floor":15.0,"key":"SMITH"},{"floor":23,"key":"REST"}],"circlet_count":0,"master_deck":["AscendersBane","Strike_G","Strike_G","Strike_G","Strike_G","Defend_G","Defend_G","Defend_G","Defend_G","Defend_G","Survivor","Neutralize","Magnetism+1","Predator+1","Dash+1","Backflip+1","Blade Dance","Expertise","Accuracy","Backstab","Burst+1","Malaise","Flechettes","Terror","Catalyst","Deadly Poison","Shame"],"relics":["Ring of the Snake","CeramicFish","Pen Nib","InkBottle","Cursed Key","Potion Belt","Centennial Puzzle"],"acts_visited":["Exordium","TheCity"],"potions_floor_usage":[24,24],"damage_taken":[{"damage":5.0,"enemies":"Cultist","floor":1.0,"turns":5.0},{"damage":3.0,"enemies":"2 Louse","floor":2.0,"turns":3.0},{"damage":2.0,"enemies":"Jaw Worm","floor":3.0,"turns":3.0},{"damage":0.0,"enemies":"2 Fungi Beasts","floor":5.0,"turns":6.0},{"damage":3.0,"enemies":"Gremlin Nob","floor":11.0,"turns":3.0},{"damage":5.0,"enemies":"3 Louse","floor":12.0,"turns":4.0},{"damage":8.0,"enemies":"Large Slime","floor":13.0,"turns":5.0},{"damage":2.0,"enemies":"3 Sentries","floor":14.0,"turns":8.0},{"damage":21.0,"enemies":"Hexaghost","floor":16.0,"turns":13.0},{"damage":37.0,"enemies":"Chosen","floor":18.0,"turns":6.0},{"damage":2,"enemies":"2 Thieves","floor":20,"turns":4},{"damage":35,"enemies":"Gremlin Leader","floor":24,"turns":6}],"seed_played":"-652976884021327175","potions_obtained":[{"floor":2.0,"key":"AttackPotion"},{"floor":3.0,"key":"Fire Potion"},{"floor":14.0,"key":"SkillPotion"},{"floor":18.0,"key":"Swift Potion"},{"floor":20,"key":"Swift Potion"}],"is_trial":false,"path_per_floor":["M","M","M","?","M","R","?","R","T","R","E","M","M","E","R","B",null,"M","$","M","$","?","R","E"],"character_chosen":"THE_SILENT","items_purchased":["Potion Belt","Terror","Deadly Poison"],"campfire_rested":1,"item_purchase_floors":[19,19,21],"current_hp_per_floor":[54,51,49,49,49,49,49,49,49,49,46,41,33,31,31,10,52,15,15,13,13,13,32,0,0],"gold":39,"neow_bonus":"RANDOM_COLORLESS_2","is_daily":false,"chose_seed":false,"campfire_upgraded":4,"win_rate":0.0,"timestamp":1611141556,"path_taken":["M","M","M","?","M","R","?","R","T","R","E","?","M","E","R","BOSS","M","$","M","$","?","R","E"],"items_purchased_type":["Relic","Card","Card"],"build_version":"2020-12-13","purchased_purges":1,"victory":false,"max_hp_per_floor":[66,66,66,66,66,66,66,66,66,66,66,66,66,66,66,66,66,66,66,66,66,66,66,66,66],"relic_stats":{"Centennial Puzzle":[3],"counters":[12,66],"CeramicFish":90,"Pen Nib":[9],"Cursed Key":0,"obtain_stats":[{"Potion Belt":19,"Centennial Puzzle":22,"CeramicFish":9,"Pen Nib":11,"Cursed Key":17,"InkBottle":14,"Ring of the Snake":0},{"Potion Belt":10,"Centennial Puzzle":11,"CeramicFish":4,"Pen Nib":5,"Cursed Key":9,"InkBottle":8,"Ring of the Snake":0},{"Potion Belt":56,"Centennial Puzzle":60,"CeramicFish":17,"Pen Nib":20,"Cursed Key":50,"InkBottle":37,"Ring of the Snake":0}],"InkBottle":[12],"Ring of the Snake":[24]},"card_choices":[{"not_picked":["Transmutation","Metamorphosis"],"picked":"Magnetism","floor":0.0},{"not_picked":["Blur","Deflect"],"picked":"Predator","floor":1.0},{"not_picked":["Reflex","Dagger Spray"],"picked":"Dash","floor":2.0},{"not_picked":["Acrobatics","Poisoned Stab"],"picked":"Backflip","floor":3.0},{"not_picked":["Deflect","Eviscerate"],"picked":"Blade Dance","floor":5.0},{"not_picked":["Heel Hook","Eviscerate"],"picked":"Expertise","floor":11.0},{"not_picked":["Riddle With Holes","Setup"],"picked":"Accuracy","floor":12.0},{"not_picked":["Backflip","Cloak And Dagger"],"picked":"Backstab","floor":13.0},{"not_picked":["Choke","Outmaneuver"],"picked":"Burst","floor":14.0},{"not_picked":["Burst","Grand Finale"],"picked":"Malaise","floor":16.0},{"not_picked":["Dash","Dagger Spray"],"picked":"Flechettes","floor":18.0},{"not_picked":["Acrobatics","Dagger Spray"],"picked":"Catalyst","floor":20}],"player_experience":1443370,"relics_obtained":[{"floor":9.0,"key":"CeramicFish"},{"floor":11.0,"key":"Pen Nib"},{"floor":14.0,"key":"InkBottle"}],"event_choices":[{"cards_removed":["Clumsy"],"damage_healed":0.0,"max_hp_gain":0.0,"max_hp_loss":0.0,"gold_gain":0.0,"event_name":"The Cleric","player_choice":"Card Removal","floor":4.0,"gold_loss":75.0,"damage_taken":0.0},{"damage_healed":0.0,"max_hp_gain":0.0,"max_hp_loss":0.0,"gold_gain":0.0,"event_name":"Accursed Blacksmith","player_choice":"Forge","floor":7.0,"gold_loss":0.0,"damage_taken":0.0,"cards_upgraded":["Backflip"]},{"damage_healed":0,"gold_gain":0,"player_choice":"Stole Relic","damage_taken":0,"relics_obtained":["Centennial Puzzle"],"max_hp_gain":0,"max_hp_loss":0,"event_name":"Addict","floor":22,"gold_loss":0,"cards_obtained":["Shame"]}],"is_beta":false,"boss_relics":[{"not_picked":["Empty Cage","Astrolabe"],"picked":"Cursed Key"}],"items_purged_floors":[19],"is_endless":false,"potions_floor_spawned":[2,3,5,14,18,20],"killed_by":"Gremlin Leader","ascension_level":20}}