{"host":"70zhvo5nwrhp1mbg","time":1611164878,"event":{"mods":["BaseMod","Colored Map","Colored Powertips","Filter the Spire","Highlight Path","Minty Spire (QoL Compilation)","Rare Cards Sparkle","StSLib"],"gold_per_floor":[17,29,42,60,60,92,92,118,189,189,222,241,264,277,277,398,398,419,419,433,145,161,161,85,98,98,98,98,25,25,25,25],"floor_reached":31,"language":"ENG","playtime":4471,"items_purged":[],"score":359,"play_id":"452d01b3-8f0e-49f7-85b5-aa7caf491aa3","local_time":"20210120124758","is_ascension_mode":true,"campfire_choices":[{"floor":7,"key":"REST"},{"floor":15,"key":"REST"},{"floor":23,"key":"REST"},{"floor":27,"key":"REST"},{"data":"True Grit","floor":30,"key":"SMITH"}],"circlet_count":0,"master_deck":["Strike_R","Strike_R","Strike_R","Strike_R","Strike_R","Defend_R","Defend_R","Defend_R","Defend_R+1","Bash","Pommel Strike","Heavy Blade","Shrug It Off+1","Anger","Pommel Strike","Flame Barrier","Battle Trance","Anger","Clothesline","Double Tap","Flex","Infernal Blade","True Grit","Carnage","Shrug It Off","Cleave","True Grit+1","Flame Barrier","Writhe","Feed"],"relics":["Burning Blood","Regal Pillow","Girya","Kunai","Golden Idol","War Paint","Black Star","Blood Vial","Smiling Mask","Bronze Scales"],"acts_visited":["Exordium","TheCity"],"potions_floor_usage":[8,11,14,16,16,22,22,22,31],"damage_taken":[{"damage":8,"enemies":"2 Louse","floor":1,"turns":3},{"damage":4,"enemies":"Jaw Worm","floor":2,"turns":5},{"damage":1,"enemies":"Cultist","floor":3,"turns":3},{"damage":7,"enemies":"2 Fungi Beasts","floor":4,"turns":4},{"damage":52,"enemies":"3 Sentries","floor":6,"turns":12},{"damage":39,"enemies":"Lagavulin","floor":8,"turns":8},{"damage":36,"enemies":"Gremlin Nob","floor":11,"turns":5},{"damage":20,"enemies":"Large Slime","floor":12,"turns":6},{"damage":0,"enemies":"Looter","floor":13,"turns":4},{"damage":13,"enemies":"Exordium Thugs","floor":14,"turns":6},{"damage":32,"enemies":"The Guardian","floor":16,"turns":13},{"damage":12,"enemies":"3 Byrds","floor":18,"turns":5},{"damage":19,"enemies":"Shell Parasite","floor":20,"turns":8},{"damage":25,"enemies":"Centurion and Healer","floor":22,"turns":6},{"damage":60,"enemies":"Shelled Parasite and Fungi","floor":25,"turns":9},{"damage":90,"enemies":"Gremlin Leader","floor":31,"turns":7}],"seed_played":"-5844056607013188763","potions_obtained":[{"floor":6,"key":"Dexterity Potion"},{"floor":8,"key":"HeartOfIron"},{"floor":11,"key":"PowerPotion"},{"floor":12,"key":"Fire Potion"},{"floor":13,"key":"Block Potion"},{"floor":18,"key":"Swift Potion"},{"floor":20,"key":"Ancient Potion"},{"floor":25,"key":"EssenceOfSteel"}],"is_trial":false,"path_per_floor":["M","M","M","M","?","E","R","E","T","?","E","M","M","M","R","B",null,"M","?","M","$","M","R","$","M","T","R","?","$","R","E"],"character_chosen":"IRONCLAD","items_purchased":["Blood Vial","True Grit","Carnage","Fire Potion","Cleave","True Grit","Feed"],"campfire_rested":4,"item_purchase_floors":[21,21,21,21,24,24,29],"current_hp_per_floor":[86,88,93,92,92,46,89,56,56,56,26,12,18,11,54,28,79,73,73,60,60,43,86,86,34,34,77,77,77,77,0,0],"gold":25,"neow_bonus":"TWENTY_PERCENT_HP_BONUS","is_daily":false,"chose_seed":false,"campfire_upgraded":1,"win_rate":0.0,"timestamp":1611164878,"path_taken":["M","M","M","M","?","E","R","E","T","?","E","M","M","M","R","BOSS","M","?","M","$","M","R","?","M","T","R","?","$","R","E"],"items_purchased_type":["Relic","Card","Card","Potion","Card","Card","Card"],"build_version":"2020-12-22","purchased_purges":0,"victory":false,"max_hp_per_floor":[96,96,96,96,96,96,96,96,96,96,96,96,96,96,96,96,96,96,96,96,96,96,96,96,96,96,96,96,96,96,96,96],"card_choices":[{"not_picked":["Armaments","Warcry"],"picked":"Pommel Strike","floor":1},{"not_picked":["Headbutt","Dual Wield"],"picked":"Heavy Blade","floor":2},{"not_picked":["Body Slam","Havoc"],"picked":"Shrug It Off","floor":3},{"not_picked":["Dual Wield","Warcry"],"picked":"Anger","floor":4},{"not_picked":["Seeing Red","Fire Breathing","Sever Soul"],"picked":"SKIP","floor":6},{"not_picked":["Entrench","Heavy Blade"],"picked":"Pommel Strike","floor":8},{"not_picked":["Havoc","Power Through"],"picked":"Flame Barrier","floor":11},{"not_picked":["Limit Break","Pommel Strike"],"picked":"Battle Trance","floor":12},{"not_picked":["Perfected Strike","Wild Strike"],"picked":"Anger","floor":13},{"not_picked":["Havoc","Intimidate"],"picked":"Clothesline","floor":14},{"not_picked":["Barricade","Limit Break"],"picked":"Double Tap","floor":16},{"not_picked":["Headbutt","Battle Trance"],"picked":"Flex","floor":18},{"not_picked":["Armaments","Reckless Charge"],"picked":"Infernal Blade","floor":20},{"not_picked":["Seeing Red+1","Headbutt"],"picked":"Shrug It Off","floor":22},{"not_picked":["Pommel Strike+1","Bloodletting"],"picked":"Flame Barrier","floor":25}],"player_experience":400899,"relics_obtained":[{"floor":6,"key":"Regal Pillow"},{"floor":8,"key":"Girya"},{"floor":9,"key":"Kunai"},{"floor":11,"key":"War Paint"},{"floor":26,"key":"Smiling Mask"}],"event_choices":[{"damage_healed":0,"gold_gain":0,"player_choice":"Ignored","damage_taken":0,"max_hp_gain":0,"max_hp_loss":0,"event_name":"Liars Game","floor":5,"gold_loss":0},{"damage_healed":0,"gold_gain":0,"player_choice":"Take Wound","damage_taken":0,"relics_obtained":["Golden Idol"],"max_hp_gain":0,"max_hp_loss":0,"event_name":"Golden Idol","floor":10,"gold_loss":0,"cards_obtained":["Injury"]},{"cards_removed":["Injury"],"damage_healed":0,"gold_gain":0,"player_choice":"Removed Curses","damage_taken":0,"max_hp_gain":0,"max_hp_loss":0,"event_name":"Fountain of Cleansing","floor":19,"gold_loss":0},{"damage_healed":0,"gold_gain":0,"player_choice":"Opened","damage_taken":0,"relics_obtained":["Bronze Scales"],"max_hp_gain":0,"max_hp_loss":0,"event_name":"The Mausoleum","floor":28,"gold_loss":0,"cards_obtained":["Writhe"]}],"is_beta":false,"boss_relics":[{"not_picked":["Philosopher\u0027s Stone","Runic Cube"],"picked":"Black Star"}],"items_purged_floors":[],"is_endless":false,"potions_floor_spawned":[6,8,11,12,13,18,20,25],"killed_by":"Gremlin Leader","ascension_level":6}}