{"host":"25fn74ijs2305xd4","time":1611170046,"event":{"mods":["AchievementEnabler","BaseMod","Colored Map","Colored Powertips","Dark Map","Downfall","Minty Spire (QoL Compilation)","Relic Stats","StSLib"],"gold_per_floor":[114,189,199,149,215,249,249,150,177,196,10,10,43,63,63,168,168,183,196,207,217,217,217],"floor_reached":22,"language":"POL","playtime":882,"items_purged":["Strike_B","Defend_B"],"score":245,"play_id":"e7f197aa-6588-4b77-98dd-c3b7832fabb9","local_time":"20210120201406","is_ascension_mode":true,"campfire_choices":[{"floor":7,"key":"REST"},{"floor":12,"key":"REST"},{"floor":15,"key":"RECALL"}],"circlet_count":0,"master_deck":["Strike_B","Strike_B","Defend_B","Defend_B","Defend_B","Zap","Dualcast","Genetic Algorithm","Streamline","Streamline","FTL","Flash of Steel","Defragment","Streamline","Creative AI","Recycle","Coolheaded","Recycle+1"],"relics":["Fusion Hammer","Turnip","Dream Catcher","Snecko Eye"],"acts_visited":["Exordium","TheCity"],"potions_floor_usage":[19,20],"damage_taken":[{"damage":0,"enemies":"2 Louse","floor":1,"turns":2},{"damage":6,"enemies":"Jaw Worm","floor":3,"turns":4},{"damage":32,"enemies":"Lagavulin","floor":6,"turns":7},{"damage":0,"enemies":"Small Slimes","floor":10,"turns":3},{"damage":5,"enemies":"Gremlin Nob","floor":13,"turns":3},{"damage":13,"enemies":"Looter","floor":14,"turns":3},{"damage":23,"enemies":"Hexaghost","floor":16,"turns":9},{"damage":14,"enemies":"Shell Parasite","floor":18,"turns":5},{"damage":17,"enemies":"Chosen","floor":19,"turns":6},{"damage":35,"enemies":"3 Cultists","floor":20,"turns":6},{"damage":15,"enemies":"Shelled Parasite and Fungi","floor":21,"turns":5},{"damage":8,"enemies":"Chosen and Byrds","floor":22,"turns":3}],"seed_played":"-8348816223670905807","potions_obtained":[{"floor":3,"key":"SteroidPotion"},{"floor":6,"key":"FairyPotion"},{"floor":16,"key":"PowerPotion"},{"floor":19,"key":"Fire Potion"},{"floor":20,"key":"FearPotion"}],"is_trial":false,"path_per_floor":["M","?","M","?","?","E","R","$","T","M","$","R","E","M","R","B",null,"M","M","M","M","M"],"character_chosen":"DEFECT","items_purchased":["Streamline","Flash of Steel"],"campfire_rested":2,"item_purchase_floors":[8,11],"current_hp_per_floor":[75,64,58,58,58,26,48,48,48,48,48,70,65,52,52,29,64,50,33,22,7,0,0],"gold":217,"neow_bonus":"BOSS_RELIC","is_daily":false,"chose_seed":false,"campfire_upgraded":0,"win_rate":0.0,"timestamp":1611170046,"path_taken":["M","?","M","?","?","E","R","$","T","M","?","R","E","M","R","BOSS","M","M","M","M","M"],"items_purchased_type":["Card","Card"],"build_version":"2020-12-22","purchased_purges":2,"victory":false,"max_hp_per_floor":[75,75,75,75,75,75,75,75,75,75,75,75,75,75,75,75,75,75,75,75,75,75,75],"relic_stats":{"Dream Catcher":0,"counters":[12,55],"Snecko Eye":[40,46,54,40],"Turnip":[2],"obtain_stats":[{"Dream Catcher":13,"Snecko Eye":17,"Fusion Hammer":0,"Turnip":6,"Cracked Core":0},{"Dream Catcher":5,"Snecko Eye":7,"Fusion Hammer":0,"Turnip":3,"Cracked Core":0},{"Dream Catcher":19,"Snecko Eye":31,"Fusion Hammer":0,"Turnip":13,"Cracked Core":0}]},"card_choices":[{"not_picked":["Stack","Sunder"],"picked":"Genetic Algorithm","floor":1},{"not_picked":["Genetic Algorithm","Stack"],"picked":"Streamline","floor":3},{"not_picked":["Conserve Battery","Leap","Gash"],"picked":"SKIP","floor":6},{"not_picked":["Compile Driver","Conserve Battery"],"picked":"FTL","floor":10},{"not_picked":["Recycle","Streamline"],"picked":"Defragment","floor":13},{"not_picked":["Fission","Aggregate"],"picked":"Streamline","floor":14},{"not_picked":["Amplify","Electrodynamics"],"picked":"Creative AI","floor":16},{"not_picked":["Ball Lightning+1","White Noise"],"picked":"Recycle","floor":18},{"not_picked":["Compile Driver","Redo","Gash"],"picked":"SKIP","floor":19},{"not_picked":["Lockon","Auto Shields"],"picked":"Coolheaded","floor":20},{"not_picked":["Hologram","White Noise"],"picked":"Recycle+1","floor":21}],"player_experience":76621,"relics_obtained":[{"floor":6,"key":"Turnip"},{"floor":13,"key":"Dream Catcher"}],"event_choices":[{"damage_healed":0,"gold_gain":75,"player_choice":"Gather Gold","damage_taken":11,"max_hp_gain":0,"max_hp_loss":0,"event_name":"World of Goop","floor":2,"gold_loss":0},{"cards_removed":["Strike_B"],"damage_healed":0,"gold_gain":0,"player_choice":"Card Removal","damage_taken":0,"max_hp_gain":0,"max_hp_loss":0,"event_name":"The Cleric","floor":4,"gold_loss":50},{"damage_healed":0,"gold_gain":66,"player_choice":"Gained Gold","damage_taken":0,"max_hp_gain":0,"max_hp_loss":0,"event_name":"Golden Wing","floor":5,"gold_loss":0}],"is_beta":false,"boss_relics":[{"not_picked":["Inserter","Nuclear Battery"],"picked":"Snecko Eye"}],"items_purged_floors":[8,11],"is_endless":false,"potions_floor_spawned":[3,6,16,19,20],"killed_by":"Chosen and Byrds","ascension_level":5}}