{"host":"5unvcuco0qq3uuek","time":1611156272,"event":{"mods":["BaseMod","Downfall","Minty Spire (QoL Compilation)","StSLib"],"gold_per_floor":[99,99,99,99,99,199,246,262,262,278,42,58,58,58,70,166,166,166,166,166,179,36,47,74,89,89,119,119,119,19,32,51,51,51,51],"floor_reached":33,"language":"ENG","playtime":2166,"items_purged":["downfall:Bewildered","bronze:Strike"],"score":253,"play_id":"11e116df-9537-4a90-8cf9-249105d2f2e6","local_time":"20210120102432","is_ascension_mode":false,"campfire_choices":[{"data":"bronze:Replicate","floor":1,"key":"SMITH"},{"data":"bronze:CloningBeam","floor":9,"key":"SMITH"},{"data":"bronze:Mutator","floor":13,"key":"SMITH"},{"data":"bronze:AlphaBuild","floor":18,"key":"SMITH"},{"floor":30,"key":"REST"}],"circlet_count":0,"master_deck":["bronze:Strike","bronze:Defend","bronze:Defend","bronze:Defend","bronze:Defend","bronze:Replicate+1","bronze:Goto","bronze:Backtrace","bronze:CutThrough","bronze:GetLatest","bronze:Goto","bronze:Separator+1","bronze:CloningBeam+1","bronze:Mutator+1","Finesse","bronze:ForLoop","bronze:Verify","bronze:MaxOutput","bronze:WildBeam+1","bronze:AlphaBuild+1","bronze:BuggyMess","bronze:Shield","bronze:ShipIt","bronze:Turbo","bronze:BugBarrage+1","bronze:Repair"],"relics":["bronze:BronzeCore","downfall:HeartsMalice","downfall:GremlinSack","Orichalcum","Membership Card","Snecko Eye","Omamori","bronze:CableSpool","Whetstone","downfall:HeartBlessingGreen"],"acts_visited":["Exordium","TheCity"],"potions_floor_usage":[4,12],"damage_taken":[{"damage":0,"enemies":"Jaw Worm","floor":2,"turns":1},{"damage":0,"enemies":"Cultist","floor":5,"turns":1},{"damage":0,"enemies":"Cultist","floor":6,"turns":1},{"damage":0,"enemies":"Small Slimes","floor":8,"turns":2},{"damage":1,"enemies":"2 Fungi Beasts","floor":10,"turns":2},{"damage":15,"enemies":"downfall:FleeingMerchant","floor":11,"turns":4},{"damage":10,"enemies":"Large Slime","floor":12,"turns":4},{"damage":8,"enemies":"Blue Slaver","floor":15,"turns":5},{"damage":31,"enemies":"IC_STATUS_ARCHETYPE","floor":16,"turns":8},{"damage":0,"enemies":"Chosen","floor":19,"turns":1},{"damage":0,"enemies":"Spheric Guardian","floor":21,"turns":2},{"damage":2,"enemies":"downfall:FleeingMerchant","floor":22,"turns":4},{"damage":16,"enemies":"Centurion and Healer","floor":23,"turns":7},{"damage":4,"enemies":"Snecko","floor":25,"turns":6},{"damage":44,"enemies":"Slavers","floor":27,"turns":9},{"damage":7,"enemies":"Sentry and Sphere","floor":31,"turns":5},{"damage":4,"enemies":"Cultist and Chosen","floor":32,"turns":4},{"damage":35,"enemies":"WA_ARCHETYPE_CALM","floor":33,"turns":7}],"seed_played":"-2459994485146287921","potions_obtained":[{"floor":4,"key":"bronze:BurnAndBuffPotion"},{"floor":4,"key":"Fruit Juice"},{"floor":4,"key":"Dexterity Potion"},{"floor":8,"key":"Strength Potion"},{"floor":12,"key":"Fire Potion"}],"is_trial":false,"path_per_floor":["R","M","?","?","M","?","T","M","R","M","$","M","R","?","M","B",null,"R","M","?","M","$","M","T","M","?","E","?","?","R","M","M","B"],"character_chosen":"THE_AUTOMATON","items_purchased":["Membership Card","bronze:WildBeam","bronze:ShipIt"],"campfire_rested":1,"item_purchase_floors":[11,11,22],"current_hp_per_floor":[70,70,70,75,75,75,75,75,75,74,59,49,49,49,41,10,75,75,75,75,75,73,57,57,53,53,9,9,9,31,24,27,0,0,0],"gold":51,"neow_bonus":"THREE_ENEMY_KILL","is_daily":false,"chose_seed":false,"campfire_upgraded":4,"win_rate":0.0,"timestamp":1611156272,"path_taken":["R","M","?","?","?","?","T","?","R","M","$","M","R","?","M","BOSS","R","M","?","M","$","M","T","M","?","E","?","?","R","M","M","BOSS"],"items_purchased_type":["Relic","Card","Card"],"build_version":"2020-12-22","purchased_purges":2,"victory":false,"max_hp_per_floor":[70,70,70,75,75,75,75,75,75,75,75,75,75,75,75,75,75,75,75,75,75,75,75,75,75,75,75,75,75,75,75,75,75,75,75],"card_choices":[{"not_picked":["bronze:Constructor","bronze:Allocate"],"picked":"bronze:Backtrace","floor":2},{"not_picked":["bronze:DarkDash","bronze:BronzeArmor"],"picked":"bronze:GetLatest","floor":5},{"not_picked":["bronze:Branch","bronze:Separator"],"picked":"bronze:ForLoop","floor":6},{"not_picked":["bronze:Invalidate","bronze:Branch"],"picked":"bronze:Verify","floor":8},{"not_picked":["bronze:DelayedSlice","bronze:Boost"],"picked":"bronze:MaxOutput","floor":10},{"not_picked":["bronze:CutThrough","bronze:Constructor","bronze:DelayedGuard"],"picked":"SKIP","floor":11},{"not_picked":["bronze:MaxOutput","bronze:CutThrough","bronze:BitShift"],"picked":"SKIP","floor":12},{"not_picked":["bronze:WildBeam","bronze:Optimize","bronze:DelayedGuard"],"picked":"SKIP","floor":15},{"not_picked":["bronze:WildBeam","bronze:Optimize","bronze:DelayedGuard"],"picked":"SKIP","floor":15},{"not_picked":["bronze:Format","bronze:Verify"],"picked":"bronze:AlphaBuild","floor":16},{"not_picked":["bronze:Iterate","bronze:BronzeArmor"],"picked":"bronze:BuggyMess","floor":19},{"not_picked":["bronze:Iterate","bronze:Repair+1","bronze:WildBeam+1"],"picked":"SKIP","floor":21},{"not_picked":["bronze:Return","bronze:BitShift","bronze:GetLatest"],"picked":"SKIP","floor":22},{"not_picked":["bronze:Invalidate","bronze:WhirlingStrike"],"picked":"bronze:Turbo","floor":23},{"not_picked":["bronze:MaxOutput+1","bronze:ChildClass","bronze:Frontload"],"picked":"SKIP","floor":25},{"not_picked":["bronze:FineTuning+1","bronze:CloningBeam"],"picked":"bronze:BugBarrage+1","floor":27},{"not_picked":["bronze:Turbo+1","bronze:BugBarrage"],"picked":"bronze:Repair","floor":31},{"not_picked":["bronze:DarkDash","bronze:Iterate+1","bronze:BugBarrage"],"picked":"SKIP","floor":32}],"player_experience":496122,"relics_obtained":[{"floor":6,"key":"downfall:GremlinSack"},{"floor":7,"key":"Orichalcum"},{"floor":24,"key":"Omamori"},{"floor":27,"key":"Whetstone"}],"event_choices":[{"damage_healed":0,"gold_gain":0,"player_choice":"Got Potions","damage_taken":0,"max_hp_gain":0,"max_hp_loss":0,"event_name":"Lab","floor":4,"gold_loss":0},{"damage_healed":0,"gold_gain":0,"player_choice":"Read","damage_taken":0,"max_hp_gain":0,"max_hp_loss":0,"event_name":"The Library","floor":20,"gold_loss":0,"cards_obtained":["bronze:Shield"]},{"damage_healed":0,"gold_gain":0,"player_choice":"Ignored","damage_taken":0,"max_hp_gain":0,"max_hp_loss":0,"event_name":"Ghosts","floor":28,"gold_loss":0}],"is_beta":false,"boss_relics":[{"not_picked":["Tiny House","SlaversCollar"],"picked":"Snecko Eye"}],"items_purged_floors":[11,22],"is_endless":false,"potions_floor_spawned":[8,10,12,15,16,23,27,32],"killed_by":"WA_ARCHETYPE_CALM","ascension_level":0}}