{"host":"ttx8tv95o5vka1nm","time":1611132233,"event":{"mods":["AchievementEnabler","BaseMod","Colored Map","Downfall","Infinite Spire","Minty Spire (QoL Compilation)","Shop Mod","StSLib","The Jungle"],"gold_per_floor":[119,119,133,133,144,144,178,30,56,90,100,100,116,131,131,236,236,251,268,268,268,287,287,305,305,305,317,317,317,350,364,364,467,467,480,492,196,207,257,287,287,322,349,349,378,378,394,394,394,490,490,500,500,510,582,592,605,605,628,628,628,638,638,642,655,655,755,755,761,645,538,155,171,171,191,191,271,284,284,308,308,315,315,407,407,413,158,202,209,191,191],"floor_reached":90,"language":"ENG","playtime":6471,"items_purged":["downfall:Bewildered","Strike_R","Defend_R","Strike_R","Strike_R","Reckless Charge"],"score":2220,"play_id":"9f79c835-60ab-4c1c-8b85-be1c1cad3ead","local_time":"20210120184353","is_ascension_mode":true,"campfire_choices":[{"data":"Metallicize","floor":6,"key":"SMITH"},{"data":"Armaments","floor":12,"key":"SMITH"},{"data":"Bash","floor":15,"key":"SMITH"},{"data":"Juggernaut","floor":23,"key":"SMITH"},{"data":"Inflame","floor":29,"key":"SMITH"},{"data":"Shrug It Off","floor":32,"key":"SMITH"},{"data":"Juggernaut","floor":41,"key":"SMITH"},{"data":"Metallicize","floor":49,"key":"SMITH"},{"data":"Barricade","floor":58,"key":"SMITH"},{"data":"Impervious","floor":61,"key":"SMITH"},{"data":"Body Slam","floor":66,"key":"SMITH"},{"data":"Impervious","floor":74,"key":"SMITH"},{"data":"Double Tap","floor":76,"key":"SMITH"},{"data":"Madness","floor":81,"key":"SMITH"},{"data":"Pommel Strike","floor":83,"key":"SMITH"}],"circlet_count":0,"master_deck":["Bash+1","Metallicize+1","Pommel Strike+1","Metallicize+1","Armaments+1","Clothesline","Warcry","Flex","Dropkick","Juggernaut+1","Flame Barrier+1","Bloodletting","Inflame+1","Shrug It Off+1","Juggernaut+1","Shockwave+1","Metallicize+1","Iron Wave+1","Entrench+1","Second Wind","Madness+1","Madness","Ghostly Armor","Shrug It Off","Barricade+1","Evolve","Iron Wave","Second Wind","Impervious+1","Double Tap+1","Body Slam+1","infinitespire:TheBestDefense","Impervious+1","Searing Blow+1","Body Slam+1","Infernal Blade+1","Rage","Panache","Juggernaut","Iron Wave","Spot Weakness","Fire Breathing","Limit Break","Battle Trance"],"relics":["Burning Blood","NeowsBlessing","Nunchaku","Bag of Preparation","Bronze Scales","MealTicket","Bottled Lightning","Philosopher\u0027s Stone","sneckomod:BabySnecko","Runic Pyramid","Membership Card","Mummified Hand","Eternal Feather","Blood Vial","infinitespire:Burning Sword","MerchantsRug","infinitespire:FocusingShard","Lee\u0027s Waffle","infinitespire:Magic Flask","Bottled Tornado","Toy Ornithopter","Bag of Marbles","Prayer Wheel","Runic Cube","Letter Opener","Paper Frog","Kunai","PreservedInsect","Shuriken","Golden Idol","Astrolabe","infinitespire:BottledMercury","Champion Belt","Singing Bowl","HandDrill","Regal Pillow","Ornamental Fan","Bottled Flame","Coffee Dripper","Juzu Bracelet","Turnip"],"acts_visited":["Exordium","TheCity","TheBeyond","Exordium","Exordium","TheBeyond"],"potions_floor_usage":[7,18,30,33,67,84],"damage_taken":[{"damage":0,"enemies":"Small Slimes","floor":1,"turns":1},{"damage":0,"enemies":"Jaw Worm","floor":3,"turns":1},{"damage":0,"enemies":"Cultist","floor":5,"turns":1},{"damage":21,"enemies":"Lagavulin","floor":7,"turns":7},{"damage":16,"enemies":"3 Sentries","floor":10,"turns":8},{"damage":0,"enemies":"Looter","floor":11,"turns":4},{"damage":8,"enemies":"Exordium Thugs","floor":13,"turns":5},{"damage":2,"enemies":"3 Louse","floor":14,"turns":4},{"damage":25,"enemies":"Slime Boss","floor":16,"turns":11},{"damage":2,"enemies":"Chosen","floor":18,"turns":4},{"damage":15,"enemies":"3 Byrds","floor":19,"turns":2},{"damage":13,"enemies":"Centurion and Healer","floor":22,"turns":6},{"damage":11,"enemies":"3 Cultists","floor":24,"turns":4},{"damage":23,"enemies":"Cultist and Chosen","floor":27,"turns":5},{"damage":3,"enemies":"Nightmare","floor":30,"turns":7},{"damage":2,"enemies":"Snake Plant","floor":31,"turns":2},{"damage":14,"enemies":"Collector","floor":33,"turns":8},{"damage":0,"enemies":"3 Shapes","floor":35,"turns":2},{"damage":4,"enemies":"3 Darklings","floor":36,"turns":4},{"damage":27,"enemies":"Writhing Mass","floor":38,"turns":4},{"damage":3,"enemies":"Mind Bloom Boss Battle","floor":39,"turns":3},{"damage":18,"enemies":"Nemesis","floor":40,"turns":5},{"damage":9,"enemies":"Giant Head","floor":42,"turns":6},{"damage":33,"enemies":"Reptomancer","floor":45,"turns":4},{"damage":10,"enemies":"Sphere and 2 Shapes","floor":47,"turns":4},{"damage":4,"enemies":"Time Eater","floor":50,"turns":8},{"damage":17,"enemies":"Small Slimes","floor":52,"turns":2},{"damage":0,"enemies":"Cultist","floor":54,"turns":1},{"damage":2,"enemies":"2 Louse","floor":56,"turns":2},{"damage":10,"enemies":"3 Sentries","floor":57,"turns":3},{"damage":0,"enemies":"Gremlin Nob","floor":59,"turns":3},{"damage":0,"enemies":"Red Slaver","floor":62,"turns":2},{"damage":0,"enemies":"2 Fungi Beasts","floor":64,"turns":2},{"damage":0,"enemies":"Blue Slaver","floor":65,"turns":1},{"damage":21,"enemies":"Hexaghost","floor":67,"turns":5},{"damage":1,"enemies":"theJungle:MUSHROOMGANG","floor":69,"turns":2},{"damage":0,"enemies":"Shell Parasite","floor":73,"turns":1},{"damage":3,"enemies":"theJungle:Cassacara","floor":75,"turns":2},{"damage":0,"enemies":"theJungle:2_Snecko_Cultists","floor":78,"turns":2},{"damage":0,"enemies":"theJungle:JungleHuntersEncounter","floor":79,"turns":3},{"damage":0,"enemies":"theJungle:MamaSnecko","floor":80,"turns":3},{"damage":3,"enemies":"theJungle:SlimyTreeVines","floor":82,"turns":1},{"damage":29,"enemies":"theJungle:FunGuy","floor":84,"turns":4},{"damage":0,"enemies":"Orb Walker","floor":86,"turns":1},{"damage":103,"enemies":"Mind Bloom Boss Battle","floor":88,"turns":3},{"damage":0,"enemies":"3 Darklings","floor":89,"turns":2},{"damage":50,"enemies":"Transient","floor":90,"turns":3}],"seed_played":"-2376806539614062887","potions_obtained":[{"floor":5,"key":"AttackPotion"},{"floor":7,"key":"BloodPotion"},{"floor":14,"key":"bronze:BurnAndBuffPotion"},{"floor":16,"key":"Explosive Potion"},{"floor":18,"key":"GamblersBrew"},{"floor":30,"key":"SkillPotion"},{"floor":38,"key":"Weak Potion"},{"floor":39,"key":"PowerPotion"},{"floor":45,"key":"Ancient Potion"},{"floor":69,"key":"Weak Potion"},{"floor":79,"key":"SpeedPotion"}],"is_trial":false,"path_per_floor":["M","?","M","?","M","R","E","$","T","E","M","R","M","M","R","B",null,"M","M","?","AVR","M","R","M","T","T","M","?","R","NM","M","R","B",null,"M","M","$","M","?","E","R","E","T","?","E","?","M","?","R","B",null,"M","AVR","M","T","M","E","R","E","T","R","M","?","M","M","R","B",null,"M","$","?","$","M","R","E","R","T","M","M","E","R","M","R","B",null,"M","$","?","M","M"],"character_chosen":"IRONCLAD","items_purchased":["Bronze Scales","MerchantsRug","infinitespire:FocusingShard","Metallicize","Lee\u0027s Waffle","infinitespire:BottledMercury","Singing Bowl","HandDrill","Rage","Panache","Juzu Bracelet","Spot Weakness","Fire Breathing","Limit Break"],"campfire_rested":0,"item_purchase_floors":[8,37,37,37,37,70,72,72,72,72,87,87,87,87],"current_hp_per_floor":[78,78,80,80,80,80,65,65,65,55,61,61,59,63,63,44,71,75,66,66,66,59,59,54,54,54,37,37,49,68,74,80,72,78,80,80,87,66,71,61,76,75,75,64,39,39,37,37,55,59,80,71,71,79,79,85,83,87,87,87,87,87,66,74,82,87,72,83,87,87,87,87,91,91,93,93,93,97,101,103,103,107,107,84,101,109,109,12,24,0,0],"gold":191,"neow_bonus":"THREE_ENEMY_KILL","is_daily":false,"chose_seed":false,"campfire_upgraded":15,"win_rate":0.0,"timestamp":1611132233,"path_taken":["M","?","M","?","?","R","E","?","T","E","M","R","M","M","R","BOSS","M","M","?","AVR","M","R","M","?","T","M","?","R","NM","M","R","BOSS","M","M","$","M","?","E","R","E","T","?","E","?","M","?","R","BOSS","M","AVR","M","?","M","E","R","E","T","R","M","?","M","M","R","BOSS","M","$","?","$","?","R","E","R","T","?","?","E","R","M","R","BOSS","M","$","?","M","M"],"items_purchased_type":["Relic","Relic","Relic","Card","Relic","Relic","Relic","Relic","Card","Card","Relic","Card","Card","Card"],"build_version":"2020-12-22","purchased_purges":6,"victory":false,"max_hp_per_floor":[80,80,80,80,80,80,80,80,80,80,80,80,80,80,80,80,80,80,80,80,80,80,80,80,80,80,80,80,80,80,80,80,80,80,80,80,87,87,87,87,87,87,87,87,87,87,87,87,87,87,87,87,87,87,87,87,87,87,87,87,87,87,87,87,87,87,87,87,87,87,87,87,91,91,93,93,93,97,101,103,103,107,107,107,107,109,109,109,113,113,113],"card_choices":[{"not_picked":["Iron Wave","Warcry"],"picked":"Metallicize","floor":1},{"not_picked":["Havoc","Exhume"],"picked":"Pommel Strike","floor":3},{"not_picked":["Sword Boomerang","Blood for Blood"],"picked":"Metallicize","floor":5},{"not_picked":["Brutality","Infernal Blade"],"picked":"Armaments","floor":7},{"not_picked":["Intimidate","Anger"],"picked":"Clothesline","floor":10},{"not_picked":["Wild Strike","Combust"],"picked":"Warcry","floor":11},{"not_picked":["Cleave","Armaments"],"picked":"Flex","floor":13},{"not_picked":["Warcry","Twin Strike"],"picked":"Dropkick","floor":14},{"not_picked":["Brutality","Limit Break"],"picked":"Juggernaut","floor":16},{"not_picked":["Perfected Strike","Carnage","Flex"],"picked":"SKIP","floor":18},{"not_picked":["Iron Wave","Heavy Blade"],"picked":"Flame Barrier+1","floor":19},{"not_picked":["Power Through","Anger+1"],"picked":"Bloodletting","floor":22},{"not_picked":["Armaments","Blood for Blood"],"picked":"Inflame","floor":24},{"not_picked":["Rampage","Clash","Armaments+1"],"picked":"SKIP","floor":27},{"not_picked":["Infernal Blade","Heavy Blade","Bloodletting"],"picked":"SKIP","floor":30},{"not_picked":["infinitespire:OneForAll","Flex+1"],"picked":"Shrug It Off","floor":31},{"not_picked":["Reaper","Brutality"],"picked":"Juggernaut","floor":33},{"not_picked":["Perfected Strike","Havoc"],"picked":"Shockwave+1","floor":35},{"not_picked":["Pommel Strike+1","Infernal Blade","Perfected Strike"],"picked":"SKIP","floor":36},{"not_picked":["Sword Boomerang+1","Carnage+1"],"picked":"Iron Wave+1","floor":38},{"not_picked":["Intimidate+1","Pommel Strike"],"picked":"Entrench+1","floor":39},{"not_picked":["Sword Boomerang+1","Burning Pact+1","Bludgeon"],"picked":"SKIP","floor":40},{"not_picked":["Sword Boomerang+1","Burning Pact+1","Bludgeon"],"picked":"SKIP","floor":40},{"not_picked":["Wild Strike+1","Combust+1"],"picked":"Second Wind","floor":42},{"not_picked":["Perfected Strike+1","Combust+1"],"picked":"Ghostly Armor","floor":45},{"not_picked":["Warcry","Rampage"],"picked":"Shrug It Off","floor":47},{"not_picked":["Pummel+1","Perfected Strike+1","Warcry"],"picked":"SKIP","floor":47},{"not_picked":["Corruption","Impervious"],"picked":"Barricade","floor":50},{"not_picked":["Perfected Strike","Intimidate","Anger"],"picked":"SKIP","floor":52},{"not_picked":["Dual Wield","Warcry","Burning Pact"],"picked":"SKIP","floor":52},{"not_picked":["Armaments","Pummel"],"picked":"Evolve","floor":54},{"not_picked":["Rupture","Battle Trance","Clash"],"picked":"SKIP","floor":54},{"not_picked":["Twin Strike","Feel No Pain"],"picked":"Iron Wave","floor":56},{"not_picked":["Sword Boomerang","Whirlwind"],"picked":"Second Wind","floor":56},{"not_picked":["Combust","Warcry","Blood for Blood"],"picked":"SKIP","floor":57},{"not_picked":["Pummel","Dual Wield"],"picked":"Impervious","floor":59},{"not_picked":["Warcry","Dual Wield","Metallicize"],"picked":"SKIP","floor":62},{"not_picked":["Sword Boomerang","Wild Strike","Dual Wield"],"picked":"SKIP","floor":62},{"not_picked":["Flex","Sword Boomerang"],"picked":"Double Tap","floor":64},{"not_picked":["Cleave","True Grit","Thunderclap"],"picked":"SKIP","floor":64},{"not_picked":["Ghostly Armor","Cleave"],"picked":"Body Slam","floor":65},{"not_picked":["Flex","Reckless Charge","Hemokinesis"],"picked":"SKIP","floor":65},{"not_picked":["infinitespire:Oblivion","infinitespire:FinalStrike"],"picked":"infinitespire:TheBestDefense","floor":67},{"not_picked":["Limit Break","Juggernaut"],"picked":"Impervious","floor":67},{"not_picked":["Sword Boomerang","Metallicize","Iron Wave"],"picked":"SKIP","floor":69},{"not_picked":["Dropkick","Cleave","Body Slam"],"picked":"SKIP","floor":69},{"not_picked":["Ghostly Armor","Clothesline","Body Slam+1"],"picked":"Singing Bowl","floor":73},{"not_picked":["Sentinel","Warcry","Power Through"],"picked":"Singing Bowl","floor":73},{"not_picked":["Immolate","Headbutt","Entrench"],"picked":"Singing Bowl","floor":75},{"not_picked":["Clothesline+1","Searing Blow+1","Heavy Blade+1"],"picked":"Singing Bowl","floor":78},{"not_picked":["Anger","Thunderclap+1","Flex"],"picked":"Singing Bowl","floor":78},{"not_picked":["Shockwave","Wild Strike","Immolate"],"picked":"Singing Bowl","floor":79},{"not_picked":["Iron Wave","Headbutt","Feel No Pain+1"],"picked":"Singing Bowl","floor":79},{"not_picked":["Dropkick","Heavy Blade","Impervious"],"picked":"Singing Bowl","floor":80},{"not_picked":["True Grit+1","Power Through+1","Heavy Blade"],"picked":"Singing Bowl","floor":82},{"not_picked":["Flex","Disarm","Bloodletting"],"picked":"Singing Bowl","floor":82},{"not_picked":["Limit Break","Immolate"],"picked":"Juggernaut","floor":84},{"not_picked":["Seeing Red","Cleave+1","Thunderclap+1"],"picked":"Singing Bowl","floor":86},{"not_picked":["Flex+1","Sword Boomerang"],"picked":"Iron Wave","floor":86},{"not_picked":["Armaments+1","Body Slam"],"picked":"Battle Trance","floor":88},{"not_picked":["Inflame+1","Double Tap","Ghostly Armor"],"picked":"Singing Bowl","floor":89},{"not_picked":["Flex","Seeing Red+1","Bloodletting+1"],"picked":"Singing Bowl","floor":89}],"player_experience":752031,"relics_obtained":[{"floor":2,"key":"Nunchaku"},{"floor":7,"key":"Bag of Preparation"},{"floor":9,"key":"MealTicket"},{"floor":10,"key":"Bottled Lightning"},{"floor":25,"key":"Mummified Hand"},{"floor":26,"key":"Eternal Feather"},{"floor":30,"key":"Blood Vial"},{"floor":39,"key":"infinitespire:Magic Flask"},{"floor":40,"key":"Bottled Tornado"},{"floor":42,"key":"Toy Ornithopter"},{"floor":43,"key":"Bag of Marbles"},{"floor":45,"key":"Prayer Wheel"},{"floor":55,"key":"Paper Frog"},{"floor":57,"key":"Kunai"},{"floor":59,"key":"PreservedInsect"},{"floor":60,"key":"Shuriken"},{"floor":75,"key":"Regal Pillow"},{"floor":77,"key":"Ornamental Fan"},{"floor":80,"key":"Bottled Flame"},{"floor":88,"key":"Turnip"}],"event_choices":[{"damage_healed":0,"gold_gain":0,"player_choice":"Grow","damage_taken":0,"max_hp_gain":0,"max_hp_loss":0,"event_name":"Living Wall","floor":4,"gold_loss":0,"cards_upgraded":["Metallicize"]},{"damage_healed":0,"gold_gain":0,"cards_transformed":["Strike_R","Strike_R"],"player_choice":"Became Test Subject","damage_taken":0,"max_hp_gain":0,"max_hp_loss":0,"event_name":"Drug Dealer","floor":28,"gold_loss":0,"cards_obtained":["Reckless Charge","Seeing Red"]},{"damage_healed":0,"gold_gain":0,"player_choice":"Fight","damage_taken":0,"max_hp_gain":0,"max_hp_loss":0,"event_name":"MindBloom","floor":39,"gold_loss":0},{"damage_healed":0,"gold_gain":0,"player_choice":"Embrace Madness","damage_taken":11,"max_hp_gain":0,"max_hp_loss":0,"event_name":"Winding Halls","floor":44,"gold_loss":0,"cards_obtained":["Madness","Madness"]},{"cards_removed":["Seeing Red"],"damage_healed":0,"gold_gain":0,"player_choice":"Removed Skill","damage_taken":0,"max_hp_gain":0,"max_hp_loss":0,"event_name":"Falling","floor":46,"gold_loss":0},{"damage_healed":0,"gold_gain":0,"player_choice":"Bought 0 Potions","damage_taken":0,"max_hp_gain":0,"max_hp_loss":0,"event_name":"The Woman in Blue","floor":48,"gold_loss":0},{"damage_healed":0,"gold_gain":0,"player_choice":"Take Damage","damage_taken":21,"relics_obtained":["Golden Idol"],"max_hp_gain":0,"max_hp_loss":0,"event_name":"Golden Idol","floor":63,"gold_loss":0},{"damage_healed":0,"gold_gain":0,"player_choice":"Paid Gold","damage_taken":0,"relics_obtained":["Champion Belt"],"max_hp_gain":0,"max_hp_loss":0,"event_name":"WeMeetAgain","floor":71,"gold_loss":107},{"damage_healed":0,"gold_gain":0,"player_choice":"Fight","damage_taken":0,"max_hp_gain":0,"max_hp_loss":0,"event_name":"MindBloom","floor":88,"gold_loss":0}],"is_beta":false,"boss_relics":[{"not_picked":["Ectoplasm","SacredBark"],"picked":"Philosopher\u0027s Stone"},{"not_picked":["Velvet Choker","bronze:MakeshiftBattery"],"picked":"infinitespire:Burning Sword"},{"not_picked":["Sozu","Mark of Pain"],"picked":"Runic Cube"},{"not_picked":["Velvet Choker","Fusion Hammer"],"picked":"Astrolabe"},{"not_picked":["bronze:MakeshiftBattery","Tiny House"],"picked":"Coffee Dripper"}],"items_purged_floors":[21,37,53,70,72,87],"is_endless":true,"potions_floor_spawned":[5,7,14,16,18,22,30,31,38,39,45,47,52,57,65,69,79],"killed_by":"Transient","ascension_level":6}}