{"host":"jpcy2bclvs7juczu","time":1611126425,"event":{"mods":["AchievementEnabler","BaseMod","Block Reminder","Colored Map","Colored Powertips","Curses Come First","Dark Map","Minty Spire (QoL Compilation)","Quick Restart","Relic Stats","StSLib","ojb\u0027s Better Paths Mod","ojb\u0027s Info Mod","slay the spire mod where everything is the same but ironclad has a cowboy hat"],"gold_per_floor":[113,125,125,139,9,9,37,55,55,86,86,108,108,169,169,247,247,260,279,279,308,326,326,356,13,37,64,64,80,80,91,91,166,166,178,178,178],"floor_reached":36,"language":"ENG","playtime":1646,"items_purged":[],"score":870,"play_id":"34f82a2a-d637-44ea-924c-a0521580651b","local_time":"20210120070705","is_ascension_mode":true,"campfire_choices":[{"data":"Carnage","floor":6.0,"key":"SMITH"},{"data":"Feed","floor":11.0,"key":"SMITH"},{"data":"Armaments","floor":13.0,"key":"SMITH"},{"data":"Uppercut","floor":15.0,"key":"SMITH"},{"floor":23.0,"key":"REST"},{"data":"Armaments","floor":28,"key":"SMITH"},{"data":"Sentinel","floor":30,"key":"SMITH"},{"data":"Second Wind","floor":32,"key":"SMITH"}],"circlet_count":0,"master_deck":["AscendersBane","Bash","Dropkick","Headbutt","Shockwave+1","Uppercut+1","Carnage+1","Cleave","Iron Wave","Feed+1","Armaments+1","Ghostly Armor","Impervious","Rage","Havoc","Disarm","Cleave","Heavy Blade","Spot Weakness","Demon Form","Sentinel+1","Armaments+1","Ghostly Armor","Burning Pact","Second Wind+1","Body Slam","Shockwave","Impervious","Shrug It Off"],"relics":["Sozu","Matryoshka","Orichalcum","War Paint","Odd Mushroom","Strawberry","Pandora\u0027s Box","Red Mask","Pear","Dead Branch","Vajra","Red Skull","Ginger","Empty Cage"],"acts_visited":["Exordium","TheCity","TheBeyond"],"potions_floor_usage":[],"damage_taken":[{"damage":3.0,"enemies":"2 Louse","floor":1.0,"turns":2.0},{"damage":1.0,"enemies":"Cultist","floor":2.0,"turns":3.0},{"damage":0.0,"enemies":"Small Slimes","floor":4.0,"turns":3.0},{"damage":6.0,"enemies":"Gremlin Nob","floor":7.0,"turns":3.0},{"damage":0.0,"enemies":"2 Fungi Beasts","floor":8.0,"turns":2.0},{"damage":18.0,"enemies":"Lagavulin","floor":10.0,"turns":6.0},{"damage":3.0,"enemies":"The Mushroom Lair","floor":12.0,"turns":4.0},{"damage":17.0,"enemies":"3 Sentries","floor":14.0,"turns":10.0},{"damage":9.0,"enemies":"The Guardian","floor":16.0,"turns":9.0},{"damage":4.0,"enemies":"Chosen","floor":18.0,"turns":4.0},{"damage":15.0,"enemies":"3 Byrds","floor":19.0,"turns":5.0},{"damage":24.0,"enemies":"Masked Bandits","floor":21.0,"turns":5.0},{"damage":8.0,"enemies":"3 Cultists","floor":22.0,"turns":5.0},{"damage":14.0,"enemies":"Slavers","floor":24.0,"turns":5.0},{"damage":7,"enemies":"Book of Stabbing","floor":27,"turns":3},{"damage":9,"enemies":"Shelled Parasite and Fungi","floor":29,"turns":3},{"damage":0,"enemies":"Centurion and Healer","floor":31,"turns":8},{"damage":20,"enemies":"Collector","floor":33,"turns":7},{"damage":6,"enemies":"3 Darklings","floor":35,"turns":6},{"damage":103,"enemies":"2 Orb Walkers","floor":36,"turns":6}],"seed_played":"2133693702005947999","potions_obtained":[],"is_trial":false,"path_per_floor":["M","M","?","M","$","R","E","M","T","E","R","?","R","?","R","B",null,"M","M","?","?","M","R","E","$","T","E","R","M","R","M","R","B",null,"M","?"],"character_chosen":"IRONCLAD","items_purchased":["Carnage","Cleave","Dead Branch"],"campfire_rested":1,"item_purchase_floors":[5,5,25],"current_hp_per_floor":[65,64,64,64,64,64,58,58,58,40,40,41,41,35,35,26,74,74,63,63,39,31,60,60,60,60,57,57,48,48,52,52,36,102,96,0,0],"gold":178,"neow_bonus":"BOSS_RELIC","is_daily":false,"chose_seed":false,"campfire_upgraded":7,"win_rate":0.0,"timestamp":1611126425,"path_taken":["M","M","?","M","$","R","E","?","T","E","R","?","R","?","R","BOSS","M","M","?","?","M","R","E","$","T","E","R","M","R","M","R","BOSS","M","?"],"items_purchased_type":["Card","Card","Relic"],"build_version":"2020-12-22","purchased_purges":0,"victory":false,"max_hp_per_floor":[75,75,75,75,75,75,75,75,75,75,75,79,79,90,90,90,90,94,98,98,98,98,98,112,112,112,116,116,116,116,120,120,124,124,124,124,124],"relic_stats":{"Sozu":9,"counters":[20,99],"Dead Branch":[55],"Pandora\u0027s Box":["Rage","Wild Strike","Havoc","Disarm","Cleave","Heavy Blade","Perfected Strike","Spot Weakness","Demon Form"],"Ginger":[5],"Orichalcum":[186],"War Paint":["Shockwave","Defend_R"],"obtain_stats":[{"Pear":24,"Dead Branch":25,"Vajra":26,"Ginger":27,"Orichalcum":9,"War Paint":10,"Odd Mushroom":12,"Empty Cage":34,"Burning Blood":0,"Sozu":0,"Matryoshka":7,"Strawberry":14,"Pandora\u0027s Box":17,"Red Mask":21,"Red Skull":26},{"Pear":14,"Dead Branch":14,"Vajra":14,"Ginger":15,"Orichalcum":5,"War Paint":6,"Odd Mushroom":7,"Empty Cage":18,"Burning Blood":0,"Sozu":0,"Matryoshka":4,"Strawberry":8,"Pandora\u0027s Box":9,"Red Mask":12,"Red Skull":14},{"Pear":66,"Dead Branch":66,"Vajra":66,"Ginger":69,"Orichalcum":13,"War Paint":19,"Odd Mushroom":23,"Empty Cage":87,"Burning Blood":0,"Sozu":0,"Matryoshka":11,"Strawberry":33,"Pandora\u0027s Box":42,"Red Mask":56,"Red Skull":66}]},"card_choices":[{"not_picked":["Headbutt","Warcry"],"picked":"Dropkick","floor":1.0},{"not_picked":["Havoc","Warcry"],"picked":"Headbutt","floor":2.0},{"not_picked":["Flame Barrier","Pommel Strike"],"picked":"Uppercut","floor":4.0},{"not_picked":["Cleave","Second Wind"],"picked":"Iron Wave","floor":7.0},{"not_picked":["Headbutt","Hemokinesis"],"picked":"Feed","floor":8.0},{"not_picked":["Wild Strike","Intimidate"],"picked":"Armaments","floor":10.0},{"not_picked":["Dark Embrace","Whirlwind"],"picked":"Ghostly Armor","floor":14.0},{"not_picked":["Limit Break","Juggernaut"],"picked":"Impervious","floor":16.0},{"not_picked":["Twin Strike","Sword Boomerang","Dropkick"],"picked":"SKIP","floor":18.0},{"not_picked":["Rupture","Cleave"],"picked":"Sentinel","floor":19.0},{"not_picked":["Spot Weakness","Clothesline"],"picked":"Armaments","floor":21.0},{"not_picked":["Armaments","Flex+1"],"picked":"Ghostly Armor","floor":22.0},{"not_picked":["Thunderclap","Dark Embrace"],"picked":"Burning Pact","floor":24.0},{"not_picked":["Warcry","Spot Weakness"],"picked":"Second Wind","floor":27},{"not_picked":["Second Wind","Anger"],"picked":"Body Slam","floor":29},{"not_picked":["Clash+1","Perfected Strike"],"picked":"Shockwave","floor":31},{"not_picked":["Berserk","Feed"],"picked":"Impervious","floor":33},{"not_picked":["Anger","Thunderclap"],"picked":"Shrug It Off","floor":35}],"player_experience":422468,"relics_obtained":[{"floor":7.0,"key":"Matryoshka"},{"floor":9.0,"key":"Orichalcum"},{"floor":10.0,"key":"War Paint"},{"floor":12.0,"key":"Odd Mushroom"},{"floor":14.0,"key":"Strawberry"},{"floor":21.0,"key":"Red Mask"},{"floor":24.0,"key":"Pear"},{"floor":26.0,"key":"Vajra"},{"floor":26.0,"key":"Red Skull"},{"floor":27,"key":"Ginger"}],"event_choices":[{"damage_healed":0.0,"max_hp_gain":0.0,"max_hp_loss":0.0,"gold_gain":0.0,"event_name":"Match and Keep!","player_choice":"1 cards matched","floor":3.0,"gold_loss":0.0,"damage_taken":0.0,"cards_obtained":["Shockwave"]},{"damage_healed":0.0,"max_hp_gain":0.0,"max_hp_loss":0.0,"gold_gain":0.0,"event_name":"Mushrooms","player_choice":"Fought Mushrooms","floor":12.0,"gold_loss":0.0,"damage_taken":0.0},{"damage_healed":0.0,"max_hp_gain":0.0,"max_hp_loss":0.0,"gold_gain":0.0,"event_name":"Dead Adventurer","player_choice":"Searched \u00272\u0027 times","floor":14.0,"gold_loss":0.0,"damage_taken":0.0},{"damage_healed":0.0,"max_hp_gain":0.0,"max_hp_loss":0.0,"gold_gain":0.0,"event_name":"Ghosts","player_choice":"Ignored","floor":20.0,"gold_loss":0.0,"damage_taken":0.0},{"damage_healed":0.0,"max_hp_gain":0.0,"max_hp_loss":0.0,"gold_gain":0.0,"event_name":"Masked Bandits","player_choice":"Fought Bandits","floor":21.0,"gold_loss":0.0,"damage_taken":0.0},{"damage_healed":0,"gold_gain":0,"player_choice":"Fight","damage_taken":0,"max_hp_gain":0,"max_hp_loss":0,"event_name":"Mysterious Sphere","floor":36,"gold_loss":0}],"is_beta":false,"boss_relics":[{"not_picked":["Runic Dome","Snecko Eye"],"picked":"Pandora\u0027s Box"},{"not_picked":["Fusion Hammer","Tiny House"],"picked":"Empty Cage"}],"items_purged_floors":[],"is_endless":false,"potions_floor_spawned":[4,7,8,10,19,22,29,31,35],"killed_by":"2 Orb Walkers","ascension_level":20}}