{"host":"exhp4inpfmbngj23","time":1611168920,"event":{"mods":["Abigail Mod","BaseMod","Beaked The Cultist","Downfall","Friendly Minions","Gremlin Mod","Kiyohime????","Minty Spire (QoL Compilation)","StSLib","The Alterego"],"gold_per_floor":[99,111,111,137,155,55,55,86,101,1,1,36,47,64,83,83,83,83],"floor_reached":16,"language":"ENG","playtime":1052,"items_purged":[],"score":137,"play_id":"49070bff-e107-44fd-ab18-f1d555b17d93","local_time":"20210120105520","is_ascension_mode":false,"campfire_choices":[{"floor":1,"key":"RECALL"},{"data":"bronze:Replicate","floor":6,"key":"SMITH"},{"floor":10,"key":"REST"}],"circlet_count":0,"master_deck":["bronze:Strike","bronze:Strike","bronze:Strike","bronze:Strike","bronze:Defend","bronze:Defend","bronze:Defend","bronze:Defend","bronze:Replicate+1","bronze:Goto","bronze:DelayedSlice","bronze:Constructor","bronze:Boost","bronze:Fortify","downfall:Aged","bronze:ForceShield","bronze:FineTuning","bronze:Repulsor"],"relics":["bronze:BronzeCore","downfall:HeartBlessingBlue","Omamori","Juzu Bracelet","downfall:HeartBlessingRed","Du-Vu Doll","beaked:ShinyBauble"],"acts_visited":["Exordium"],"potions_floor_usage":[0,8,15,16],"damage_taken":[{"damage":1,"enemies":"Jaw Worm","floor":2,"turns":4},{"damage":6,"enemies":"Cultist","floor":5,"turns":3},{"damage":33,"enemies":"Gremlin Nob","floor":8,"turns":5},{"damage":0,"enemies":"2 Louse","floor":9,"turns":2},{"damage":21,"enemies":"3 Sentries","floor":12,"turns":6},{"damage":11,"enemies":"Blue Slaver","floor":13,"turns":4},{"damage":1,"enemies":"Large Slime","floor":14,"turns":6},{"damage":5,"enemies":"Exordium Thugs","floor":15,"turns":3},{"damage":40,"enemies":"SI_SHIV_ARCHETYPE","floor":16,"turns":8}],"seed_played":"-8527982610894366378","potions_obtained":[{"floor":0,"key":"Fire Potion"},{"floor":0,"key":"Fruit Juice"},{"floor":0,"key":"bronze:FreeFunctionsPotion"},{"floor":2,"key":"sneckomod:MuddlingPotion"},{"floor":12,"key":"Swift Potion"}],"is_trial":false,"path_per_floor":["R","M","?","T","M","R","T","E","M","R","?","E","M","M","M","B"],"character_chosen":"THE_AUTOMATON","items_purchased":[],"campfire_rested":1,"item_purchase_floors":[],"current_hp_per_floor":[75,74,74,74,68,78,78,45,45,70,75,54,43,42,37,0,0,0],"gold":83,"neow_bonus":"THREE_SMALL_POTIONS","is_daily":false,"chose_seed":false,"campfire_upgraded":1,"win_rate":0.0,"timestamp":1611168920,"path_taken":["R","M","?","?","?","R","T","E","M","R","?","E","M","M","M","BOSS"],"items_purchased_type":[],"build_version":"2020-12-22","purchased_purges":0,"victory":false,"max_hp_per_floor":[75,75,75,75,75,85,85,85,85,85,90,90,90,90,90,90,90,90],"card_choices":[{"not_picked":["bronze:ChildClass","bronze:BitShift"],"picked":"bronze:DelayedSlice","floor":2},{"not_picked":["bronze:WildBeam","bronze:BronzeOrb"],"picked":"bronze:Constructor","floor":5},{"not_picked":["bronze:MaxOutput","bronze:BuggyMess"],"picked":"bronze:Boost","floor":8},{"not_picked":["bronze:CloningBeam","bronze:Overheat"],"picked":"bronze:Fortify","floor":9},{"not_picked":["bronze:OilSpill","bronze:Break"],"picked":"bronze:ForceShield","floor":12},{"not_picked":["bronze:DigitalCarnage","bronze:BuggyMess","bronze:ChosenStrike"],"picked":"SKIP","floor":13},{"not_picked":["bronze:DelayedGuard","bronze:Boost"],"picked":"bronze:FineTuning","floor":14},{"not_picked":["bronze:BitShift","bronze:GetLatest"],"picked":"bronze:Repulsor","floor":15}],"player_experience":2027618,"relics_obtained":[{"floor":7,"key":"Omamori"},{"floor":8,"key":"Juzu Bracelet"},{"floor":12,"key":"beaked:ShinyBauble"}],"event_choices":[],"is_beta":false,"boss_relics":[],"items_purged_floors":[],"is_endless":false,"potions_floor_spawned":[2,12,14],"killed_by":"SI_SHIV_ARCHETYPE","ascension_level":0}}