{"host":"1dhlu4qzehvrzpot","time":1611182307,"event":{"mods":["2.2 Compatiblity","AchievementEnabler","BaseMod","Block Reminder","Minty Spire (QoL Compilation)","Permanent Neow","Quick Restart","Rare Cards Sparkle","Relic Stats","Say the Spire","Slay-I","StSLib","SuperFastMode"],"gold_per_floor":[114,114,114,131,148,177,177,177,257,276,276,302,42,62,62,140,140,156,156,226,238,238],"floor_reached":21,"language":"ENG","playtime":593,"items_purged":[],"score":318,"play_id":"5d0a5645-031f-46a6-8d44-50dd81fbaaf6","local_time":"20210120233827","is_ascension_mode":true,"campfire_choices":[{"floor":8.0,"key":"REST"},{"floor":11.0,"key":"REST"},{"floor":15.0,"key":"REST"}],"circlet_count":0,"master_deck":["AscendersBane","Strike_G","Strike_G","Strike_G","Strike_G","Defend_G","Defend_G","Defend_G","Defend_G+1","Defend_G+1","Survivor","Neutralize","Sucker Punch","Phantasmal Killer+1","Neutralize","Cloak And Dagger","Backflip","Crippling Poison","Poisoned Stab","Malaise","Die Die Die"],"relics":["Ring of the Snake","War Paint","Lantern","Pantograph","Tiny Chest","Matryoshka","SlaversCollar","MawBank","Mummified Hand"],"acts_visited":["Exordium","TheCity"],"potions_floor_usage":[18,21],"damage_taken":[{"damage":0.0,"enemies":"Small Slimes","floor":1.0,"turns":6.0},{"damage":4.0,"enemies":"Jaw Worm","floor":4.0,"turns":5.0},{"damage":4.0,"enemies":"Cultist","floor":5.0,"turns":3.0},{"damage":34.0,"enemies":"Lagavulin","floor":6.0,"turns":11.0},{"damage":3.0,"enemies":"Large Slime","floor":10.0,"turns":9.0},{"damage":17.0,"enemies":"3 Sentries","floor":12.0,"turns":10.0},{"damage":10.0,"enemies":"Exordium Thugs","floor":14.0,"turns":8.0},{"damage":31.0,"enemies":"The Guardian","floor":16.0,"turns":14.0},{"damage":41,"enemies":"Chosen","floor":18,"turns":9},{"damage":0,"enemies":"3 Byrds","floor":21,"turns":2}],"seed_played":"4245719117755570105","potions_obtained":[{"floor":5.0,"key":"Fire Potion"},{"floor":6.0,"key":"SpeedPotion"},{"floor":12.0,"key":"Poison Potion"},{"floor":14.0,"key":"Explosive Potion"},{"floor":16.0,"key":"SpeedPotion"}],"is_trial":false,"path_per_floor":["M","?","?","M","M","E","?","R","T","M","R","E","$","M","R","B",null,"M","?","T","M"],"character_chosen":"THE_SILENT","items_purchased":["Matryoshka"],"campfire_rested":3,"item_purchase_floors":[13],"current_hp_per_floor":[59,52,52,48,44,10,10,29,29,26,45,28,28,18,37,31,57,16,4,4,4,4],"gold":238,"neow_bonus":"RANDOM_COMMON_RELIC","is_daily":false,"chose_seed":false,"campfire_upgraded":0,"win_rate":0.0,"timestamp":1611182307,"path_taken":["M","?","?","M","?","E","?","R","T","M","R","E","?","?","R","BOSS","M","?","?","M"],"items_purchased_type":["Relic"],"build_version":"2020-12-22","purchased_purges":0,"victory":false,"max_hp_per_floor":[66,66,66,66,66,66,66,66,66,66,66,66,66,66,66,66,66,66,71,71,71,71],"relic_stats":{"counters":[10,77],"Mummified Hand":[0],"Pantograph":25,"Tiny Chest":1,"War Paint":["Defend_G","Defend_G"],"MawBank":12,"obtain_stats":[{"SlaversCollar":17,"Lantern":6,"Matryoshka":13,"Mummified Hand":20,"Pantograph":9,"Tiny Chest":12,"War Paint":0,"MawBank":20,"Ring of the Snake":0},{"SlaversCollar":8,"Lantern":4,"Matryoshka":6,"Mummified Hand":9,"Pantograph":4,"Tiny Chest":6,"War Paint":0,"MawBank":9,"Ring of the Snake":0},{"SlaversCollar":66,"Lantern":25,"Matryoshka":44,"Mummified Hand":75,"Pantograph":25,"Tiny Chest":44,"War Paint":0,"MawBank":75,"Ring of the Snake":0}],"Ring of the Snake":[20]},"card_choices":[{"not_picked":["Bane","Well Laid Plans"],"picked":"Sucker Punch","floor":1.0},{"not_picked":["Bane","Night Terror"],"picked":"Cloak And Dagger","floor":4.0},{"not_picked":["Blade Dance","Distraction"],"picked":"Backflip","floor":5.0},{"not_picked":["Caltrops","Acrobatics"],"picked":"Crippling Poison","floor":6.0},{"not_picked":["Quick Slash","Reflex"],"picked":"Poisoned Stab","floor":10.0},{"not_picked":["Cloak And Dagger","Prepared"],"picked":"Malaise","floor":12.0},{"not_picked":["Heel Hook","Sucker Punch","Dodge and Roll"],"picked":"SKIP","floor":14.0},{"not_picked":["Tools of the Trade","Venomology"],"picked":"Die Die Die","floor":16.0},{"not_picked":["Poisoned Stab","Dagger Throw+1","Flying Knee"],"picked":"SKIP","floor":18}],"player_experience":528454,"relics_obtained":[{"floor":6.0,"key":"Lantern"},{"floor":9.0,"key":"Pantograph"},{"floor":12.0,"key":"Tiny Chest"},{"floor":20,"key":"MawBank"},{"floor":20,"key":"Mummified Hand"}],"event_choices":[{"cards_removed":["Strike_G"],"damage_healed":0.0,"max_hp_gain":0.0,"max_hp_loss":0.0,"gold_gain":0.0,"event_name":"Golden Wing","player_choice":"Card Removal","floor":2.0,"gold_loss":0.0,"damage_taken":7.0},{"damage_healed":0.0,"max_hp_gain":0.0,"max_hp_loss":0.0,"gold_gain":0.0,"event_name":"Match and Keep!","player_choice":"2 cards matched","floor":3.0,"gold_loss":0.0,"damage_taken":0.0,"cards_obtained":["Phantasmal Killer","Neutralize"]},{"damage_healed":0.0,"max_hp_gain":0.0,"max_hp_loss":0.0,"gold_gain":0.0,"event_name":"Living Wall","player_choice":"Grow","floor":7.0,"gold_loss":0.0,"damage_taken":0.0,"cards_upgraded":["Phantasmal Killer"]},{"damage_healed":0,"gold_gain":0,"player_choice":"Shed Blood","damage_taken":17,"max_hp_gain":5,"max_hp_loss":0,"event_name":"Forgotten Altar","floor":19,"gold_loss":0}],"is_beta":false,"boss_relics":[{"not_picked":["Snecko Eye","Ring of the Serpent"],"picked":"SlaversCollar"}],"items_purged_floors":[],"is_endless":false,"potions_floor_spawned":[5,6,12,14,16],"killed_by":"3 Byrds","ascension_level":14}}