{"host":"uoq8e77duj6rs50g","time":1611187100,"event":{"mods":["BaseMod","Better Altar","Better Match","Better Note","Better Sensory Stone","Better Skull","Better Third Choice","BetterRewards","Block Reminder","ChefMod","Curses Come First","Hermit","Hubris","Ironclad Rager","Minty Spire (QoL Compilation)","Relic Stats","Replay The Spire","Shade Mod","StSLib","The Blue Laboratory","The Cursed","The Dragon Tamer","The Exalted","The Judge","The Marked","The Runesmith","The Servant 0.9.4","TheSwordswoman","Uncapped","WarShipGirlsR/????R mod"],"gold_per_floor":[119,119,119,7,18,48,48,83,109,109,123,134,160,177,177,279,279,292,309,309,323,323,323,323],"floor_reached":23,"language":"ENG","playtime":1476,"items_purged":[],"score":247,"play_id":"6939e946-2dad-4a0f-8c94-878487272a1c","local_time":"20210120185820","is_ascension_mode":true,"campfire_choices":[{"floor":10.0,"key":"REST"},{"floor":15.0,"key":"REST"}],"circlet_count":0,"master_deck":["Bromod:Strike_Bro","Bromod:Strike_Bro","Bromod:Strike_Bro+1","Bromod:Defend_Bro","Bromod:Defend_Bro","Bromod:Defend_Bro","Bromod:Defend_Bro","Bromod:SlashDash","Bromod:SlashDash","Bromod:SlashDash+1","Bromod:SlashDash","TheCursedMod:Dregs","Bromod:RadialJavelin","Bromod:OrganShatter","Bromod:OrganShatter","Bromod:RelentlessCombination+1","Bromod:FinishingTouch","Bromod:BulletJump","Bromod:BriefRespite+1","Bromod:EnergySiphon+1","Thunderclap","Bromod:SlashDash","Bromod:Intensify+1","Bromod:FinishingTouch+1","Bromod:OrganShatter+1","Bromod:BulletJump"],"relics":["Bromod:AscarisDevice","hubris:Backtick","Frozen Egg 2","hubris:DisguiseKit","hubris:OldNail","Gremlin Food","Runesmith:AutoHammer","Shuriken","Bromod:ArcaneEnergize","Bromod:BleedingDragonKey"],"acts_visited":["Exordium","TheCity"],"potions_floor_usage":[21,21],"damage_taken":[{"damage":1.0,"enemies":"Cultist","floor":1.0,"turns":4.0},{"damage":6.0,"enemies":"Jaw Worm","floor":5.0,"turns":2.0},{"damage":26.0,"enemies":"Lagavulin","floor":6.0,"turns":5.0},{"damage":7.0,"enemies":"3 Sentries","floor":8.0,"turns":7.0},{"damage":0.0,"enemies":"Small Slimes","floor":11.0,"turns":3.0},{"damage":0.0,"enemies":"Gremlin Gang","floor":12.0,"turns":1.0},{"damage":14.0,"enemies":"Replay:BlueRogue","floor":13.0,"turns":7.0},{"damage":2.0,"enemies":"2 Fungi Beasts","floor":14.0,"turns":2.0},{"damage":21.0,"enemies":"Slime Boss","floor":16.0,"turns":5.0},{"damage":7.0,"enemies":"3 Byrds","floor":18.0,"turns":4.0},{"damage":12.0,"enemies":"2 Thieves","floor":19.0,"turns":4.0},{"damage":14,"enemies":"Shelled Parasite and Fungi","floor":21,"turns":3},{"damage":11,"enemies":"Slavers","floor":23,"turns":2}],"seed_played":"-3680734104154916407","potions_obtained":[{"floor":1.0,"key":"blueLaboratory:BubblePotion"},{"floor":5.0,"key":"PowerPotion"},{"floor":8.0,"key":"Cursed Concoction"},{"floor":11.0,"key":"Adrenaline Potion"},{"floor":12.0,"key":"EssenceOfSteel"},{"floor":19.0,"key":"Bromod:HealthRestore"},{"floor":21,"key":"Strength Potion"}],"is_trial":false,"path_per_floor":["M","?","?","$","M","E","?","E","T","R","M","M","E","M","R","B",null,"M","M","?","M","?","E"],"character_chosen":"THE_EXALTED","items_purchased":["Bromod:OrganShatter","Bromod:RelentlessCombination"],"campfire_rested":2,"item_purchase_floors":[4,4],"current_hp_per_floor":[74,74,74,74,68,42,41,34,34,56,56,56,42,40,62,41,75,68,56,19,7,7,0,0],"gold":323,"neow_bonus":"BOSS_RELIC","is_daily":false,"chose_seed":false,"campfire_upgraded":0,"win_rate":0.0,"timestamp":1611187100,"path_taken":["M","?","?","$","M","E","?","E","T","R","M","M","E","M","R","BOSS","M","?","?","M","?","E"],"items_purchased_type":["Card","Card"],"build_version":"2020-12-22","purchased_purges":0,"victory":false,"max_hp_per_floor":[75,75,75,75,75,75,75,75,75,75,75,75,75,75,75,75,75,75,75,19,19,19,19,19],"relic_stats":{"counters":[13,49],"Shuriken":[13],"obtain_stats":[{"Gremlin Food":8,"Bromod:AscarisDevice":0,"hubris:DisguiseKit":2,"hubris:Backtick":0,"Shuriken":13,"Bromod:ArcaneEnergize":17,"Runesmith:AutoHammer":9,"Bromod:BleedingDragonKey":20,"Bromod:Ordis":0,"Frozen Egg 2":0,"hubris:OldNail":6},{"Gremlin Food":4,"Bromod:AscarisDevice":0,"hubris:DisguiseKit":1,"hubris:Backtick":0,"Shuriken":7,"Bromod:ArcaneEnergize":9,"Runesmith:AutoHammer":4,"Bromod:BleedingDragonKey":11,"Bromod:Ordis":0,"Frozen Egg 2":0,"hubris:OldNail":3},{"Gremlin Food":18,"Bromod:AscarisDevice":0,"hubris:DisguiseKit":4,"hubris:Backtick":0,"Shuriken":29,"Bromod:ArcaneEnergize":36,"Runesmith:AutoHammer":18,"Bromod:BleedingDragonKey":44,"Bromod:Ordis":0,"Frozen Egg 2":0,"hubris:OldNail":11}]},"card_choices":[{"not_picked":["Bromod:KillingBlow","Bromod:PressurePoint"],"picked":"Bromod:SlashDash","floor":1.0},{"not_picked":[],"picked":"Bromod:RadialJavelin","floor":3.0},{"not_picked":["Bromod:Maglev","Bromod:HornetStrike","Sentinel"],"picked":"Bromod:FinishingTouch","floor":5.0},{"not_picked":["Bromod:ShatteringImpact","Bromod:SlashDash","hubris:CleavingFinish"],"picked":"Bromod:BulletJump","floor":6.0},{"not_picked":["Bromod:Serration","Bromod:PressurePoint","Limit Break"],"picked":"Bromod:BriefRespite+1","floor":8.0},{"not_picked":["Bromod:SteelFiber+1","Bromod:Berserker+1","Perfected Strike"],"picked":"Bromod:EnergySiphon+1","floor":11.0},{"not_picked":["Bromod:PressurePoint","Bromod:FormaBlueprint","Bromod:FastHands"],"picked":"Thunderclap","floor":12.0},{"not_picked":["Bromod:Fury","Bromod:RendingStrike","Combust"],"picked":"Bromod:SlashDash","floor":13.0},{"not_picked":["Bromod:FastHands","Bromod:RadialBlind","Bromod:Reflection","Hemokinesis"],"picked":"SKIP","floor":14.0},{"not_picked":["Bromod:FashionFrame","Bromod:ChillingReload","Juggernaut"],"picked":"Bromod:Intensify+1","floor":16.0},{"not_picked":["Bromod:FastHands+1","Bromod:Reflection","Carnage"],"picked":"Bromod:FinishingTouch+1","floor":18.0},{"not_picked":["Bromod:ShatteringImpact","Bromod:BulletJump","Replay:Undeath\u0027s Touch"],"picked":"Bromod:OrganShatter+1","floor":19.0},{"not_picked":["Bromod:Reflection","Bromod:QuickDraw","Body Slam"],"picked":"Bromod:BulletJump","floor":21}],"player_experience":417459,"relics_obtained":[{"floor":6.0,"key":"hubris:OldNail"},{"floor":8.0,"key":"Gremlin Food"},{"floor":9.0,"key":"Runesmith:AutoHammer"},{"floor":13.0,"key":"Shuriken"}],"event_choices":[{"damage_healed":0.0,"max_hp_gain":0.0,"max_hp_loss":0.0,"gold_gain":0.0,"event_name":"betterSkull:BetterSkull","player_choice":"","floor":7.0,"gold_loss":0.0,"damage_taken":1.0,"cards_upgraded":[],"relics_obtained":[]},{"damage_healed":0,"gold_gain":0,"player_choice":"Forge","damage_taken":0,"max_hp_gain":0,"max_hp_loss":0,"event_name":"Accursed Blacksmith","floor":22,"gold_loss":0,"cards_upgraded":["Bromod:RelentlessCombination"]}],"is_beta":false,"boss_relics":[{"not_picked":["Tiny House","Runic Dome"],"picked":"Bromod:ArcaneEnergize"}],"items_purged_floors":[],"is_endless":false,"potions_floor_spawned":[1,5,8,11,12,19,21],"killed_by":"Slavers","ascension_level":1}}