{"host":"dm4yvegl9um2tlqd","time":1611146944,"event":{"mods":["2.2 Compatiblity","AchievementEnabler","BaseMod","Colored Map","DeckTracker","Highlight Path","KOR Keyword Fix","Keyboard Shortcuts","Minty Spire (QoL Compilation)","Permanent Neow","Quick Restart","Random Character Button","StSLib","SuperFastMode","everything is the same but u backflip on backflip"],"gold_per_floor":[109,109,12,37,58,58,81,81,106,106,125,30,71,95,95,216,216,232,256,300,321,321,321,340,340,340],"floor_reached":25,"language":"KOR","playtime":906,"items_purged":[],"score":297,"play_id":"30e0c8a4-e403-433c-aba5-d76076f6c0ee","local_time":"20210120214904","is_ascension_mode":true,"campfire_choices":[{"data":"Neutralize","floor":6.0,"key":"SMITH"},{"data":"Blade Dance","floor":8.0,"key":"SMITH"},{"data":"Quick Slash","floor":10.0,"key":"SMITH"},{"data":"Impatience","floor":15.0,"key":"SMITH"},{"floor":23.0,"key":"REST"}],"circlet_count":0,"master_deck":["Strike_G","Strike_G","Strike_G","Defend_G","Defend_G","Defend_G","Defend_G","Defend_G","Survivor","Neutralize+1","Flash of Steel","Blade Dance+1","Quick Slash+1","Impatience+1","Calculated Gamble","Backflip","A Thousand Cuts","Well Laid Plans+1","Burst"],"relics":["Ring of the Snake","Golden Idol","Pen Nib","Lantern","WristBlade","Red Mask"],"acts_visited":["Exordium","TheCity"],"potions_floor_usage":[24,25],"damage_taken":[{"damage":10.0,"enemies":"Small Slimes","floor":1.0,"turns":4.0},{"damage":9.0,"enemies":"Jaw Worm","floor":4.0,"turns":7.0},{"damage":0.0,"enemies":"Cultist","floor":5.0,"turns":3.0},{"damage":0.0,"enemies":"Looter","floor":7.0,"turns":3.0},{"damage":0.0,"enemies":"2 Fungi Beasts","floor":11.0,"turns":2.0},{"damage":19.0,"enemies":"Lagavulin","floor":13.0,"turns":7.0},{"damage":0.0,"enemies":"Blue Slaver","floor":14.0,"turns":2.0},{"damage":17.0,"enemies":"The Guardian","floor":16.0,"turns":15.0},{"damage":6.0,"enemies":"2 Thieves","floor":18.0,"turns":2.0},{"damage":3.0,"enemies":"Chosen","floor":19.0,"turns":2.0},{"damage":0.0,"enemies":"Masked Bandits","floor":20.0,"turns":2.0},{"damage":19.0,"enemies":"Sentry and Sphere","floor":21.0,"turns":4.0},{"damage":16,"enemies":"Snecko","floor":24,"turns":4},{"damage":18,"enemies":"Snake Plant","floor":25,"turns":2}],"seed_played":"7681918694488465284","potions_obtained":[{"floor":7.0,"key":"Energy Potion"},{"floor":13.0,"key":"Block Potion"},{"floor":16.0,"key":"LiquidBronze"},{"floor":18.0,"key":"FearPotion"},{"floor":19.0,"key":"Poison Potion"}],"is_trial":false,"path_per_floor":["M","?","$","M","M","R","M","R","T","R","M","$","E","M","R","B",null,"M","M","?","M","?","R","M","M"],"character_chosen":"THE_SILENT","items_purchased":["Flash of Steel","Impatience"],"campfire_rested":1,"item_purchase_floors":[3,12],"current_hp_per_floor":[53,53,53,44,44,44,44,44,44,44,44,44,25,25,25,8,46,40,37,37,18,13,30,14,0,0],"gold":340,"neow_bonus":"REMOVE_TWO","is_daily":false,"chose_seed":false,"campfire_upgraded":4,"win_rate":0.0,"timestamp":1611146944,"path_taken":["M","?","$","M","M","R","M","R","T","R","M","$","E","M","R","BOSS","M","M","?","M","?","R","M","M"],"items_purchased_type":["Card","Card"],"build_version":"2020-12-22","purchased_purges":0,"victory":false,"max_hp_per_floor":[63,58,58,58,58,58,58,58,58,58,58,58,58,58,58,58,58,58,58,58,58,58,58,58,58,58],"card_choices":[{"not_picked":["PiercingWail","Underhanded Strike","Distraction"],"picked":"SKIP","floor":1.0},{"not_picked":["PiercingWail","Footwork"],"picked":"Blade Dance","floor":4.0},{"not_picked":["Sucker Punch","Dagger Throw"],"picked":"Quick Slash","floor":5.0},{"not_picked":["Cloak And Dagger","Deadly Poison","Flying Knee"],"picked":"SKIP","floor":7.0},{"not_picked":["Noxious Fumes","Outmaneuver","Dodge and Roll"],"picked":"SKIP","floor":11.0},{"not_picked":["Unload","Deadly Poison"],"picked":"Calculated Gamble","floor":13.0},{"not_picked":["Poisoned Stab","Flechettes"],"picked":"Backflip","floor":14.0},{"not_picked":["Malaise","After Image"],"picked":"A Thousand Cuts","floor":16.0},{"not_picked":["Riddle With Holes+1","Backflip+1"],"picked":"Well Laid Plans+1","floor":18.0},{"not_picked":["Sucker Punch+1","Caltrops+1","Predator+1"],"picked":"SKIP","floor":19.0},{"not_picked":["Skewer","Sucker Punch"],"picked":"Burst","floor":21.0},{"not_picked":["Noxious Fumes","Dagger Spray+1","Sucker Punch"],"picked":"SKIP","floor":24}],"player_experience":75973,"relics_obtained":[{"floor":9.0,"key":"Pen Nib"},{"floor":13.0,"key":"Lantern"},{"floor":20.0,"key":"Red Mask"}],"event_choices":[{"damage_healed":0.0,"max_hp_gain":0.0,"max_hp_loss":5.0,"gold_gain":0.0,"event_name":"Golden Idol","player_choice":"Lose Max HP","floor":2.0,"gold_loss":0.0,"damage_taken":0.0,"relics_obtained":["Golden Idol"]},{"damage_healed":0.0,"max_hp_gain":0.0,"max_hp_loss":0.0,"gold_gain":0.0,"event_name":"Masked Bandits","player_choice":"Fought Bandits","floor":20.0,"gold_loss":0.0,"damage_taken":0.0},{"damage_healed":0.0,"max_hp_gain":0.0,"max_hp_loss":0.0,"gold_gain":0.0,"event_name":"Wheel of Change","player_choice":"Damaged","floor":22.0,"gold_loss":0.0,"damage_taken":5.0}],"is_beta":false,"boss_relics":[{"not_picked":["Pandora\u0027s Box","Philosopher\u0027s Stone"],"picked":"WristBlade"}],"items_purged_floors":[],"is_endless":false,"potions_floor_spawned":[7,13,16,18,19,21],"killed_by":"Snake Plant","ascension_level":9}}