{"host":"rewczy2ihmzhwqlt","time":1611108666,"event":{"mods":["2.2 Compatiblity","Act Like it!","BaseMod","Gensokyo","Minty Spire (QoL Compilation)","Permanent Neow","Quick Restart","Rare Cards Sparkle","Replay The Spire","StSLib"],"gold_per_floor":[118,118,118,130,40,69,69,69,69,81,116,116,128,58,58,158,158,174,174,174,186,186,219,235,260,260,260,271,76,107,122,122,421,421,438,438,454,454,510,510,539,549,549,549,560,108,126,137,137,137],"floor_reached":51,"language":"ZHS","playtime":4690,"items_purged":["Strike_P+1"],"score":1361,"play_id":"cec4b172-d069-4148-bdfe-bab5549375ba","local_time":"20210120101106","is_ascension_mode":true,"campfire_choices":[{"data":"Eruption","floor":15.0,"key":"SMITH"},{"data":"Omniscience","floor":40.0,"key":"SMITH"},{"data":"Gensokyo:UnlikelyAid","floor":44.0,"key":"SMITH"}],"circlet_count":0,"master_deck":["AscendersBane","Strike_P+1","Defend_P+1","Defend_P+1","Eruption+1","Vigilance+1","Meditate+1","JustLucky+1","Madness+1","Replay:ManipulateFuture+1","Consecrate+1","Replay:Cycle+1","Replay:Cycle+1","ConjureBlade+1","LessonLearned+1","EmptyMind+1","Gensokyo:Taser","Omniscience+1","Adaptation+1","Gensokyo:UnlikelyAid+1","TalkToTheHand+1","DevaForm+1"],"relics":["Replay:Drink Me","Ring of Searing","ReplayTheSpireMod:Ring of Addiction","White Beast Statue","Chameleon Ring","Onion Ring","Gensokyo:CelestialsFlawlessClothing","Replay:Baseball","TeardropLocket","ReplayTheSpireMod:DimensionalGlitch","Gensokyo:MosesMiracle","Omamori","Potion Belt","Replay:Ringing Soul","Gensokyo:SongOfSouls","Gremlin Horn","Orichalcum","Torii","Calling Bell","ReplayTheSpireMod:TigerMarble","Quantum Egg","Ginger","Anchor","Divine Protection","Golden Egg","TheAbacus","Nunchaku"],"acts_visited":["Exordium","Gensokyo:Gensokyo","Gensokyo:Gensokyoer"],"potions_floor_usage":[50,50],"damage_taken":[{"damage":0.0,"enemies":"Gensokyo:Python","floor":1.0,"turns":4.0},{"damage":11.0,"enemies":"Gensokyo:Gryphon","floor":4.0,"turns":3.0},{"damage":7.0,"enemies":"Gensokyo:Cirno","floor":6.0,"turns":7.0},{"damage":2.0,"enemies":"Gensokyo:2_Kodama","floor":10.0,"turns":3.0},{"damage":2.0,"enemies":"Gensokyo:Mamizou","floor":11.0,"turns":5.0},{"damage":0.0,"enemies":"Gensokyo:Kitsune","floor":13.0,"turns":1.0},{"damage":0.0,"enemies":"Gensokyo:Reimu","floor":16.0,"turns":5.0},{"damage":8.0,"enemies":"Gensokyo:Chomper","floor":18.0,"turns":3.0},{"damage":0.0,"enemies":"Gensokyo:2_Gloops","floor":21.0,"turns":3.0},{"damage":0.0,"enemies":"Gensokyo:Tenshi","floor":23.0,"turns":2.0},{"damage":0.0,"enemies":"Gensokyo:Swordslinger","floor":24.0,"turns":2.0},{"damage":0.0,"enemies":"Gensokyo:Reisen","floor":25.0,"turns":2.0},{"damage":0.0,"enemies":"Gensokyo:Chomper_and_Gloop","floor":28.0,"turns":2.0},{"damage":7.0,"enemies":"Gensokyo:Koishi","floor":30.0,"turns":3.0},{"damage":13.0,"enemies":"Gensokyo:Mirror_and_Dog","floor":31.0,"turns":3.0},{"damage":5.0,"enemies":"Gensokyo:Kaguya","floor":33.0,"turns":6.0},{"damage":8.0,"enemies":"Gensokyo:AncientGuardian","floor":35.0,"turns":2.0},{"damage":0.0,"enemies":"Gensokyo:3_Bats","floor":37.0,"turns":1.0},{"damage":16.0,"enemies":"Gensokyo:3_Bats","floor":38.0,"turns":5.0},{"damage":0.0,"enemies":"Gensokyo:Kasen","floor":41.0,"turns":2.0},{"damage":7.0,"enemies":"Gensokyo:SeedOfUnknown","floor":42.0,"turns":2.0},{"damage":0.0,"enemies":"Gensokyo:4_Bats","floor":45.0,"turns":2.0},{"damage":0.0,"enemies":"Gensokyo:3_Boulders","floor":47.0,"turns":3.0},{"damage":0.0,"enemies":"Gensokyo:Sharpion","floor":48.0,"turns":2.0},{"damage":9,"enemies":"Gensokyo:Scarlet_Devils","floor":50,"turns":8}],"seed_played":"-6483565600417494145","potions_obtained":[{"floor":1.0,"key":"Block Potion"},{"floor":2.0,"key":"StancePotion"},{"floor":4.0,"key":"Block Potion"},{"floor":6.0,"key":"SkillPotion"},{"floor":10.0,"key":"GamblersBrew"},{"floor":11.0,"key":"DistilledChaos"},{"floor":13.0,"key":"LifebloodPotion"},{"floor":16.0,"key":"Flashbang"},{"floor":18.0,"key":"SteroidPotion"},{"floor":21.0,"key":"DistilledChaos"},{"floor":23.0,"key":"PowerPotion"},{"floor":24.0,"key":"StancePotion"},{"floor":25.0,"key":"SteroidPotion"},{"floor":28.0,"key":"FearPotion"},{"floor":30.0,"key":"FairyPotion"},{"floor":31.0,"key":"Venom Potion"},{"floor":33.0,"key":"BlessingOfTheForge"},{"floor":35.0,"key":"Elixir"},{"floor":37.0,"key":"Elixir"},{"floor":39.0,"key":"Death Potion"},{"floor":41.0,"key":"EssenceOfSteel"},{"floor":42.0,"key":"PowerPotion"},{"floor":45.0,"key":"LiquidBronze"},{"floor":47.0,"key":"Elixir"},{"floor":48.0,"key":"Dexterity Potion"},{"floor":49.0,"key":"CultistPotion"},{"floor":49.0,"key":"Flashbang"}],"is_trial":false,"path_per_floor":["M","?","?","M","$","E","?","$","T","M","E","?","M","?","R","B",null,"M","?","?","M","T","E","M","E","T","?","M","COS","E","M","R","B",null,"M","?","M","?","?","R","E","M","T","R","M","$","M","M","R","B",null],"character_chosen":"WATCHER","items_purchased":["Madness","TheAbacus","TalkToTheHand","Nunchaku"],"campfire_rested":0,"item_purchase_floors":[5,46,46,46],"current_hp_per_floor":[54,54,44,33,33,26,13,13,13,11,9,14,14,14,14,14,45,37,37,37,37,37,37,37,37,37,37,37,40,33,20,35,33,50,45,45,45,48,34,34,34,27,27,27,27,30,30,33,33,24],"gold":137,"neow_bonus":"BOSS_RELIC","is_daily":false,"chose_seed":false,"campfire_upgraded":3,"win_rate":0.0,"timestamp":1611108666,"path_taken":["M","?","?","M","?","E","?","$","T","?","E","?","M","?","R","BOSS","M","?","?","M","?","E","M","E","T","?","M","COS","E","?","R","BOSS","M","?","?","?","?","R","E","M","T","R","M","$","M","?","R","BOSS"],"items_purchased_type":["Card","Relic","Card","Relic"],"build_version":"2020-12-22","purchased_purges":1,"victory":true,"max_hp_per_floor":[54,54,54,54,54,52,52,52,52,50,50,55,55,55,55,55,55,55,55,53,53,53,51,51,51,51,51,51,52,52,52,52,55,55,58,58,56,59,59,59,59,59,59,59,59,62,62,65,65,65],"card_choices":[{"not_picked":["Replay:BluntJabs","ThirdEye"],"picked":"Meditate","floor":1.0},{"not_picked":["Judgement","Meditate"],"picked":"JustLucky","floor":4.0},{"not_picked":["FlyingSleeves","Crescendo"],"picked":"Replay:ManipulateFuture","floor":6.0},{"not_picked":["Swivel","Nirvana"],"picked":"Consecrate","floor":10.0},{"not_picked":["Replay:ManipulateFuture","Replay:DivineShield"],"picked":"Replay:Cycle","floor":11.0},{"not_picked":["InnerPeace","Collect"],"picked":"Replay:Cycle","floor":13.0},{"not_picked":["Ragnarok","Judgement"],"picked":"ConjureBlade","floor":16.0},{"not_picked":["CrushJoints+1","BowlingBash","FlyingSleeves"],"picked":"SKIP","floor":18.0},{"not_picked":["BattleHymn","Prostrate+1","SashWhip"],"picked":"SKIP","floor":21.0},{"not_picked":["CarveReality+1","Pray"],"picked":"EmptyMind","floor":23.0},{"not_picked":["EmptyFist","Indignation+1","SashWhip"],"picked":"SKIP","floor":24.0},{"not_picked":["Establishment","Replay:DivineShield","Wireheading"],"picked":"SKIP","floor":25.0},{"not_picked":["Nirvana","ClearTheMind","ForeignInfluence"],"picked":"SKIP","floor":28.0},{"not_picked":["WaveOfTheHand","CarveReality","Replay:BluntJabs"],"picked":"SKIP","floor":30.0},{"not_picked":["EmptyBody","JustLucky","PathToVictory+1"],"picked":"SKIP","floor":31.0},{"not_picked":["Blasphemy","MasterReality"],"picked":"Omniscience","floor":33.0},{"not_picked":["PathToVictory","ReachHeaven"],"picked":"Adaptation+1","floor":35.0},{"not_picked":["Replay:BluntJabs","SashWhip+1","BowlingBash"],"picked":"SKIP","floor":37.0},{"not_picked":["Gensokyo:DreamlikeParadise","Gensokyo:RainbowDanmaku"],"picked":"Gensokyo:UnlikelyAid","floor":38.0},{"not_picked":["Replay:Hum","Replay:DivineShield","JustLucky"],"picked":"SKIP","floor":41.0},{"not_picked":["SandsOfTime","ReachHeaven","FlurryOfBlows"],"picked":"SKIP","floor":42.0},{"not_picked":["Crescendo","SandsOfTime","Consecrate"],"picked":"SKIP","floor":45.0},{"not_picked":["FollowUp","Replay:Battleflow","ThirdEye"],"picked":"SKIP","floor":47.0},{"not_picked":["Collect","FlurryOfBlows+1"],"picked":"DevaForm","floor":48.0}],"player_experience":600191,"relics_obtained":[{"floor":2.0,"key":"Ring of Searing"},{"floor":2.0,"key":"ReplayTheSpireMod:Ring of Addiction"},{"floor":2.0,"key":"White Beast Statue"},{"floor":2.0,"key":"Chameleon Ring"},{"floor":6.0,"key":"Onion Ring"},{"floor":9.0,"key":"Replay:Baseball"},{"floor":11.0,"key":"TeardropLocket"},{"floor":23.0,"key":"Omamori"},{"floor":24.0,"key":"Gensokyo:MosesMiracle"},{"floor":25.0,"key":"Potion Belt"},{"floor":26.0,"key":"Replay:Ringing Soul"},{"floor":30.0,"key":"Gremlin Horn"},{"floor":34.0,"key":"ReplayTheSpireMod:TigerMarble"},{"floor":34.0,"key":"Quantum Egg"},{"floor":34.0,"key":"Ginger"},{"floor":39.0,"key":"Anchor"},{"floor":41.0,"key":"Divine Protection"},{"floor":43.0,"key":"Golden Egg"}],"event_choices":[],"is_beta":false,"boss_relics":[{"not_picked":["Honey Jar","Ectoplasm"],"picked":"ReplayTheSpireMod:DimensionalGlitch"},{"not_picked":["SlaversCollar","Kintsugi"],"picked":"Calling Bell"}],"items_purged_floors":[46],"is_endless":false,"potions_floor_spawned":[1,4,6,10,11,13,16,18,21,23,24,25,28,30,31,33,35,37,41,42,45,47,48],"ascension_level":12}}