{"host":"7fomwthvpaeu368e","time":1611136735,"event":{"mods":["ATMod(∞¢Ë™Mod)","AchievementEnabler","Act Like it!","Arknights The Spire","Aspiration","Astrologer","BaseMod","Downfall","Gensokyo","Highlight Path","KinomotoSakuraMod(ƒæ÷Æ±æ”£)","KomeijiMod","Marisa£®ÏF”Í°°ƒß¿Ì…≥£©","Minty Spire (QoL Compilation)","Remilia£®¿Ÿ√◊¿Ú—«£©","StSLib","The Administrix","The Alterego","The Bug Knight","The Cursed","The Gatherer","The Hierophant","The Runesmith","The Servant 0.9.4","WarShipGirlsR/’ΩΩ¢…Ÿ≈ÆR mod","Youmu£®ªÍ∆«—˝√Œ£©","Yuri Mod","[IsaacMod]“‘»ˆº‚À˛"],"gold_per_floor":[115,127,142,142,19,19,45,45,69,69,83,103,114,15,15,117,117,135,135,182,152,171,190,219,33,33,33,33,44,62,75,75,174,174,186,196,38,57,57,57,57,57],"floor_reached":41,"language":"ZHS","playtime":2277,"items_purged":["Injury","Defend_B"],"score":415,"play_id":"cbaec43d-fc00-4435-960f-ec35ee6d1d13","local_time":"20210120175855","is_ascension_mode":false,"campfire_choices":[{"data":"Chaos","floor":6,"key":"SMITH"},{"data":"Zap","floor":8,"key":"SMITH"},{"data":"AT_FamilyPortrait","floor":15,"key":"SMITH"},{"data":"Hologram","floor":27,"key":"SMITH"},{"data":"Rainbow","floor":32,"key":"SMITH"},{"data":"ElectricPowerLearning","floor":40,"key":"SMITH"}],"circlet_count":0,"master_deck":["Defend_B","Zap+1","Dualcast","AT_FamilyPortrait+1","Chill","Gash","Chaos+1","Streamline+1","Barrage+1","White Noise","Go for the Eyes+1","Gash+1","Go for the Eyes+1","Rainbow+1","AT_EmpoweredMortalDraw+1","Beam Cell+1","Slimebound:Tackle+1","Slimebound:Tackle+1","Slimebound:Tackle+1","AT_HeatAcrobatics","AT_HeatAcrobatics","AT_DarkMatter","Beam Cell+1","Pulse","Hologram+1","Conserve Battery","Cold Snap+1","Beam Cell+1","ElectricPowerLearning+1","Compile Driver+1","Enlightenment","AT_ThunderBolt"],"relics":["Cracked Core","AT_ATBox","HushsDoor","PokeGo","aspiration:Nostalgia","Burning Blood","Molten Egg 2","AT_ChloranthyRing","AT_MortalBlade","Dream Catcher","MawBank","HowToJump","Empty Cage"],"acts_visited":["Exordium","TheCity","TheBeyond"],"potions_floor_usage":[16,16,16,24,31,33],"damage_taken":[{"damage":2,"enemies":"Small Slimes","floor":1,"turns":3},{"damage":4,"enemies":"Jaw Worm","floor":2,"turns":3},{"damage":2,"enemies":"2 Louse","floor":3,"turns":2},{"damage":22,"enemies":"Lagavulin","floor":7,"turns":4},{"damage":10,"enemies":"Looter","floor":11,"turns":2},{"damage":11,"enemies":"Red Slaver","floor":12,"turns":2},{"damage":7,"enemies":"Blue Slaver","floor":13,"turns":2},{"damage":3,"enemies":"Hexaghost","floor":16,"turns":5},{"damage":12,"enemies":"Shell Parasite","floor":18,"turns":4},{"damage":6,"enemies":"Spheric Guardian","floor":22,"turns":2},{"damage":4,"enemies":"Snecko","floor":23,"turns":3},{"damage":30,"enemies":"Slavers","floor":24,"turns":3},{"damage":0,"enemies":"3 Cultists","floor":29,"turns":2},{"damage":7,"enemies":"Centurion and Healer","floor":30,"turns":5},{"damage":15,"enemies":"Snecko","floor":31,"turns":4},{"damage":27,"enemies":"Automaton","floor":33,"turns":6},{"damage":8,"enemies":"Orb Walker","floor":35,"turns":3},{"damage":0,"enemies":"3 Shapes","floor":36,"turns":2},{"damage":35,"enemies":"3 Darklings","floor":38,"turns":6},{"damage":66,"enemies":"Writhing Mass","floor":41,"turns":4}],"seed_played":"-6514004597794806071","potions_obtained":[{"floor":2,"key":"AttackPotion"},{"floor":3,"key":"BlessingOfTheForge"},{"floor":13,"key":"FocusPotion"},{"floor":18,"key":"Explosive Potion"},{"floor":29,"key":"ColorlessPotion"},{"floor":31,"key":"Ancient Potion"},{"floor":33,"key":"AttackPotion"},{"floor":35,"key":"PotionOfCapacity"},{"floor":38,"key":"CultistPotion"}],"is_trial":false,"path_per_floor":["M","M","M","?","$","R","E","R","T","?","M","M","M","$","R","B",null,"M","?","T","?","M","M","E","$","T","R","$","M","M","M","R","B",null,"M","M","$","M","?","R","M"],"character_chosen":"DEFECT","items_purchased":["Streamline+1","Gash+1","Go for the Eyes+1","Hologram","Conserve Battery","Enlightenment","AT_ThunderBolt"],"campfire_rested":0,"item_purchase_floors":[5,14,14,25,25,37,37],"current_hp_per_floor":[75,75,75,75,75,75,59,59,59,52,48,43,42,42,42,45,75,69,69,69,69,69,71,47,47,47,47,47,53,52,43,43,22,75,73,75,75,46,46,46,0,0],"gold":57,"neow_bonus":"NOSTALGIA","is_daily":false,"chose_seed":false,"campfire_upgraded":6,"win_rate":0.0,"timestamp":1611136735,"path_taken":["M","M","M","?","$","R","E","R","T","?","M","M","?","$","R","BOSS","M","?","?","?","M","M","E","$","T","R","?","M","?","M","R","BOSS","M","?","$","M","?","R","M"],"items_purchased_type":["Card","Card","Card","Card","Card","Card","Card"],"build_version":"2020-12-22","purchased_purges":2,"victory":false,"max_hp_per_floor":[75,75,75,75,75,75,75,75,75,75,75,75,75,75,75,75,75,75,75,75,75,75,75,75,75,75,75,75,75,75,75,75,75,75,75,75,75,75,75,75,75,75],"card_choices":[{"not_picked":[],"picked":"Bomb","floor":0},{"not_picked":["Rip and Tear","Cold Snap"],"picked":"Chill","floor":1},{"not_picked":["Rip and Tear","Stack"],"picked":"Gash","floor":2},{"not_picked":["Scrape","Stack"],"picked":"Chaos","floor":3},{"not_picked":["Consume","Leap"],"picked":"Barrage+1","floor":7},{"not_picked":["Skim","Consume"],"picked":"White Noise","floor":11},{"not_picked":["Conserve Battery","Doom and Gloom+1"],"picked":"Go for the Eyes+1","floor":12},{"not_picked":["Rebound+1","Defragment","Barrage+1"],"picked":"SKIP","floor":13},{"not_picked":["AT_WaterDrop","Thunder Strike+1"],"picked":"Rainbow","floor":16},{"not_picked":["Blizzard+1","FTL+1"],"picked":"Beam Cell+1","floor":18},{"not_picked":[],"picked":"AT_HeatAcrobatics","floor":21},{"not_picked":[],"picked":"AT_HeatAcrobatics","floor":21},{"not_picked":["Compile Driver+1","Auto Shields"],"picked":"AT_DarkMatter","floor":22},{"not_picked":["Consume","Barrage+1"],"picked":"Beam Cell+1","floor":23},{"not_picked":["Scrape+1","Genetic Algorithm"],"picked":"Pulse","floor":24},{"not_picked":["Auto Shields+1","Steam+1","Coolheaded"],"picked":"SKIP","floor":29},{"not_picked":["Go for the Eyes+1","Redo"],"picked":"Cold Snap+1","floor":30},{"not_picked":["Cold Snap+1","Coolheaded+1"],"picked":"Beam Cell+1","floor":31},{"not_picked":["Seek","Buffer"],"picked":"ElectricPowerLearning","floor":33},{"not_picked":["Darkness","Barrage+1","AT_EMC2+1"],"picked":"SKIP","floor":35},{"not_picked":["Cancel+1","Rebound+1"],"picked":"Compile Driver+1","floor":36},{"not_picked":["Barrage+1","Hologram","AT_HeatAcrobatics"],"picked":"SKIP","floor":38}],"player_experience":29156,"relics_obtained":[{"floor":9,"key":"AT_ChloranthyRing"},{"floor":20,"key":"Dream Catcher"},{"floor":24,"key":"MawBank"},{"floor":26,"key":"HowToJump"}],"event_choices":[{"cards_removed":["Strike_B"],"damage_healed":0,"gold_gain":0,"player_choice":"Card Removal","damage_taken":7,"max_hp_gain":0,"max_hp_loss":0,"event_name":"Golden Wing","floor":10,"gold_loss":0}],"is_beta":false,"boss_relics":[{"not_picked":["Philosopher\u0027s Stone","AT_TrinityForce"],"picked":"AT_MortalBlade"},{"not_picked":[]},{"not_picked":["aspiration:RitualDagger","Coffee Dripper"],"picked":"Empty Cage"},{"not_picked":[]}],"items_purged_floors":[5,25],"is_endless":false,"potions_floor_spawned":[2,3,13,18,29,31,33,35,38],"killed_by":"Writhing Mass","ascension_level":0}}