{"host":"xkmvu47k9fdstweo","time":1611110599,"event":{"mods":["BaseMod","Colored Map","Conspire","Hubris","Minty Spire (QoL Compilation)","Quick Restart","Railgun Mod","Shop Mod","StSLib","The Alterego","The Animator","The Servant 0.9.4","The Wild Card","TheBandit","WarShipGirlsR/??è≠èóR mod","vexMod"],"gold_per_floor":[99,99,99,89,89,89,89,89,89,14,14,0,0,0,0,0,0,0,0,0,0,0,0,0],"floor_reached":23,"language":"ENG","playtime":971,"items_purged":["animator:Strike"],"score":256,"play_id":"0d7d6894-a911-4018-9d6f-c040d7c79ccf","local_time":"20210119214319","is_ascension_mode":true,"campfire_choices":[{"data":"animator:KrulTepes","floor":8.0,"key":"SMITH"},{"floor":15.0,"key":"REST"}],"circlet_count":0,"master_deck":["animator:Strike_AccelWorld+1","animator:Defend_AccelWorld+1","animator:Strike+1","animator:Strike+1","animator:Defend+1","animator:Defend+1","animator:Defend+1","animator:Kuroyukihime","animator:LimeBell","animator:MetalKnight","animator:Yoichi+1","animator:HiiragiShinya","animator:Shuna+1","animator:KrulTepes+1","animator:Souei+1","animator:Lancer+1","animator:Biyorigo+1","animator:Shiro+1","animator:Millim","hubris:NaturalOne","animator:Kuribayashi"],"relics":["animator:TheMissingPiece","animator:PurgingStone","Ectoplasm","Du-Vu Doll","animator:WornHelmet","Blood Vial","Ornamental Fan","hubris:Icosahedron","Centennial Puzzle","Blood Vial","vexMod:ImprovementManual","Paper Frog","Nilry\u0027s Codex","MutagenicStrength"],"acts_visited":["Exordium","TheCity"],"potions_floor_usage":[],"damage_taken":[{"damage":0.0,"enemies":"Cultist","floor":1.0,"turns":3.0},{"damage":0.0,"enemies":"Small Slimes","floor":2.0,"turns":4.0},{"damage":18.0,"enemies":"Lagavulin","floor":6.0,"turns":10.0},{"damage":0.0,"enemies":"2 Louse","floor":7.0,"turns":4.0},{"damage":7.0,"enemies":"3 Sentries","floor":11.0,"turns":8.0},{"damage":0.0,"enemies":"Exordium Thugs","floor":12.0,"turns":4.0},{"damage":33.0,"enemies":"Gremlin Nob","floor":14.0,"turns":5.0},{"damage":4.0,"enemies":"Slime Boss","floor":16.0,"turns":12.0},{"damage":4.0,"enemies":"Chosen","floor":18.0,"turns":5.0},{"damage":25.0,"enemies":"conspire:MimicChest","floor":20.0,"turns":6.0},{"damage":0,"enemies":"Book of Stabbing","floor":23,"turns":1}],"seed_played":"-7940682733540921729","potions_obtained":[{"floor":1.0,"key":"Fire Potion"},{"floor":2.0,"key":"animator:FalseLifePotion"},{"floor":12.0,"key":"Strength Potion"},{"floor":20.0,"key":"PowerPotion"}],"is_trial":false,"path_per_floor":["M","M","?","?","?","E","M","R","T","$","E","M","?","E","R","B",null,"M","?","?","?","?","E"],"character_chosen":"THE_ANIMATOR","items_purchased":[],"campfire_rested":1,"item_purchase_floors":[],"current_hp_per_floor":[66,66,71,71,71,53,53,53,53,53,46,48,48,17,38,67,70,67,67,46,30,30,32,32],"gold":0,"neow_bonus":"BOSS_RELIC","is_daily":false,"chose_seed":false,"campfire_upgraded":1,"win_rate":0.0,"timestamp":1611110599,"path_taken":["M","?","?","?","?","E","?","R","T","?","E","?","?","E","R","BOSS","M","?","?","?","?","E"],"items_purchased_type":[],"build_version":"2020-12-22","purchased_purges":1,"victory":false,"max_hp_per_floor":[66,66,71,71,71,71,71,71,71,71,71,71,71,71,71,71,71,71,71,71,71,71,71,71],"card_choices":[{"not_picked":["animator:Raven","animator:Spearman"],"picked":"animator:MetalKnight","floor":1.0},{"not_picked":["animator:Spearman","animator:Cocytus"],"picked":"animator:Yoichi","floor":2.0},{"not_picked":[],"picked":"animator:HiiragiShinya","floor":4.0},{"not_picked":["animator:SuzuneAmano","animator:Jibril"],"picked":"animator:Shuna","floor":6.0},{"not_picked":["animator:Shinoa","animator:HiiragiShinya"],"picked":"animator:KrulTepes","floor":7.0},{"not_picked":["animator:Kuribayashi","animator:EmiyaShirou"],"picked":"animator:Souei","floor":11.0},{"not_picked":["animator:FielNirvalen","animator:Geryuganshoop"],"picked":"animator:Lancer","floor":12.0},{"not_picked":["animator:Genos","animator:AcuraAkari"],"picked":"animator:Biyorigo","floor":14.0},{"not_picked":["animator:Father","animator:SwordMaiden"],"picked":"animator:Shiro","floor":16.0},{"not_picked":["animator:Hakurou","animator:Kaijin"],"picked":"animator:Millim","floor":18.0},{"not_picked":["animator:Hitei","animator:LeleiLaLalena"],"picked":"animator:Kuribayashi","floor":20.0}],"player_experience":359275,"relics_obtained":[{"floor":6.0,"key":"Du-Vu Doll"},{"floor":9.0,"key":"animator:WornHelmet"},{"floor":11.0,"key":"Blood Vial"},{"floor":11.0,"key":"Ornamental Fan"},{"floor":14.0,"key":"Centennial Puzzle"},{"floor":16.0,"key":"Blood Vial"},{"floor":20.0,"key":"Paper Frog"},{"floor":21.0,"key":"Nilry\u0027s Codex"}],"event_choices":[{"damage_healed":0.0,"max_hp_gain":5.0,"max_hp_loss":0.0,"gold_gain":0.0,"event_name":"Big Fish","player_choice":"Donut","floor":3.0,"gold_loss":0.0,"damage_taken":0.0},{"damage_healed":0.0,"max_hp_gain":0.0,"max_hp_loss":0.0,"gold_gain":0.0,"event_name":"Upgrade Shrine","player_choice":"Upgraded","floor":5.0,"gold_loss":0.0,"damage_taken":0.0,"cards_upgraded":["animator:Yoichi"]},{"damage_healed":0.0,"max_hp_gain":0.0,"max_hp_loss":0.0,"gold_gain":0.0,"event_name":"Back to Basics","player_choice":"Simplicity","floor":19.0,"gold_loss":0.0,"damage_taken":0.0,"cards_upgraded":["animator:Strike_AccelWorld","animator:Defend_AccelWorld","animator:Strike","animator:Strike","animator:Defend","animator:Defend","animator:Defend"]},{"damage_healed":0.0,"max_hp_gain":0.0,"max_hp_loss":0.0,"gold_gain":0.0,"event_name":"Cursed Tome","player_choice":"Obtained Book","floor":21.0,"gold_loss":0.0,"damage_taken":16.0},{"damage_healed":0.0,"max_hp_gain":0.0,"max_hp_loss":0.0,"gold_gain":0.0,"event_name":"Drug Dealer","player_choice":"Inject Mutagens","floor":22.0,"gold_loss":0.0,"damage_taken":0.0,"relics_obtained":["MutagenicStrength"]}],"is_beta":false,"boss_relics":[{"not_picked":["Velvet Choker","hubris:VirtuousBlindfold"],"picked":"vexMod:ImprovementManual"}],"items_purged_floors":[10],"is_endless":false,"potions_floor_spawned":[1,2,12,20],"killed_by":"Book of Stabbing","ascension_level":5}}