{"host":"xj2wyr3bqqv4irjd","time":1611101534,"event":{"mods":["Act Like it!","Aspiration","BaseMod","Jorbs\u0027s Wanderer Trilogy","Koishi","Marisa£®ÏF”Í°°ƒß¿Ì…≥£©","Minty Spire (QoL Compilation)","Quick Restart","Rare Cards Sparkle","Reimu£®≤©¿ˆ¡È√Œ£©","Remilia£®¿Ÿ√◊¿Ú—«£©","Replay The Spire","SIMod","StSLib","Td1madao Mod","The Animator","WarShipGirlsR/’ΩΩ¢…Ÿ≈ÆR mod","Yakumo Yukari mod"],"gold_per_floor":[139,151,8,8,8,8,8,39,39,65,88,88,163,179,193,221,221,326,326,343,355,555,572,583,614,614,628,628,628,661,687,719,735,735,833,833,847,898,898,528,546,573,573,604,604,616,616,628,657,667,667,667,667,667,44,44],"floor_reached":57,"language":"ZHS","playtime":4182,"items_purged":["AT_purpleEX","AT_purpleEX+1"],"score":1832,"play_id":"89cb6061-7940-4eb5-bf64-cd29f8a9960a","local_time":"20210120081214","is_ascension_mode":true,"campfire_choices":[{"data":"WorldDissolvedintheRealm_purple","floor":9.0,"key":"SMITH"},{"data":"LoveAcrossDimensions_purple","floor":12.0,"key":"SMITH"},{"data":"OmniscientAndOmnipotent_Monster_purple","floor":17.0,"key":"SMITH"},{"data":"Mirror_FourBoundary_purple","floor":26.0,"key":"SMITH"},{"data":"MeetDecomposer_purple","floor":29.0,"key":"SMITH"},{"data":"Monsters_DoubleDeathButterfly_purple","floor":34.0,"key":"SMITH"},{"floor":51,"key":"RECALL"}],"circlet_count":0,"master_deck":["AT_purpleEX+1","Defend_purpleEX+1","Defend_purpleEX+1","Defend_purpleEX+1","Observe_purple_1+1","Observe_purple_2+1","Boundary_DreamRealityDamnation_purple+1","Mirror_FormAndEmptin_purple+1","CommonSense_AntiCommonSense_purple+1","WorldDissolvedintheRealm_purple+1","Boundary_DreamRealityDamnation_purple+1","LoveAcrossDimensions_purple+1","OmniscientAndOmnipotent_Monster_purple+1","MeetDecomposer_purple+1","Monsters_DoubleDeathButterfly_purple+1","RuleDissolution_purple+1","Mirror_FourBoundary_purple+1","Boundary_LifeAndDeath_purple+1","Mirror_WaveAndshot_purple+1","Know_ledgeAbilityRealm_purple+1","Mirror_WaveAndshot_purple+1","GluttonyofRealm_purpleEX+1","DistantPastFriend_purple+1"],"relics":["Boundary_crack","Memoryfragments_purpleEX","aspiration:Nostalgia","Ring of the Snake","Orrery","Replay:Kaleidoscope","aspiration:HiddenCompartment","Lantern","CaptainsWheel","aspiration:WatcherSkillbook","Replay:Multitool","TungstenRod","aspiration:Lifesprig","Antimatter_spacedebris","Matryoshka","ReplayTheSpireMod:DimensionalGlitch","Bag of Preparation","Vajra","Cauldron","Turnip","Happy Flower","Anchor","Darkstone Periapt","Replay:Mystery Machine","Iron Hammer","ScarletDevilRocket","Boot","OrangePellets"],"acts_visited":["Exordium","TheCity","TheBeyond","TheEnding"],"potions_floor_usage":[43,43,43,43,56,56,56],"damage_taken":[{"damage":8.0,"enemies":"Jaw Worm","floor":1.0,"turns":5.0},{"damage":1.0,"enemies":"2 Louse","floor":2.0,"turns":2.0},{"damage":27.0,"enemies":"3 Sentries","floor":8.0,"turns":3.0},{"damage":19.0,"enemies":"Lagavulin","floor":10.0,"turns":4.0},{"damage":0.0,"enemies":"Cultist","floor":14.0,"turns":1.0},{"damage":0.0,"enemies":"Exordium Thugs","floor":15.0,"turns":1.0},{"damage":11.0,"enemies":"3 Sentries","floor":16.0,"turns":2.0},{"damage":0.0,"enemies":"Hexaghost","floor":18.0,"turns":4.0},{"damage":0.0,"enemies":"Spheric Guardian","floor":20.0,"turns":2.0},{"damage":9.0,"enemies":"Shell Parasite","floor":21.0,"turns":4.0},{"damage":11.0,"enemies":"Centurion and Healer","floor":23.0,"turns":2.0},{"damage":6.0,"enemies":"Snake Plant","floor":24.0,"turns":4.0},{"damage":21.0,"enemies":"Gremlin Leader","floor":25.0,"turns":4.0},{"damage":0.0,"enemies":"3 Cultists","floor":27.0,"turns":2.0},{"damage":0.0,"enemies":"Book of Stabbing","floor":30.0,"turns":3.0},{"damage":0.0,"enemies":"Slavers","floor":32.0,"turns":1.0},{"damage":0.0,"enemies":"Centurion and Healer","floor":33.0,"turns":3.0},{"damage":0.0,"enemies":"Collector","floor":35.0,"turns":4.0},{"damage":0.0,"enemies":"Orb Walker","floor":37.0,"turns":3.0},{"damage":1.0,"enemies":"3 Darklings","floor":41.0,"turns":2.0},{"damage":0.0,"enemies":"Reptomancer","floor":42.0,"turns":4.0},{"damage":26,"enemies":"Reptomancer","floor":43,"turns":13},{"damage":0,"enemies":"Nemesis","floor":44,"turns":4},{"damage":0,"enemies":"Jaw Worm Horde","floor":46,"turns":1},{"damage":0,"enemies":"Spire Growth","floor":48,"turns":2},{"damage":0,"enemies":"R_Hoarder","floor":49,"turns":3},{"damage":0,"enemies":"Maw","floor":50,"turns":3},{"damage":0,"enemies":"Time Eater","floor":52,"turns":7},{"damage":34,"enemies":"The Heart","floor":56,"turns":4}],"seed_played":"6790600734536324375","potions_obtained":[{"floor":2.0,"key":"Weak Potion"},{"floor":8.0,"key":"Energy Potion"},{"floor":10.0,"key":"SpeedPotion"},{"floor":20.0,"key":"LifebloodPotion"},{"floor":25.0,"key":"ZuzhouPotion:ReiMu"},{"floor":32.0,"key":"Adrenaline Potion"},{"floor":40.0,"key":"LiquidMemories"},{"floor":40.0,"key":"EntropicBrew"},{"floor":46,"key":"FearPotion"}],"is_trial":false,"path_per_floor":["M","M","$","?","PTL","PTL","?","E","R","E","T","R","?","M","M","E","R","B",null,"M","M","?","M","M","E","R","M","T","R","E","T","E","M","R","B",null,"M","T","?","$","M","E","?","E","T","M","?","M","E","M","R","B",null,"R","$","B",null],"character_chosen":"Youkari","items_purchased":["Orrery","Vajra","Cauldron","ScarletDevilRocket","Boot","OrangePellets","Elixir","SkillPotion"],"campfire_rested":0,"item_purchase_floors":[3,40,40,55,55,55,55,55],"current_hp_per_floor":[65,65,65,58,58,58,58,36,36,22,22,22,11,16,17,8,8,13,70,70,66,66,58,55,41,41,49,49,49,58,58,62,68,68,70,70,70,70,70,70,70,70,70,70,70,70,70,70,70,70,70,70,70,70,70,37],"gold":44,"neow_bonus":"NOSTALGIA","is_daily":false,"chose_seed":false,"campfire_upgraded":6,"win_rate":0.0,"timestamp":1611101534,"path_taken":["M","M","$","?","PTL","PTL","?","E","R","E","T","R","?","M","M","E","R","BOSS","M","M","?","M","?","E","R","M","T","R","E","?","E","?","R","BOSS","M","?","?","$","?","E","?","E","T","M","?","?","E","M","R","BOSS","R","$","BOSS"],"items_purchased_type":["Relic","Relic","Relic","Relic","Relic","Relic","Potion","Potion"],"build_version":"2020-12-22","purchased_purges":2,"victory":true,"max_hp_per_floor":[70,70,70,70,70,70,70,70,70,70,70,70,70,70,70,70,70,70,70,70,70,70,70,70,70,70,70,70,70,70,70,70,70,70,70,70,70,70,70,70,70,70,70,70,70,70,70,70,70,70,70,70,70,70,70,70],"card_choices":[{"not_picked":["Worldmountain_purple","Realm_recovery_purpleEX"],"picked":"Boundary_DreamRealityDamnation_purple","floor":1.0},{"not_picked":["Shallow_ocean_purpleEX","Computing_the_future_purpleEX"],"picked":"Mirror_FormAndEmptin_purple","floor":2.0},{"not_picked":["DimensionStaggered_purple","SfantasyHide_purple"],"picked":"CommonSense_AntiCommonSense_purple","floor":3.0},{"not_picked":["Shallow_ocean_purpleEX","PurpleNeedle_purple"],"picked":"WorldDissolvedintheRealm_purple","floor":3.0},{"not_picked":["Worldmountain_purple","EighthInstrument_OneDividesIntoTwo_purple"],"picked":"Boundary_DreamRealityDamnation_purple","floor":3.0},{"not_picked":["Realm_recovery_purpleEX","DimensionStaggered_purple"],"picked":"LoveAcrossDimensions_purple","floor":3.0},{"not_picked":["WeekHit_purple","MetroBOOM_purple","RealityDreamConfluencek_purple"],"picked":"SKIP","floor":8.0},{"not_picked":["RuleDissolution_purple","StateErode_purple"],"picked":"OmniscientAndOmnipotent_Monster_purple","floor":10.0},{"not_picked":["DimensionStaggered_purple","Worldmountain_purple"],"picked":"MeetDecomposer_purple","floor":14.0},{"not_picked":["Boundary_LightAndDark_purple","StretchesForeverDream_purple","MetroBOOM_purple"],"picked":"SKIP","floor":15.0},{"not_picked":["Bait_Toxicbait_purple","ProofOfUnderstanding_purple","Umbrella_purple"],"picked":"SKIP","floor":16.0},{"not_picked":["Know_ledgeAbilityRealm_purple","Price_of_realm_purpleEX"],"picked":"Monsters_DoubleDeathButterfly_purple","floor":18.0},{"not_picked":["MeetDecomposer_purple","StateErode_purple","StateDuplicate_purple","Bait_Toxicbait_purple"],"picked":"SKIP","floor":20.0},{"not_picked":["Charmbait_purple","AdvanceAttack_purple+1","DimensionStaggered_purple"],"picked":"RuleDissolution_purple","floor":21.0},{"not_picked":["Mirror_Drifter_purple","ExistenceContinue_purple+1","OmniscientAndOmnipotent_Monster_purple+1","Umbrella_purple"],"picked":"SKIP","floor":23.0},{"not_picked":["StateErode_purple+1","Mirror_FormAndEmptin_purple","StretchesForeverDream_purple"],"picked":"Mirror_FourBoundary_purple","floor":24.0},{"not_picked":["MeetDecomposer_purple","DarkRealmRedLine_purple","Shallow_ocean_purpleEX"],"picked":"Boundary_LifeAndDeath_purple","floor":25.0},{"not_picked":["WingOfChimera_purple","Charmbait_purple","Umbrella_purple","Worldmountain_purple"],"picked":"SKIP","floor":27.0},{"not_picked":["Anti_communist_purple","OmniscientAndOmnipotent_Monster_purple","Theboundaryofcreation_purpleEX"],"picked":"Mirror_WaveAndshot_purple","floor":30.0},{"not_picked":["ButterflyHabitatTemple_purple+1","ExistenceContinue_purple+1","Yakumo_Ran_purple+1","WorldDissolvedintheRealm_purple"],"picked":"SKIP","floor":32.0},{"not_picked":["WingOfChimera_purple","AdvanceAttack_purple","SfantasyHide_purple","RuleDissolution_purple"],"picked":"SKIP","floor":33.0},{"not_picked":["Theboundaryofcreation_purpleEX","WasteWire_Metro_purple","Price_of_realm_purpleEX"],"picked":"Know_ledgeAbilityRealm_purple","floor":35.0},{"not_picked":["EighthInstrument_OneDividesIntoTwo_purple+1","Charmbait_purple+1","RuleDissolution_purple"],"picked":"Mirror_WaveAndshot_purple+1","floor":37.0},{"not_picked":["MeetDecomposer_purple","Mirror_FormAndEmptin_purple","Line_surface_state_purple+1","Boundary_DynamicStaticEquilibrium_purple"],"picked":"SKIP","floor":41.0},{"not_picked":["ButterflyHabitatTemple_purple","OmniscientAndOmnipotent_Monster_purple","Umbrella_purple","SfantasyHide_purple+1"],"picked":"SKIP","floor":42.0},{"not_picked":["ExistenceContinue_purple","Umbrella_purple+1","Shallow_ocean_purpleEX","Charmbait_purple+1"],"picked":"SKIP","floor":44},{"not_picked":["AdvanceAttack_purple+1","ExistenceContinue_purple","Boundary_LightAndDark_purple","Computing_the_future_purpleEX"],"picked":"SKIP","floor":46},{"not_picked":["AdvanceAttack_purple+1","ExistenceContinue_purple","Boundary_LightAndDark_purple","Computing_the_future_purpleEX"],"picked":"SKIP","floor":46},{"not_picked":["DimensionStaggered_purple","StateDuplicate_purple","Umbrella_purple","RealityDreamConfluencek_purple+1"],"picked":"SKIP","floor":48},{"not_picked":["Worldmountain_purple","Yakumo_Ran_purple+1","Anti_communist_purple","Charmbait_purple+1"],"picked":"SKIP","floor":49},{"not_picked":["MeetDecomposer_purple+1","Nest_LightFlightworm_purple","RuleDissolution_purple","SharpContractionReality_purple+1"],"picked":"SKIP","floor":50}],"player_experience":542756,"relics_obtained":[{"floor":8.0,"key":"Replay:Kaleidoscope"},{"floor":10.0,"key":"aspiration:HiddenCompartment"},{"floor":11.0,"key":"Lantern"},{"floor":16.0,"key":"CaptainsWheel"},{"floor":25.0,"key":"Replay:Multitool"},{"floor":28.0,"key":"TungstenRod"},{"floor":30.0,"key":"aspiration:Lifesprig"},{"floor":31.0,"key":"Antimatter_spacedebris"},{"floor":32.0,"key":"Matryoshka"},{"floor":38.0,"key":"Bag of Preparation"},{"floor":42.0,"key":"Turnip"},{"floor":44,"key":"Happy Flower"},{"floor":45,"key":"Anchor"},{"floor":45,"key":"Darkstone Periapt"},{"floor":49,"key":"Replay:Mystery Machine"}],"event_choices":[{"cards_removed":["AT_purpleEX"],"damage_healed":0.0,"max_hp_gain":0.0,"max_hp_loss":0.0,"gold_gain":0.0,"event_name":"Golden Wing","player_choice":"Card Removal","floor":4.0,"gold_loss":0.0,"damage_taken":7.0},{"damage_healed":0.0,"max_hp_gain":0.0,"max_hp_loss":0.0,"gold_gain":75.0,"event_name":"World of Goop","player_choice":"Gather Gold","floor":13.0,"gold_loss":0.0,"damage_taken":11.0},{"damage_healed":0.0,"max_hp_gain":0.0,"max_hp_loss":0.0,"gold_gain":250.0,"event_name":"The Joust","player_choice":"Bet on Owner","floor":22.0,"gold_loss":50.0,"damage_taken":0.0},{"damage_healed":0.0,"max_hp_gain":0.0,"max_hp_loss":0.0,"gold_gain":0.0,"cards_transformed":["Defend_purpleEX"],"event_name":"Transmorgrifier","player_choice":"Transformed","floor":39.0,"gold_loss":0.0,"damage_taken":0.0,"cards_obtained":["GluttonyofRealm_purpleEX"]},{"damage_healed":0,"gold_gain":0,"player_choice":"0 cards matched","damage_taken":0,"max_hp_gain":0,"max_hp_loss":0,"event_name":"Match and Keep!","floor":47,"gold_loss":0,"cards_obtained":[]},{"damage_healed":0,"gold_gain":0,"player_choice":"Gave Potion","damage_taken":0,"relics_obtained":["Iron Hammer"],"max_hp_gain":0,"max_hp_loss":0,"event_name":"WeMeetAgain","floor":54,"gold_loss":0}],"is_beta":false,"boss_relics":[{"not_picked":["ChewingGum","aspiration:RitualDagger"],"picked":"aspiration:WatcherSkillbook"},{"not_picked":["Tiny House","Painkiller Herb"],"picked":"ReplayTheSpireMod:DimensionalGlitch"}],"items_purged_floors":[40,55],"is_endless":false,"potions_floor_spawned":[2,8,10,20,23,25,32,43,46,49],"ascension_level":2}}