{"host":"l84l8xigz5v5foa2","time":1611145036,"event":{"mods":["2.2 Compatiblity","AchievementEnabler","BaseMod","Better Note","Better Vampires","Card Filter","Colored Map","DeckTracker","Downfall","Gremlin Skip","Highlight Path","Keyboard Shortcuts","Minty Spire (QoL Compilation)","Permanent Neow","Quick Restart","Relic Filter","Relic Stats","StSLib","SuperFastMode","Transform Curses","Unknown Chances"],"gold_per_floor":[109,109,109,19,19,55,67,93,105,117,54,54,78,91,91,91,91,91],"floor_reached":16,"language":"ENG","playtime":407,"items_purged":["hexamod:Strike"],"score":196,"play_id":"3ac00acf-712c-449f-924d-4cea80dbfd33","local_time":"20210120211716","is_ascension_mode":true,"campfire_choices":[{"data":"hexamod:Float","floor":7,"key":"SMITH"},{"data":"hexamod:GhostOfSpireFuture","floor":10,"key":"SMITH"},{"data":"hexamod:ThermalTransfer","floor":15,"key":"SMITH"}],"circlet_count":0,"master_deck":["AscendersBane","hexamod:Strike","hexamod:Strike","hexamod:Strike","hexamod:Defend","hexamod:Defend","hexamod:Defend","hexamod:Defend","hexamod:Sear","hexamod:Float+1","Swift Strike","hexamod:AdvancingGuard","hexamod:ThirdSeal","hexamod:FourthSeal","hexamod:HauntingEcho","hexamod:GhostOfSpireFuture+1","hexamod:Hexaguard","hexamod:InspiringFlames","hexamod:FastForward","hexamod:ThermalTransfer+1"],"relics":["hexamod:SpiritBrand","Golden Idol","Bottled Lightning","MawBank","Bottled Tornado"],"acts_visited":["Exordium"],"potions_floor_usage":[14,16,16,16],"damage_taken":[{"damage":2.0,"enemies":"2 Louse","floor":1.0,"turns":2.0},{"damage":21,"enemies":"Lagavulin","floor":6,"turns":8},{"damage":2,"enemies":"Jaw Worm","floor":8,"turns":4},{"damage":0,"enemies":"Small Slimes","floor":13,"turns":4},{"damage":2,"enemies":"Gremlin Gang","floor":14,"turns":7},{"damage":30,"enemies":"Slime Boss","floor":16,"turns":6}],"seed_played":"-3220631561956943678","potions_obtained":[{"floor":8,"key":"EntropicBrew"},{"floor":8,"key":"Fire Potion"},{"floor":14,"key":"Swift Potion"}],"is_trial":false,"path_per_floor":["M","?","T","$","?","E","R","M","T","R","$","?","M","M","R","B"],"character_chosen":"THE_SPIRIT","items_purchased":["hexamod:ThirdSeal"],"campfire_rested":0,"item_purchase_floors":[4],"current_hp_per_floor":[55,55,55,55,55,34,34,32,32,32,32,32,32,30,30,0,0,0],"gold":91,"neow_bonus":"RANDOM_COLORLESS","is_daily":false,"chose_seed":false,"campfire_upgraded":3,"win_rate":0.0,"timestamp":1611145036,"path_taken":["M","?","?","$","?","E","R","M","T","R","?","?","M","M","R","BOSS"],"items_purchased_type":["Card"],"build_version":"2020-12-22","purchased_purges":1,"victory":false,"max_hp_per_floor":[63,57,57,57,57,57,57,57,57,57,57,57,57,57,57,57,57,57],"relic_stats":{"counters":[6,31],"Golden Idol":18,"MawBank":60,"obtain_stats":[{"Golden Idol":2,"Bottled Lightning":3,"Bottled Tornado":9,"MawBank":6,"hexamod:SpiritBrand":0},{"Golden Idol":1,"Bottled Lightning":1,"Bottled Tornado":3,"MawBank":2,"hexamod:SpiritBrand":0},{"Golden Idol":2,"Bottled Lightning":2,"Bottled Tornado":14,"MawBank":10,"hexamod:SpiritBrand":0}]},"card_choices":[{"not_picked":["Purity","Jack Of All Trades"],"picked":"Swift Strike","floor":0.0},{"not_picked":["hexamod:ShieldOfDarkness","hexamod:Firestarter"],"picked":"hexamod:AdvancingGuard","floor":1.0},{"not_picked":["hexamod:SpectersWail","hexamod:EtherealExpedition"],"picked":"hexamod:FourthSeal","floor":6},{"not_picked":["hexamod:ShieldOfDarkness","hexamod:EtherealExpedition"],"picked":"hexamod:HauntingEcho","floor":6},{"not_picked":["hexamod:ThirdSeal","hexamod:NightmareStrike"],"picked":"hexamod:GhostOfSpireFuture","floor":8},{"not_picked":["hexamod:HeatMetal","hexamod:Haunt","hexamod:Again"],"picked":"SKIP","floor":8},{"not_picked":["hexamod:HeatShield","hexamod:Firestarter"],"picked":"hexamod:InspiringFlames","floor":13},{"not_picked":["hexamod:HeatShield","hexamod:GhostLash","hexamod:ChargedBarrage"],"picked":"SKIP","floor":13},{"not_picked":["hexamod:PowerFromBeyond","hexamod:GhostShield"],"picked":"hexamod:FastForward","floor":14},{"not_picked":["hexamod:NightmareGuise","hexamod:NightmareStrike"],"picked":"hexamod:ThermalTransfer","floor":14}],"player_experience":3317827,"relics_obtained":[{"floor":3.0,"key":"Bottled Lightning"},{"floor":6,"key":"MawBank"},{"floor":9,"key":"Bottled Tornado"}],"event_choices":[{"damage_healed":0.0,"max_hp_gain":0.0,"max_hp_loss":6.0,"gold_gain":0.0,"event_name":"Golden Idol","player_choice":"Lose Max HP","floor":2.0,"gold_loss":0.0,"damage_taken":0.0,"relics_obtained":["Golden Idol"]},{"damage_healed":0.0,"max_hp_gain":0.0,"max_hp_loss":0.0,"gold_gain":0.0,"event_name":"Liars Game","player_choice":"Ignored","floor":5.0,"gold_loss":0.0,"damage_taken":0.0},{"damage_healed":0,"gold_gain":0,"player_choice":"1 cards matched","damage_taken":0,"max_hp_gain":0,"max_hp_loss":0,"event_name":"Match and Keep!","floor":12,"gold_loss":0,"cards_obtained":["hexamod:Hexaguard"]}],"is_beta":false,"boss_relics":[],"items_purged_floors":[11],"is_endless":false,"potions_floor_spawned":[8,14],"killed_by":"Slime Boss","ascension_level":20}}