{"host":"wmg3fl10arlg3jig","time":1611108872,"event":{"mods":["BaseMod","Better Match","Better Note","BetterRewards","Colored Powertips","MarisaÅiñ∂âJÅ@ñÇóùçπÅj","Mimic Mod","Minty Spire (QoL Compilation)","Permanent Neow","Quick Restart","Shop Mod","StSLib","Td1madao Mod","The Animator","The Jungle"],"gold_per_floor":[111,124,274,274,274,274,304,304,337,350,365,393,230,240,240,318,318,338,358,208,224,242,242,271,106,106,106,106,106,126,145,145,217,217,231,244,244,23,40,40,70,83,136,146,30,58,8,0,0,0,0,0,9,35,35],"floor_reached":56,"language":"ENG","playtime":2181,"items_purged":["Strike_MRS","Strike_MRS","Strike_MRS","Strike_MRS","UpSweep","MasterSpark","Defend_MRS"],"score":3031,"play_id":"8cf0868d-e531-4220-b2e7-37a233d845e3","local_time":"20210119201432","is_ascension_mode":true,"campfire_choices":[{"floor":6.0,"key":"REST"},{"data":"GalacticHalo","floor":8.0,"key":"SMITH"},{"data":"ManaRampage","floor":15.0,"key":"SMITH"},{"data":"GalacticHalo","floor":23.0,"key":"SMITH"},{"floor":29.0,"key":"RECALL"},{"data":"Defend_MRS","floor":32.0,"key":"SMITH"},{"data":"Defend_MRS","floor":40.0,"key":"SMITH"},{"data":"Defend_MRS","floor":49.0,"key":"SMITH"},{"floor":52.0,"key":"REST"}],"circlet_count":0,"master_deck":["AscendersBane","Defend_MRS+1","Defend_MRS+1","Defend_MRS+1","GalacticHalo+1","GalacticHalo+1","ManaRampage+1","ManaRampage+1","Orbital+1"],"relics":["MiniHakkero","MerchantsRug","Potion Belt","Chemical X","Happy Flower","Snecko Eye","Runic Dome","Lantern","Orrery","Bag of Preparation"],"acts_visited":["Exordium","TheCity","TheBeyond","TheEnding"],"potions_floor_usage":[54,54,55,55,55,55,55,55,55],"damage_taken":[{"damage":0.0,"enemies":"Cultist","floor":1.0,"turns":4.0},{"damage":2.0,"enemies":"Jaw Worm","floor":2.0,"turns":5.0},{"damage":35.0,"enemies":"3 Sentries","floor":7.0,"turns":10.0},{"damage":1.0,"enemies":"2 Louse","floor":9.0,"turns":13.0},{"damage":0.0,"enemies":"2 Louse","floor":10.0,"turns":3.0},{"damage":0.0,"enemies":"2 Fungi Beasts","floor":11.0,"turns":4.0},{"damage":9.0,"enemies":"Gremlin Nob","floor":12.0,"turns":4.0},{"damage":0.0,"enemies":"Gremlin Gang","floor":14.0,"turns":1.0},{"damage":0.0,"enemies":"The Guardian","floor":16.0,"turns":3.0},{"damage":7.0,"enemies":"3 Byrds","floor":18.0,"turns":4.0},{"damage":6.0,"enemies":"2 Thieves","floor":19.0,"turns":3.0},{"damage":0.0,"enemies":"Chosen and Byrds","floor":21.0,"turns":3.0},{"damage":0.0,"enemies":"Snecko","floor":22.0,"turns":2.0},{"damage":0.0,"enemies":"Book of Stabbing","floor":24.0,"turns":2.0},{"damage":0.0,"enemies":"Snake Plant","floor":30.0,"turns":1.0},{"damage":0.0,"enemies":"3 Cultists","floor":31.0,"turns":2.0},{"damage":0.0,"enemies":"Collector","floor":33.0,"turns":6.0},{"damage":8.0,"enemies":"3 Shapes","floor":35.0,"turns":3.0},{"damage":0.0,"enemies":"3 Darklings","floor":36.0,"turns":2.0},{"damage":0.0,"enemies":"Spire Growth","floor":39.0,"turns":2.0},{"damage":0.0,"enemies":"Giant Head","floor":41.0,"turns":3.0},{"damage":0.0,"enemies":"Jaw Worm Horde","floor":42.0,"turns":2.0},{"damage":0.0,"enemies":"Writhing Mass","floor":44.0,"turns":3.0},{"damage":25.0,"enemies":"Reptomancer","floor":46.0,"turns":3.0},{"damage":8.0,"enemies":"Time Eater","floor":50.0,"turns":3.0},{"damage":0,"enemies":"Shield and Spear","floor":54,"turns":2},{"damage":129,"enemies":"The Heart","floor":55,"turns":6}],"seed_played":"2817875539673950321","potions_obtained":[{"floor":0.0,"key":"LiquidMemories"},{"floor":0.0,"key":"CultistPotion"},{"floor":0.0,"key":"FearPotion"},{"floor":0.0,"key":"Weak Potion"},{"floor":7.0,"key":"Weak Potion"},{"floor":12.0,"key":"Energy Potion"},{"floor":18.0,"key":"DuplicationPotion"},{"floor":22.0,"key":"Fire Potion"},{"floor":30.0,"key":"BottledSpark"},{"floor":33.0,"key":"SteroidPotion"},{"floor":36.0,"key":"PowerPotion"},{"floor":42.0,"key":"Energy Potion"},{"floor":54,"key":"Explosive Potion"}],"is_trial":false,"path_per_floor":["M","M","?","?","?","R","E","R","MIM","M","M","E","$","M","R","B",null,"M","M","$","M","M","R","E","$","T","?","?","R","M","M","R","B",null,"M","M","T","$","M","R","E","M","T","M","$","E","$","?","R","B",null,"R","$","E","B",null],"character_chosen":"MARISA","items_purchased":["BreadOfAWashokuLover","MerchantsRug","Potion Belt","Cauldron","Chemical X","GalacticHalo","SkillPotion","Energy Potion","SteroidPotion","ManaRampage","Lantern","Lee\u0027s Waffle","Orrery","EntropicBrew"],"campfire_rested":2,"item_purchase_floors":[0,0,0,0,0,0,0,13,13,25,38,45,53,53],"current_hp_per_floor":[24,23,23,16,16,37,26,26,27,27,29,20,20,22,22,24,74,69,65,65,67,69,69,71,71,71,71,71,71,73,75,75,77,100,94,96,96,96,98,98,98,100,100,102,124,101,101,101,101,93,118,126,136,136,19],"gold":35,"neow_bonus":"","is_daily":false,"chose_seed":false,"campfire_upgraded":6,"win_rate":0.0,"timestamp":1611108872,"path_taken":["M","M","?","?","?","R","E","R","MIM","M","M","E","$","M","R","BOSS","M","M","$","?","?","R","E","$","T","?","?","R","M","?","R","BOSS","M","M","?","$","?","R","E","M","T","M","$","E","?","?","R","BOSS","R","$","E","BOSS"],"items_purchased_type":["Relic","Relic","Relic","Relic","Relic","Card","Potion","Potion","Potion","Card","Relic","Relic","Relic","Potion"],"build_version":"2020-12-22","purchased_purges":7,"victory":true,"max_hp_per_floor":[70,70,70,70,70,70,83,83,85,85,87,87,87,89,89,91,91,93,95,95,97,99,99,101,101,101,101,101,101,103,105,105,107,107,109,111,111,111,113,113,113,115,115,117,124,126,126,126,126,126,126,126,136,136,136],"card_choices":[{"not_picked":["DragonMeteor","EnergyFlow","UnstableBomb"],"picked":"SKIP","floor":1.0},{"not_picked":["SporeBomb","OneTimeOff","DC"],"picked":"SKIP","floor":2.0},{"not_picked":["SporeBomb","OneTimeOff","DC"],"picked":"SKIP","floor":2.0},{"not_picked":["GasGiant","EnergyRecoil","SporeBomb"],"picked":"SKIP","floor":7.0},{"not_picked":["NonDirectionalLaser","Acceleration","FinalSpark"],"picked":"Singing Bowl","floor":9.0},{"not_picked":["SporeBomb","WitchOfGreed"],"picked":"GalacticHalo","floor":10.0},{"not_picked":["NonDirectionalLaser","PowerUp","6A"],"picked":"Singing Bowl","floor":11.0},{"not_picked":["Occultation","GrandCross"],"picked":"ManaRampage","floor":12.0},{"not_picked":["GalacticHalo","IllusionStar","6A"],"picked":"Singing Bowl","floor":14.0},{"not_picked":["SuperNova","StarDustReverie","CollectingQuirk"],"picked":"Singing Bowl","floor":16.0},{"not_picked":["DoubleSpark","ChargingUp","GrandCross"],"picked":"Singing Bowl","floor":18.0},{"not_picked":["AsteroidBelt","MysteriousBeam","Acceleration"],"picked":"Singing Bowl","floor":19.0},{"not_picked":["DeepEcoloBomb","SprinkleStarSeal","Singularity"],"picked":"Singing Bowl","floor":21.0},{"not_picked":["BlazeAway","Acceleration","DC"],"picked":"Singing Bowl","floor":22.0},{"not_picked":["BlazeAway","6A+1","GravityBeat"],"picked":"Singing Bowl","floor":24.0},{"not_picked":["MilkyWay","SporeBomb","AsteroidBelt"],"picked":"Singing Bowl","floor":30.0},{"not_picked":["FairyDestructionRay","OrrerysSun","MysteriousBeam"],"picked":"Singing Bowl","floor":31.0},{"not_picked":["JA","MaximisePower","TreasureHunter"],"picked":"Singing Bowl","floor":33.0},{"not_picked":["6A","AsteroidBelt","Acceleration"],"picked":"Singing Bowl","floor":35.0},{"not_picked":["OpenUniverse+1","Occultation","WitchLeyline+1"],"picked":"Singing Bowl","floor":36.0},{"not_picked":["GalacticHalo","ManaConvection","DoubleSpark+1"],"picked":"Singing Bowl","floor":39.0},{"not_picked":["ShootingEcho","LuminesStrike"],"picked":"Orbital+1","floor":41.0},{"not_picked":["TreasureHunter","IllusionStar+1","MilkyWay"],"picked":"Singing Bowl","floor":42.0},{"not_picked":["UnstableBomb","DC","GrandCross+1"],"picked":"Singing Bowl","floor":44.0},{"not_picked":["FairyDestructionRay","MilkyWay","SporeBomb"],"picked":"Singing Bowl","floor":46.0},{"not_picked":["Robbery","GravityBeat","FinalSpark"],"picked":"Singing Bowl","floor":53.0},{"not_picked":["FairyDestructionRay","DoubleSpark+1","SporeBomb"],"picked":"Singing Bowl","floor":53.0},{"not_picked":["EarthLightRay","ChargeUpSpray","Acceleration"],"picked":"Singing Bowl","floor":53.0},{"not_picked":["GasGiant","AlicesGift","MysteriousBeam"],"picked":"Singing Bowl","floor":53.0},{"not_picked":["MachineGunSpark+1","StarDustReverie","AsteroidBelt+1"],"picked":"Singing Bowl","floor":53.0},{"not_picked":["StarBarrage","AsteroidBelt","EnergyRecoil"],"picked":"SKIP","floor":54}],"player_experience":263680,"relics_obtained":[{"floor":7.0,"key":"Happy Flower"},{"floor":9.0,"key":"Singing Bowl"},{"floor":12.0,"key":"Darkstone Periapt"},{"floor":24.0,"key":"Anchor"},{"floor":37.0,"key":"Smiling Mask"},{"floor":41.0,"key":"White Beast Statue"},{"floor":43.0,"key":"Art of War"},{"floor":46.0,"key":"Juzu Bracelet"},{"floor":54,"key":"Bag of Preparation"}],"event_choices":[{"damage_healed":0.0,"max_hp_gain":0.0,"max_hp_loss":0.0,"gold_gain":150.0,"event_name":"Liars Game","player_choice":"AGREE","floor":3.0,"gold_loss":0.0,"damage_taken":0.0,"cards_obtained":["Doubt"]},{"cards_removed":["Doubt"],"damage_healed":0.0,"max_hp_gain":0.0,"max_hp_loss":0.0,"gold_gain":0.0,"event_name":"Golden Wing","player_choice":"Card Removal","floor":4.0,"gold_loss":0.0,"damage_taken":7.0},{"damage_healed":0.0,"max_hp_gain":0.0,"max_hp_loss":0.0,"gold_gain":0.0,"event_name":"Scrap Ooze","player_choice":"Fled","floor":5.0,"gold_loss":0.0,"damage_taken":0.0},{"damage_healed":0.0,"max_hp_gain":0.0,"max_hp_loss":0.0,"gold_gain":0.0,"event_name":"Vampires","player_choice":"Ignored","floor":27.0,"gold_loss":0.0,"damage_taken":0.0},{"damage_healed":0.0,"max_hp_gain":0.0,"max_hp_loss":0.0,"gold_gain":0.0,"event_name":"Upgrade Shrine","player_choice":"Upgraded","floor":28.0,"gold_loss":0.0,"damage_taken":0.0,"cards_upgraded":["ManaRampage"]},{"damage_healed":0.0,"max_hp_gain":0.0,"max_hp_loss":0.0,"gold_gain":0.0,"event_name":"Tomb of Lord Red Mask","player_choice":"Paid","floor":48.0,"gold_loss":8.0,"damage_taken":0.0,"relics_obtained":["Red Mask"]}],"is_beta":false,"boss_relics":[{"not_picked":["Cursed Key","Pandora\u0027s Box"],"picked":"Snecko Eye"},{"not_picked":["Runic Pyramid","Coffee Dripper"],"picked":"Runic Dome"}],"items_purged_floors":[0,0,13,20,38,45,47],"is_endless":false,"potions_floor_spawned":[7,12,14,18,19,22,30,33,36,42,44,46,54],"ascension_level":19}}