{"host":"l60rmjjsfi0fipmi","time":1611165898,"event":{"mods":["BaseMod","Colored Map","DeckTracker","Hermit","Highlight Path","Jorbs\u0027s Wanderer Trilogy","Minty Spire (QoL Compilation)","StSLib","The Cursed"],"gold_per_floor":[115,128,128,152,123,123,166,166,217,217,231,231,252,352,352,480,480,498,97,72,72,72,72,72],"floor_reached":23,"language":"ENG","playtime":1105,"items_purged":["Strike_P"],"score":217,"play_id":"d1370f19-e290-4bc2-a8e9-d4ae3bc1086a","local_time":"20210120130458","is_ascension_mode":true,"campfire_choices":[{"data":"Eruption","floor":6,"key":"SMITH"},{"floor":8,"key":"REST"},{"floor":12,"key":"REST"},{"floor":15,"key":"REST"}],"circlet_count":0,"master_deck":["Strike_P+1","Strike_P+1","Strike_P+1","Defend_P+1","Defend_P+1","Defend_P+1","Defend_P+1","Eruption+1","Vigilance","FlyingSleeves","Establishment","FlurryOfBlows","Consecrate","Protect","DeceiveReality","MasterReality+1","CurseOfTheBell","ClearTheMind","Adaptation","FearNoEvil","SandsOfTime+1"],"relics":["PureWater","NeowsBlessing","Golden Idol","Juzu Bracelet","Bag of Marbles","Calling Bell","Bag of Preparation","The Courier","Turnip","Anchor","Membership Card"],"acts_visited":["Exordium","TheCity"],"potions_floor_usage":[16],"damage_taken":[{"damage":0,"enemies":"Small Slimes","floor":1,"turns":1},{"damage":0,"enemies":"2 Louse","floor":2,"turns":1},{"damage":0,"enemies":"Cultist","floor":4,"turns":1},{"damage":47,"enemies":"Lagavulin","floor":7,"turns":6},{"damage":8,"enemies":"Exordium Thugs","floor":11,"turns":6},{"damage":6,"enemies":"Looter","floor":13,"turns":3},{"damage":18,"enemies":"Hexaghost","floor":16,"turns":9},{"damage":45,"enemies":"3 Byrds","floor":18,"turns":8},{"damage":9,"enemies":"2 Thieves","floor":20,"turns":5},{"damage":57,"enemies":"Gremlin Leader","floor":23,"turns":4}],"seed_played":"6780015778304172595","potions_obtained":[{"floor":2,"key":"EssenceOfSteel"},{"floor":4,"key":"SpeedPotion"},{"floor":7,"key":"FairyPotion"}],"is_trial":false,"path_per_floor":["M","M","?","M","?","R","E","R","T","?","M","R","M","?","R","B",null,"M","$","M","?","?","E"],"character_chosen":"WATCHER","items_purchased":["Adaptation","Anchor","Membership Card","FairyPotion","FearNoEvil"],"campfire_rested":3,"item_purchase_floors":[19,19,19,19,19],"current_hp_per_floor":[72,72,67,67,67,67,20,40,40,27,19,39,33,33,53,35,67,22,22,13,13,13,0,0],"gold":72,"neow_bonus":"THREE_ENEMY_KILL","is_daily":false,"chose_seed":false,"campfire_upgraded":1,"win_rate":0.0,"timestamp":1611165898,"path_taken":["M","M","?","M","?","R","E","R","T","?","M","R","M","?","R","BOSS","M","$","M","?","?","E"],"items_purchased_type":["Card","Relic","Relic","Potion","Card"],"build_version":"2020-12-22","purchased_purges":1,"victory":false,"max_hp_per_floor":[72,72,67,67,67,67,67,67,67,67,67,67,67,67,67,67,67,67,67,67,67,67,67,67],"card_choices":[{"not_picked":["ThirdEye","CrushJoints"],"picked":"FlyingSleeves","floor":1},{"not_picked":["Swivel","Protect"],"picked":"Establishment","floor":2},{"not_picked":["Worship","Collect"],"picked":"FlurryOfBlows","floor":4},{"not_picked":["ThirdEye","BowlingBash"],"picked":"Consecrate","floor":7},{"not_picked":["SignatureMove","BattleHymn"],"picked":"Protect","floor":11},{"not_picked":["MentalFortress","LessonLearned"],"picked":"DeceiveReality","floor":13},{"not_picked":["Blasphemy","LessonLearned"],"picked":"MasterReality","floor":16},{"not_picked":["Crescendo","WindmillStrike"],"picked":"ClearTheMind","floor":18},{"not_picked":["Protect","Meditate"],"picked":"SandsOfTime+1","floor":20}],"player_experience":514434,"relics_obtained":[{"floor":7,"key":"Juzu Bracelet"},{"floor":9,"key":"Bag of Marbles"},{"floor":17,"key":"Bag of Preparation"},{"floor":17,"key":"The Courier"},{"floor":17,"key":"Turnip"}],"event_choices":[{"damage_healed":0,"gold_gain":0,"player_choice":"Lose Max HP","damage_taken":0,"relics_obtained":["Golden Idol"],"max_hp_gain":0,"max_hp_loss":5,"event_name":"Golden Idol","floor":3,"gold_loss":0},{"damage_healed":0,"gold_gain":0,"player_choice":"Left Gold","damage_taken":0,"max_hp_gain":0,"max_hp_loss":0,"event_name":"World of Goop","floor":5,"gold_loss":29},{"damage_healed":0,"gold_gain":0,"player_choice":"Entered Light","damage_taken":13,"max_hp_gain":0,"max_hp_loss":0,"event_name":"Shining Light","floor":10,"gold_loss":0,"cards_upgraded":["Strike_P","Defend_P"]},{"damage_healed":0,"gold_gain":100,"player_choice":"Pray","damage_taken":0,"max_hp_gain":0,"max_hp_loss":0,"event_name":"Golden Shrine","floor":14,"gold_loss":0},{"damage_healed":0,"gold_gain":0,"player_choice":"Upgraded","damage_taken":0,"max_hp_gain":0,"max_hp_loss":0,"event_name":"Upgrade Shrine","floor":21,"gold_loss":0,"cards_upgraded":["MasterReality"]},{"damage_healed":0,"gold_gain":0,"player_choice":"Simplicity","damage_taken":0,"max_hp_gain":0,"max_hp_loss":0,"event_name":"Back to Basics","floor":22,"gold_loss":0,"cards_upgraded":["Strike_P","Strike_P","Defend_P","Defend_P","Defend_P"]}],"is_beta":false,"boss_relics":[{"not_picked":["Pandora\u0027s Box","SacredBark"],"picked":"Calling Bell"}],"items_purged_floors":[19],"is_endless":false,"potions_floor_spawned":[2,4,7,20],"killed_by":"Gremlin Leader","ascension_level":3}}