{"host":"4jpe1m3cviuzvkch","time":1611115371,"event":{"mods":["BaseMod","Decade(王小明)","Marisa（F雨　魔理沙）","Minty Spire (QoL Compilation)","Remilia（蕾米莉亚）","StSLib","The Servant 0.9.4","Youmu（魂魄妖梦）"],"gold_per_floor":[119,119,119,44,93,122,122,153,178,178,193,216,231,242,242,344,344,360,379,395,320,320,347,358,383,408,408,323,323,422,432,432,536,536,549,564,575,575,592,619,670,670,670,670,681,681,699,733,733,733,733,733,21,54,54],"floor_reached":56,"language":"ZHS","playtime":3504,"items_purged":["Defend_YM","Defend_YM"],"score":1433,"play_id":"83b2e687-5538-4646-ae16-9d4c5c2f0a19","local_time":"20210120120251","is_ascension_mode":true,"campfire_choices":[{"floor":7.0,"key":"REST"},{"data":"SlashOfAscensionToBuddhahood","floor":10.0,"key":"SMITH"},{"floor":15.0,"key":"REST"},{"data":"HumanGodSword","floor":27.0,"key":"SMITH"},{"data":"1","floor":32.0,"key":"LIFT"},{"data":"2","floor":42.0,"key":"LIFT"},{"floor":46.0,"key":"RECALL"},{"floor":49.0,"key":"REST"},{"data":"3","floor":52.0,"key":"LIFT"}],"circlet_count":0,"master_deck":["Strike_YM+1","Strike_YM+1","Defend_YM","Defend_YM","SlashOfPresentWorld+1","WheelOfPainOfLivingAndDead","SlashOfAscensionToBuddhahood+1","CherryBlossomSword","HumanGodSword+1","HumanRealmSword","SlashOfMeditation+1","HesitationCuttingSword","CrescentMoonSlash","HellRealmSword+1","FourBirthsSword","ThreeKonsSevenHakus+1","LotusPostureSlash+1","SuddenPhantomFormationSlashOfKarmicWind","SwordExtraction","HeavenSword","StrangeHalfBody","DispleasureOfTheSevenHakus","RapidSlash","ThreeKonsSevenHakus+1","Apotheosis","LowerRealmReflectionSlash","SwordExtraction+1","HiganSword+1","MatsuyoiReflectingSatelliteSlash","EchoesOfTheInclemencyOfAllBeings","LowerRealmReflectionSlash"],"relics":["HalfPhantom","Oddly Smooth Stone","Art of War","Bag of Preparation","Toy Ornithopter","Odd Mushroom","Philosopher\u0027s Stone","Whetstone","Omamori","TungstenRod","Happy Flower","Girya","Sozu","Mercury Hourglass","CatCart","Gambling Chip","Bottled Lightning","Boot","TheAbacus","Strawberry"],"acts_visited":["Exordium","TheCity","TheBeyond","TheEnding"],"potions_floor_usage":[],"damage_taken":[{"damage":10.0,"enemies":"2 Louse","floor":1.0,"turns":2.0},{"damage":21.0,"enemies":"Gremlin Nob","floor":6.0,"turns":4.0},{"damage":10.0,"enemies":"3 Sentries","floor":8.0,"turns":5.0},{"damage":3.0,"enemies":"Jaw Worm","floor":11.0,"turns":3.0},{"damage":4.0,"enemies":"The Mushroom Lair","floor":12.0,"turns":2.0},{"damage":0.0,"enemies":"Cultist","floor":13.0,"turns":2.0},{"damage":0.0,"enemies":"Lots of Slimes","floor":14.0,"turns":2.0},{"damage":3.0,"enemies":"Slime Boss","floor":16.0,"turns":6.0},{"damage":1.0,"enemies":"2 Thieves","floor":18.0,"turns":2.0},{"damage":0.0,"enemies":"Chosen","floor":19.0,"turns":3.0},{"damage":0.0,"enemies":"Snecko","floor":20.0,"turns":5.0},{"damage":7.0,"enemies":"Slavers","floor":23.0,"turns":3.0},{"damage":2.0,"enemies":"Cultist and Chosen","floor":24.0,"turns":4.0},{"damage":11.0,"enemies":"Book of Stabbing","floor":25.0,"turns":5.0},{"damage":0.0,"enemies":"Shelled Parasite and Fungi","floor":31.0,"turns":3.0},{"damage":0.0,"enemies":"Automaton","floor":33.0,"turns":7.0},{"damage":0.0,"enemies":"Orb Walker","floor":35.0,"turns":4.0},{"damage":6.0,"enemies":"3 Shapes","floor":36.0,"turns":2.0},{"damage":2.0,"enemies":"3 Darklings","floor":37.0,"turns":2.0},{"damage":4.0,"enemies":"Sphere and 2 Shapes","floor":39.0,"turns":4.0},{"damage":0.0,"enemies":"Nemesis","floor":40.0,"turns":5.0},{"damage":0.0,"enemies":"Orin","floor":41.0,"turns":5.0},{"damage":43.0,"enemies":"Writhing Mass","floor":45.0,"turns":3.0},{"damage":4.0,"enemies":"4 Shapes","floor":47.0,"turns":4.0},{"damage":12.0,"enemies":"Reptomancer","floor":48.0,"turns":5.0},{"damage":10.0,"enemies":"Donu and Deca","floor":50.0,"turns":6.0},{"damage":7,"enemies":"Shield and Spear","floor":54,"turns":4},{"damage":80,"enemies":"The Heart","floor":55,"turns":10}],"seed_played":"1869501173412880682","potions_obtained":[{"floor":1.0,"key":"Regen Potion"},{"floor":11.0,"key":"Dexterity Potion"},{"floor":13.0,"key":"DistilledChaos"},{"floor":14.0,"key":"PowerPotion"},{"floor":18.0,"key":"Weak Potion"},{"floor":23.0,"key":"PowerPotion"},{"floor":31.0,"key":"SkillPotion"}],"is_trial":false,"path_per_floor":["M","?","?","$","T","E","R","E","T","R","M","?","M","M","R","B",null,"M","M","M","?","T","E","M","E","T","R","?","?","?","M","R","B",null,"M","M","M","?","M","E","?","R","T","?","M","R","M","E","R","B",null,"R","$","E","B",null],"character_chosen":"YOUMU","items_purchased":["Bottled Lightning","Boot","EchoesOfTheInclemencyOfAllBeings","TheAbacus"],"campfire_rested":3,"item_purchase_floors":[53,53,53,53],"current_hp_per_floor":[65,58,43,43,43,31,53,43,43,43,40,36,36,36,58,60,75,74,74,74,74,74,67,65,64,64,64,64,51,51,51,51,51,80,80,74,72,72,68,68,68,68,68,68,25,25,21,9,33,28,80,80,80,80,56],"gold":54,"neow_bonus":"UPGRADE_CARD","is_daily":false,"chose_seed":false,"campfire_upgraded":2,"win_rate":0.0,"timestamp":1611115371,"path_taken":["M","?","?","?","?","E","R","E","T","R","M","?","?","M","R","BOSS","M","?","?","?","?","E","M","E","T","R","?","?","?","M","R","BOSS","M","M","M","?","M","E","?","R","T","?","M","R","M","E","R","BOSS","R","$","E","BOSS"],"items_purchased_type":["Relic","Relic","Card","Relic"],"build_version":"2020-12-22","purchased_purges":2,"victory":true,"max_hp_per_floor":[75,75,75,75,75,75,75,75,75,75,75,75,75,75,75,75,75,75,75,75,75,75,75,75,75,75,75,75,80,80,80,80,80,80,80,80,80,80,80,80,80,80,80,80,80,80,80,80,80,80,80,80,80,87,87],"card_choices":[{"not_picked":["KarmicPunishmentOfTheIdleAndUnfocused","SlashOfMeditation"],"picked":"SlashOfAscensionToBuddhahood","floor":1.0},{"not_picked":["AsTheSilentNirvana","ObsessionWithThePresentWorld"],"picked":"CherryBlossomSword","floor":6.0},{"not_picked":["HesitationCuttingSword","HeavenGodSword"],"picked":"HumanGodSword","floor":8.0},{"not_picked":["SanzenSekai","HesitationCuttingSword"],"picked":"HumanRealmSword","floor":11.0},{"not_picked":["CherryBlossomFlashing","SwordOfBindingDesires"],"picked":"SlashOfMeditation","floor":12.0},{"not_picked":["DispleasureOfTheSevenHakus","CherryBlossomFlashing"],"picked":"HesitationCuttingSword","floor":13.0},{"not_picked":["SanzenSekai","CherryBlossomSword"],"picked":"CrescentMoonSlash","floor":14.0},{"not_picked":["DeadlyForm","FastingOfTheYoungPreta"],"picked":"HellRealmSword","floor":16.0},{"not_picked":["SpiritCuttingSword","PhosphoricSlash"],"picked":"FourBirthsSword","floor":18.0},{"not_picked":["LifeCuttingSword","SwordOfBindingDesires+1"],"picked":"ThreeKonsSevenHakus+1","floor":19.0},{"not_picked":["SlashOfDelusionalInnerEye","CherryBlossomFlashing"],"picked":"LotusPostureSlash+1","floor":20.0},{"not_picked":["SlashOfAscensionToBuddhahood","SpiritCuttingSword","HumanKnowledgeSword"],"picked":"SKIP","floor":23.0},{"not_picked":["CrescentMoonSlash","PhosphoricSlash+1"],"picked":"SuddenPhantomFormationSlashOfKarmicWind","floor":24.0},{"not_picked":["SanzenSekai","LightFlashOfTheNetherworld"],"picked":"SwordExtraction","floor":25.0},{"not_picked":["SwordOfBindingDesires","FlashingScatteredFlowers+1"],"picked":"HeavenSword","floor":31.0},{"not_picked":["CherryBlossomSword","SuddenDivineSeveringOfKarmicWind"],"picked":"StrangeHalfBody","floor":33.0},{"not_picked":["TenKingsRetributionOnThePreta+1","CherryBlossomFlashing"],"picked":"DispleasureOfTheSevenHakus","floor":35.0},{"not_picked":["LifeCuttingSword+1","SwordOfBindingDesires+1"],"picked":"RapidSlash","floor":36.0},{"not_picked":["FlashingScatteredFlowers+1","SlashOfDepartureFromHesitation+1"],"picked":"ThreeKonsSevenHakus+1","floor":37.0},{"not_picked":["Deep Breath","Madness"],"picked":"Apotheosis","floor":38.0},{"not_picked":["RapidSlash+1","GhostSword+1","DispleasureOfTheSevenHakus+1"],"picked":"SKIP","floor":39.0},{"not_picked":["HeartExcerptSlash+1","LifeCuttingSword+1"],"picked":"LowerRealmReflectionSlash","floor":40.0},{"not_picked":["DispleasureOfTheSevenHakus+1","AsTheSilentNirvana"],"picked":"SwordExtraction+1","floor":41.0},{"not_picked":["TenKingsRetributionOnThePreta","FlashingScatteredFlowers+1"],"picked":"HiganSword+1","floor":45.0},{"not_picked":["SwordOfBindingDesires","LowerRealmReflectionSlash","CherryBlossomSword"],"picked":"SKIP","floor":47.0},{"not_picked":["SuddenDivineSeveringOfKarmicWind","SwordExtraction+1"],"picked":"MatsuyoiReflectingSatelliteSlash","floor":48.0},{"not_picked":["HumanKnowledgeSword+1","HumanGodSword+1"],"picked":"LowerRealmReflectionSlash","floor":54}],"player_experience":300476,"relics_obtained":[{"floor":5.0,"key":"Oddly Smooth Stone"},{"floor":6.0,"key":"Art of War"},{"floor":8.0,"key":"Bag of Preparation"},{"floor":9.0,"key":"Toy Ornithopter"},{"floor":12.0,"key":"Odd Mushroom"},{"floor":22.0,"key":"Whetstone"},{"floor":23.0,"key":"Omamori"},{"floor":25.0,"key":"TungstenRod"},{"floor":26.0,"key":"Happy Flower"},{"floor":40.0,"key":"Mercury Hourglass"},{"floor":41.0,"key":"CatCart"},{"floor":48.0,"key":"Gambling Chip"},{"floor":54,"key":"Strawberry"}],"event_choices":[{"cards_removed":["Strike_YM"],"damage_healed":0.0,"max_hp_gain":0.0,"max_hp_loss":0.0,"gold_gain":0.0,"event_name":"Golden Wing","player_choice":"Card Removal","floor":2.0,"gold_loss":0.0,"damage_taken":7.0},{"damage_healed":0.0,"max_hp_gain":0.0,"max_hp_loss":0.0,"gold_gain":0.0,"event_name":"Shining Light","player_choice":"Entered Light","floor":3.0,"gold_loss":0.0,"damage_taken":15.0,"cards_upgraded":["Strike_YM","Strike_YM"]},{"damage_healed":0.0,"max_hp_gain":0.0,"max_hp_loss":0.0,"gold_gain":0.0,"event_name":"Mushrooms","player_choice":"Fought Mushrooms","floor":12.0,"gold_loss":0.0,"damage_taken":0.0},{"cards_removed":["Strike_YM"],"damage_healed":0.0,"max_hp_gain":0.0,"max_hp_loss":0.0,"gold_gain":0.0,"event_name":"Beggar","player_choice":"Gave Gold","floor":21.0,"gold_loss":75.0,"damage_taken":0.0},{"damage_healed":0.0,"max_hp_gain":0.0,"max_hp_loss":0.0,"gold_gain":0.0,"event_name":"Addict","player_choice":"Obtained Relic","floor":28.0,"gold_loss":85.0,"damage_taken":0.0,"relics_obtained":["Girya"]},{"damage_healed":0.0,"max_hp_gain":5.0,"max_hp_loss":0.0,"gold_gain":0.0,"event_name":"Forgotten Altar","player_choice":"Shed Blood","floor":29.0,"gold_loss":0.0,"damage_taken":19.0},{"damage_healed":0.0,"max_hp_gain":0.0,"max_hp_loss":0.0,"gold_gain":99.0,"event_name":"Nest","player_choice":"Stole From Cult","floor":30.0,"gold_loss":0.0,"damage_taken":0.0},{"damage_healed":0.0,"max_hp_gain":0.0,"max_hp_loss":0.0,"gold_gain":0.0,"event_name":"SensoryStone","player_choice":"Memory 1","floor":38.0,"gold_loss":0.0,"damage_taken":0.0},{"damage_healed":0.0,"max_hp_gain":0.0,"max_hp_loss":0.0,"gold_gain":0.0,"event_name":"OrinTheCat","player_choice":"Fight","floor":41.0,"gold_loss":0.0,"damage_taken":0.0},{"damage_healed":0.0,"max_hp_gain":0.0,"max_hp_loss":0.0,"gold_gain":0.0,"event_name":"Tomb of Lord Red Mask","player_choice":"Ignored","floor":44.0,"gold_loss":0.0,"damage_taken":0.0}],"is_beta":false,"boss_relics":[{"not_picked":["Ectoplasm","Runic Dome"],"picked":"Philosopher\u0027s Stone"},{"not_picked":["Coffee Dripper","Calling Bell"],"picked":"Sozu"}],"items_purged_floors":[4,53],"is_endless":false,"potions_floor_spawned":[1,11,13,14,18,20,23,31,35,37,48,54],"ascension_level":2}}