{"host":"xp5rvh2jwe2ejyfm","time":1611104383,"event":{"mods":["BaseMod","Gremlin Mod","Hermit","Minty Spire (QoL Compilation)","Replay The Spire","StSLib","The Blackbeard","The Construct","The Cursed","The Disciple","The Forsaken","The Hierophant","The Necromancer","The Runesmith"],"gold_per_floor":[111,111,37,55,55,86,12,12,60,60,84,84,107,122,122,241,241,256,275,18,18,117,117,117,117],"floor_reached":24,"language":"ENG","playtime":767,"items_purged":[],"score":219,"play_id":"e92a2777-749d-4618-9b2b-f9b357ead2e5","local_time":"20210119195943","is_ascension_mode":false,"campfire_choices":[{"data":"theForsaken:WrathOfGod","floor":10,"key":"SMITH"},{"data":"theForsaken:WrathOfGod+1","floor":12,"key":"SMITH"},{"floor":15,"key":"REST"},{"data":"theForsaken:RainingSunlight","floor":23,"key":"SMITH"}],"circlet_count":0,"master_deck":["theForsaken:TheForsaken_Strike","theForsaken:TheForsaken_Strike","theForsaken:TheForsaken_Strike","theForsaken:TheForsaken_Strike","theForsaken:TheForsaken_Defend","theForsaken:TheForsaken_Defend","theForsaken:TheForsaken_Defend","theForsaken:TheForsaken_Defend","theForsaken:Smite","theForsaken:Penitence","theForsaken:WrathOfGod+3","Regret","theForsaken:MagicWeapon+1","theForsaken:Eulogy","theForsaken:Preservation","theForsaken:MagicWeapon","Injury","theForsaken:StoreUp","theForsaken:BindingThorns","theForsaken:Enfeeble","theForsaken:DesperatePlea+1","theForsaken:DefensiveStance","theForsaken:CorruptedWord","theForsaken:CorruptedWord","theForsaken:CorruptedWord","theForsaken:RainingSunlight+1","Shame"],"relics":["theForsaken:JudgementScales","NeowsBlessing","Bag of Preparation","Pen Nib","Golden Idol","Potion Belt","construct:WeddingRing","Guide Book","Letter Opener"],"acts_visited":["Exordium","TheCity"],"potions_floor_usage":[24,24,24],"damage_taken":[{"damage":0,"enemies":"Small Slimes","floor":1,"turns":2},{"damage":0,"enemies":"2 Louse","floor":4,"turns":1},{"damage":0,"enemies":"Lagavulin","floor":6,"turns":2},{"damage":7,"enemies":"Jaw Worm","floor":11,"turns":6},{"damage":21,"enemies":"Exordium Thugs","floor":13,"turns":4},{"damage":4,"enemies":"2 Fungi Beasts","floor":14,"turns":4},{"damage":43,"enemies":"The Guardian","floor":16,"turns":12},{"damage":3,"enemies":"Spheric Guardian","floor":18,"turns":3},{"damage":6,"enemies":"Chosen","floor":19,"turns":8},{"damage":58,"enemies":"Slavers","floor":24,"turns":4}],"seed_played":"-383780852135402724","potions_obtained":[{"floor":1,"key":"Swift Potion"},{"floor":14,"key":"LiquidBronze"},{"floor":16,"key":"Swift Potion"},{"floor":19,"key":"DuplicationPotion"}],"is_trial":false,"path_per_floor":["M","?","$","M","?","E","$","?","T","R","M","R","M","M","R","B",null,"M","M","$","?","?","R","E"],"character_chosen":"THE_FORSAKEN","items_purchased":["theForsaken:MagicWeapon","theForsaken:MagicWeapon","Guide Book","theForsaken:CorruptedWord","theForsaken:RainingSunlight"],"campfire_rested":1,"item_purchase_floors":[3,7,20,20,20],"current_hp_per_floor":[65,65,65,65,65,65,65,65,65,65,58,58,37,35,54,14,65,62,58,58,58,58,58,0,0],"gold":117,"neow_bonus":"THREE_ENEMY_KILL","is_daily":false,"chose_seed":false,"campfire_upgraded":3,"win_rate":0.0,"timestamp":1611104383,"path_taken":["M","?","$","M","?","E","$","?","T","R","M","R","M","M","R","BOSS","M","M","$","?","?","R","E"],"items_purchased_type":["Card","Card","Relic","Card","Card"],"build_version":"2020-12-22","purchased_purges":0,"victory":false,"max_hp_per_floor":[65,65,65,65,65,65,65,65,65,65,65,65,65,65,65,65,65,65,65,65,65,65,65,65,65],"card_choices":[{"not_picked":["theForsaken:BlindFaith","theForsaken:Tranquility"],"picked":"theForsaken:WrathOfGod","floor":1},{"not_picked":["theForsaken:HorrifyingStrike","theForsaken:HymnOfRest"],"picked":"theForsaken:Eulogy","floor":4},{"not_picked":["theForsaken:CleansingLight","theForsaken:BottledPlague"],"picked":"theForsaken:Preservation","floor":6},{"not_picked":["theForsaken:ChargeAttack","theForsaken:ShieldCharge"],"picked":"theForsaken:StoreUp","floor":11},{"not_picked":["theForsaken:Eulogy","theForsaken:BountifulSunlight"],"picked":"theForsaken:BindingThorns","floor":13},{"not_picked":["theForsaken:BattleHymn","theForsaken:BountifulSunlight"],"picked":"theForsaken:Enfeeble","floor":14},{"not_picked":["theForsaken:CorruptedForm","theForsaken:DarkRift"],"picked":"theForsaken:DesperatePlea","floor":16},{"not_picked":["theForsaken:ChargeAttack+1","theForsaken:CreepingInfection+1"],"picked":"theForsaken:DefensiveStance","floor":18},{"not_picked":["theForsaken:PowerUp","theForsaken:BlightOfFamine"],"picked":"theForsaken:CorruptedWord","floor":19}],"player_experience":261304,"relics_obtained":[{"floor":6,"key":"Pen Nib"},{"floor":9,"key":"Potion Belt"}],"event_choices":[{"damage_healed":0,"gold_gain":0,"player_choice":"Box","damage_taken":0,"relics_obtained":["Bag of Preparation"],"max_hp_gain":0,"max_hp_loss":0,"event_name":"Big Fish","floor":2,"gold_loss":0,"cards_obtained":["Regret"]},{"damage_healed":0,"gold_gain":0,"player_choice":"Grow","damage_taken":0,"max_hp_gain":0,"max_hp_loss":0,"event_name":"Living Wall","floor":5,"gold_loss":0,"cards_upgraded":["theForsaken:MagicWeapon"]},{"damage_healed":0,"gold_gain":0,"player_choice":"Take Wound","damage_taken":0,"relics_obtained":["Golden Idol"],"max_hp_gain":0,"max_hp_loss":0,"event_name":"Golden Idol","floor":8,"gold_loss":0,"cards_obtained":["Injury"]},{"damage_healed":0,"gold_gain":0,"player_choice":"Stole Relic","damage_taken":0,"relics_obtained":["Letter Opener"],"max_hp_gain":0,"max_hp_loss":0,"event_name":"Addict","floor":21,"gold_loss":0,"cards_obtained":["Shame"]},{"damage_healed":0,"gold_gain":99,"player_choice":"Stole From Cult","damage_taken":0,"max_hp_gain":0,"max_hp_loss":0,"event_name":"Nest","floor":22,"gold_loss":0}],"is_beta":false,"boss_relics":[{"not_picked":["Runesmith:UraniumAnvil","Coffee Dripper"],"picked":"construct:WeddingRing"}],"items_purged_floors":[],"is_endless":false,"potions_floor_spawned":[1,14,16,19],"killed_by":"Slavers","ascension_level":0}}