{"host":"1u4zr9vl8my47i07","time":1611155987,"event":{"mods":["AchievementEnabler","BaseMod","Colored Map","DeckTracker","Highlight Path","Keyboard Shortcuts","Minty Spire (QoL Compilation)","Relic Stats","StSLib","SuperFastMode","Uncapped","Waifu the Spire","everything is the same but u backflip on backflip"],"gold_per_floor":[118,50,65,65,65,65,130,130,180,209,56,84,2,17,17,119,119,132,132,132,132,51,51,51,51,51,86,86,86,101,113,113,218,218,229,209,229,229,229],"floor_reached":38,"language":"KOR","playtime":1413,"items_purged":["Strike_P"],"score":579,"play_id":"924c3a59-331f-4de8-b20d-8c8063a767f5","local_time":"20210121001947","is_ascension_mode":true,"campfire_choices":[{"data":"Eruption","floor":6.0,"key":"SMITH"},{"data":"CrushJoints","floor":8.0,"key":"SMITH"},{"floor":15.0,"key":"REST"},{"data":"BattleHymn","floor":23.0,"key":"SMITH"},{"floor":25.0,"key":"REST"},{"floor":32.0,"key":"REST"}],"circlet_count":0,"master_deck":["Eruption+1","Vigilance","CrushJoints+1","FearNoEvil","FollowUp+1","SandsOfTime","SignatureMove","Worship","MentalFortress","EmptyMind+1","Protect+1","MasterReality","Establishment","PathToVictory+1","Crescendo+1","WreathOfFlame+1","CrushJoints","Meditate+1","BattleHymn+1","Wallop","Adaptation+1","Prostrate+1","Ragnarok","InnerPeace+1"],"relics":["Empty Cage","Strawberry","Art of War","GoldenEye","Toxic Egg 2","Pandora\u0027s Box","Nilry\u0027s Codex","Gremlin Horn","Pear","Nunchaku","SacredBark"],"acts_visited":["Exordium","TheCity","TheBeyond"],"potions_floor_usage":[38,38],"damage_taken":[{"damage":7.0,"enemies":"Cultist","floor":1.0,"turns":3.0},{"damage":4.0,"enemies":"Jaw Worm","floor":3.0,"turns":3.0},{"damage":9.0,"enemies":"3 Sentries","floor":7.0,"turns":8.0},{"damage":16.0,"enemies":"Gremlin Nob","floor":10.0,"turns":3.0},{"damage":30.0,"enemies":"3 Sentries","floor":12.0,"turns":6.0},{"damage":10.0,"enemies":"2 Louse","floor":14.0,"turns":2.0},{"damage":16.0,"enemies":"Hexaghost","floor":16.0,"turns":7.0},{"damage":8.0,"enemies":"2 Thieves","floor":18.0,"turns":3.0},{"damage":42.0,"enemies":"Slavers","floor":27.0,"turns":4.0},{"damage":12.0,"enemies":"Chosen","floor":30.0,"turns":3.0},{"damage":1.0,"enemies":"Sentry and Sphere","floor":31.0,"turns":3.0},{"damage":32.0,"enemies":"Automaton","floor":33.0,"turns":6.0},{"damage":15.0,"enemies":"Orb Walker","floor":35.0,"turns":4.0},{"damage":42,"enemies":"3 Shapes","floor":37,"turns":5},{"damage":12,"enemies":"Writhing Mass","floor":38,"turns":2}],"seed_played":"7273774845132573474","potions_obtained":[{"floor":1.0,"key":"SteroidPotion"},{"floor":7.0,"key":"Weak Potion"},{"floor":12.0,"key":"SkillPotion"},{"floor":31.0,"key":"SkillPotion"},{"floor":36.0,"key":"Explosive Potion"},{"floor":37,"key":"SteroidPotion"}],"is_trial":false,"path_per_floor":["M","$","M","?","?","R","?","R","T","E","$","E","$","M","R","B",null,"M","$","?","?","$","R","?","R","T","E","?","?","M","M","R","B",null,"M","?","M","M"],"character_chosen":"WATCHER","items_purchased":["FearNoEvil","Worship","EmptyMind+1","Wallop"],"campfire_rested":3,"item_purchase_floors":[2,11,13,22],"current_hp_per_floor":[58,58,54,40,40,40,38,38,38,22,22,12,12,2,25,9,62,54,54,54,38,38,38,23,48,48,16,16,16,4,3,31,39,80,65,65,23,11,11],"gold":229,"neow_bonus":"BOSS_RELIC","is_daily":false,"chose_seed":false,"campfire_upgraded":3,"win_rate":0.0,"timestamp":1611155987,"path_taken":["M","$","?","?","?","R","?","R","T","E","?","E","$","M","R","BOSS","M","$","?","?","$","R","?","R","T","E","?","?","?","M","R","BOSS","M","?","M","M"],"items_purchased_type":["Card","Card","Card","Card"],"build_version":"2020-12-22","purchased_purges":1,"victory":false,"max_hp_per_floor":[72,72,72,72,72,72,79,79,79,79,79,79,79,79,79,79,79,79,79,79,79,79,79,84,84,84,94,94,94,94,94,94,94,94,94,94,94,94,94],"relic_stats":{"Nunchaku":[4],"Gremlin Horn":[7,7],"counters":[15,62],"Pandora\u0027s Box":["Establishment","PathToVictory","Crescendo","WreathOfFlame","CrushJoints"],"Art of War":[6],"GoldenEye":[2],"obtain_stats":[{"Nunchaku":28,"Pear":27,"Gremlin Horn":26,"Nilry\u0027s Codex":21,"Strawberry":7,"SacredBark":34,"Pandora\u0027s Box":17,"Art of War":9,"PureWater":0,"Toxic Egg 2":12,"Empty Cage":0,"GoldenEye":10},{"Nunchaku":9,"Pear":9,"Gremlin Horn":8,"Nilry\u0027s Codex":8,"Strawberry":2,"SacredBark":12,"Pandora\u0027s Box":7,"Art of War":3,"PureWater":0,"Toxic Egg 2":5,"Empty Cage":0,"GoldenEye":4},{"Nunchaku":39,"Pear":39,"Gremlin Horn":35,"Nilry\u0027s Codex":35,"Strawberry":6,"SacredBark":51,"Pandora\u0027s Box":32,"Art of War":14,"PureWater":0,"Toxic Egg 2":23,"Empty Cage":0,"GoldenEye":17}]},"card_choices":[{"not_picked":["WindmillStrike","EmptyFist"],"picked":"CrushJoints","floor":1.0},{"not_picked":["ThirdEye","DeceiveReality"],"picked":"FollowUp","floor":3.0},{"not_picked":["WreathOfFlame","Collect"],"picked":"SandsOfTime","floor":7.0},{"not_picked":["Sanctity","Nirvana"],"picked":"SignatureMove","floor":10.0},{"not_picked":["Evaluate+1","LessonLearned"],"picked":"MentalFortress","floor":12.0},{"not_picked":["PathToVictory+1","Evaluate+1"],"picked":"Protect+1","floor":14.0},{"not_picked":["Ragnarok","ConjureBlade+1"],"picked":"MasterReality","floor":16.0},{"not_picked":["Prostrate+1","BowlingBash"],"picked":"Meditate+1","floor":18.0},{"not_picked":["MentalFortress","Swivel+1"],"picked":"Adaptation+1","floor":27.0},{"not_picked":["JustLucky","Fasting2"],"picked":"Prostrate+1","floor":30.0},{"not_picked":["Wallop","FlurryOfBlows","ClearTheMind+1"],"picked":"SKIP","floor":31.0},{"not_picked":["Devotion","SpiritShield+1"],"picked":"Ragnarok","floor":33.0},{"not_picked":["Meditate+1","CrushJoints"],"picked":"InnerPeace+1","floor":35.0},{"not_picked":["Wallop+1","FlurryOfBlows+1","BowlingBash"],"picked":"SKIP","floor":37}],"player_experience":355003,"relics_obtained":[{"floor":9.0,"key":"Art of War"},{"floor":10.0,"key":"GoldenEye"},{"floor":12.0,"key":"Toxic Egg 2"},{"floor":21.0,"key":"Nilry\u0027s Codex"},{"floor":26.0,"key":"Gremlin Horn"},{"floor":27.0,"key":"Pear"}],"event_choices":[{"damage_healed":0.0,"max_hp_gain":0.0,"max_hp_loss":0.0,"gold_gain":0.0,"event_name":"Shining Light","player_choice":"Entered Light","floor":4.0,"gold_loss":0.0,"damage_taken":14.0,"cards_upgraded":["FollowUp","Strike_P"]},{"damage_healed":0.0,"max_hp_gain":0.0,"max_hp_loss":0.0,"gold_gain":0.0,"event_name":"Liars Game","player_choice":"Ignored","floor":5.0,"gold_loss":0.0,"damage_taken":0.0},{"damage_healed":0.0,"max_hp_gain":0.0,"max_hp_loss":0.0,"gold_gain":0.0,"event_name":"Dead Adventurer","player_choice":"Searched \u00272\u0027 times","floor":7.0,"gold_loss":0.0,"damage_taken":0.0,"relics_obtained":["Strawberry"]},{"damage_healed":0.0,"max_hp_gain":0.0,"max_hp_loss":0.0,"gold_gain":0.0,"event_name":"The Library","player_choice":"Read","floor":20.0,"gold_loss":0.0,"damage_taken":0.0,"cards_obtained":["BattleHymn"]},{"damage_healed":0.0,"max_hp_gain":0.0,"max_hp_loss":0.0,"gold_gain":0.0,"event_name":"Cursed Tome","player_choice":"Obtained Book","floor":21.0,"gold_loss":0.0,"damage_taken":16.0},{"damage_healed":0.0,"max_hp_gain":5.0,"max_hp_loss":0.0,"gold_gain":0.0,"event_name":"Forgotten Altar","player_choice":"Shed Blood","floor":24.0,"gold_loss":0.0,"damage_taken":20.0},{"damage_healed":0.0,"max_hp_gain":0.0,"max_hp_loss":0.0,"gold_gain":0.0,"event_name":"The Mausoleum","player_choice":"Opened","floor":28.0,"gold_loss":0.0,"damage_taken":0.0,"relics_obtained":["Nunchaku"],"cards_obtained":["Writhe"]},{"cards_removed":["Writhe"],"damage_healed":0.0,"max_hp_gain":0.0,"max_hp_loss":0.0,"gold_gain":0.0,"event_name":"Purifier","player_choice":"Purged","floor":29.0,"gold_loss":0.0,"damage_taken":0.0},{"damage_healed":0.0,"max_hp_gain":0.0,"max_hp_loss":0.0,"gold_gain":0.0,"event_name":"The Woman in Blue","player_choice":"Bought 1 Potion","floor":36.0,"gold_loss":0.0,"damage_taken":0.0}],"is_beta":false,"boss_relics":[{"not_picked":["SlaversCollar","Runic Dome"],"picked":"Pandora\u0027s Box"},{"not_picked":["Cursed Key","Fusion Hammer"],"picked":"SacredBark"}],"items_purged_floors":[11],"is_endless":false,"potions_floor_spawned":[1,7,12,31,37],"killed_by":"Writhing Mass","ascension_level":8}}