{"host":"s2k2cf2d36evfy1t","time":1611174042,"event":{"mods":["BaseMod","Bestiary","Minty Spire (QoL Compilation)","Quick Restart","StSLib"],"gold_per_floor":[118,118,130,55,55,80,80,98,98,98,109,109,142,142,142,240,240,256,266,266,284,60,88,88,88,159,159,179,1,1,20,20,124,124,144,155,32,49,61,87,87,26,50,50,100,118,0,0,0,0],"floor_reached":51,"language":"ENG","playtime":2217,"items_purged":["Strike_B+1"],"score":1142,"play_id":"aee35877-e71e-492d-96fc-718cb1acf3fc","local_time":"20210120232042","is_ascension_mode":true,"campfire_choices":[{"data":"Zap","floor":7.0,"key":"SMITH"},{"data":"Sweeping Beam","floor":10.0,"key":"SMITH"},{"data":"Leap","floor":15.0,"key":"SMITH"},{"floor":27.0,"key":"REST"},{"data":"Dualcast","floor":30.0,"key":"SMITH"},{"floor":32.0,"key":"REST"},{"data":"Glacier","floor":41.0,"key":"SMITH"},{"floor":44.0,"key":"REST"},{"floor":49.0,"key":"REST"}],"circlet_count":0,"master_deck":["AscendersBane","Defend_B+1","Defend_B","Defend_B","Defend_B+1","Zap+1","Dualcast+1","Sweeping Beam+1","Leap+1","Ball Lightning+1","Thunder Strike+1","Steam+1","Ball Lightning+1","Core Surge+1","Sweeping Beam+1","Ball Lightning+1","Conserve Battery","Core Surge+1","Bite+1","Bite+1","Bite+1","Bite+1","Bite+1","Coolheaded+1","Leap+1","Go for the Eyes+1","Ball Lightning+1","Hyperbeam+1","Static Discharge+1","Redo+1","Glacier+1","Steam+1","Cold Snap+1","Madness","Madness"],"relics":["FrozenCore","NeowsBlessing","Molten Egg 2","StoneCalendar","Dream Catcher","Bag of Marbles","SacredBark","Membership Card","Potion Belt","The Courier","MutagenicStrength","Meat on the Bone","Anchor","Omamori","Whetstone","Bronze Scales","Boot","Frozen Egg 2","War Paint","Happy Flower","Ice Cream","Red Mask"],"acts_visited":["Exordium","TheCity","TheBeyond"],"potions_floor_usage":[50,50,50,50],"damage_taken":[{"damage":0.0,"enemies":"2 Louse","floor":1.0,"turns":1.0},{"damage":0.0,"enemies":"Jaw Worm","floor":3.0,"turns":1.0},{"damage":0.0,"enemies":"Gremlin Nob","floor":6.0,"turns":1.0},{"damage":0.0,"enemies":"Small Slimes","floor":8.0,"turns":2.0},{"damage":3.0,"enemies":"Blue Slaver","floor":11.0,"turns":3.0},{"damage":12.0,"enemies":"Lagavulin","floor":13.0,"turns":5.0},{"damage":13.0,"enemies":"The Guardian","floor":16.0,"turns":7.0},{"damage":15.0,"enemies":"2 Thieves","floor":18.0,"turns":4.0},{"damage":22.0,"enemies":"Shell Parasite","floor":19.0,"turns":4.0},{"damage":5.0,"enemies":"Snecko","floor":21.0,"turns":3.0},{"damage":48.0,"enemies":"Slavers","floor":23.0,"turns":6.0},{"damage":12.0,"enemies":"Sentry and Sphere","floor":28.0,"turns":5.0},{"damage":22.0,"enemies":"Snake Plant","floor":31.0,"turns":5.0},{"damage":72.0,"enemies":"Champ","floor":33.0,"turns":10.0},{"damage":5.0,"enemies":"3 Shapes","floor":35.0,"turns":4.0},{"damage":14.0,"enemies":"3 Darklings","floor":36.0,"turns":3.0},{"damage":0.0,"enemies":"4 Shapes","floor":38.0,"turns":3.0},{"damage":0.0,"enemies":"Jaw Worm Horde","floor":39.0,"turns":3.0},{"damage":52.0,"enemies":"Giant Head","floor":40.0,"turns":8.0},{"damage":4.0,"enemies":"Mind Bloom Boss Battle","floor":45.0,"turns":7.0},{"damage":31.0,"enemies":"Writhing Mass","floor":46.0,"turns":6.0},{"damage":113,"enemies":"Awakened One","floor":50,"turns":13}],"seed_played":"2579183288766164201","potions_obtained":[{"floor":3.0,"key":"FairyPotion"},{"floor":13.0,"key":"Ancient Potion"},{"floor":16.0,"key":"SneckoOil"},{"floor":21.0,"key":"ColorlessPotion"},{"floor":33.0,"key":"GamblersBrew"},{"floor":38.0,"key":"Swift Potion"},{"floor":39.0,"key":"Block Potion"},{"floor":45.0,"key":"Regen Potion"},{"floor":46.0,"key":"Fire Potion"}],"is_trial":false,"path_per_floor":["M","?","M","$","T","E","R","M","T","R","M","?","E","?","R","B",null,"M","M","?","M","$","E","?","?","T","R","M","$","R","M","R","B",null,"M","M","$","M","M","E","R","$","T","R","?","M","?","?","R","B",null],"character_chosen":"DEFECT","items_purchased":["Membership Card","Potion Belt","Anchor","Omamori","Whetstone","Bronze Scales","Boot","War Paint"],"campfire_rested":4,"item_purchase_floors":[22,22,29,29,29,37,37,42],"current_hp_per_floor":[68,53,53,53,53,53,53,53,53,53,50,50,38,63,63,50,69,54,32,57,52,52,4,4,4,4,19,31,31,31,33,48,34,48,50,36,36,42,42,16,16,16,16,31,42,36,36,29,44,24],"gold":0,"neow_bonus":"THREE_ENEMY_KILL","is_daily":false,"chose_seed":false,"campfire_upgraded":5,"win_rate":0.0,"timestamp":1611174042,"path_taken":["M","?","M","$","?","E","R","M","T","R","M","?","E","?","R","BOSS","M","M","?","M","$","E","?","?","T","R","M","?","R","M","R","BOSS","M","M","$","M","M","E","R","$","T","R","?","M","?","?","R","BOSS"],"items_purchased_type":["Relic","Relic","Relic","Relic","Relic","Relic","Relic","Relic"],"build_version":"2020-12-22","purchased_purges":1,"victory":true,"max_hp_per_floor":[75,75,75,75,75,75,75,75,75,75,75,75,75,75,75,75,75,75,75,75,75,75,75,75,52,52,52,52,52,52,52,52,52,52,52,52,52,52,52,52,52,52,52,52,52,52,52,52,52,52],"card_choices":[{"not_picked":["Streamline","Reprogram"],"picked":"Sweeping Beam","floor":1.0},{"not_picked":["Rebound","Compile Driver"],"picked":"Leap","floor":3.0},{"not_picked":["Reprogram","Streamline+1"],"picked":"Ball Lightning+1","floor":6.0},{"not_picked":["Coolheaded","Compile Driver+1"],"picked":"Thunder Strike+1","floor":8.0},{"not_picked":["Hologram","Redo"],"picked":"Steam","floor":11.0},{"not_picked":["Gash+1","Leap"],"picked":"Ball Lightning+1","floor":13.0},{"not_picked":["Buffer","Thunder Strike+1"],"picked":"Core Surge+1","floor":16.0},{"not_picked":["Force Field","Reinforced Body"],"picked":"Sweeping Beam+1","floor":18.0},{"not_picked":["Compile Driver+1","Genetic Algorithm"],"picked":"Ball Lightning+1","floor":19.0},{"not_picked":["Turbo+1","Beam Cell+1"],"picked":"Conserve Battery","floor":21.0},{"not_picked":["Hello World","Force Field"],"picked":"Core Surge+1","floor":23.0},{"not_picked":["Conserve Battery","Streamline+1"],"picked":"Coolheaded+1","floor":27.0},{"not_picked":["Sweeping Beam+1","Defragment"],"picked":"Leap+1","floor":28.0},{"not_picked":["Hologram+1","Scrape+1"],"picked":"Go for the Eyes+1","floor":31.0},{"not_picked":["Rebound+1","Conserve Battery"],"picked":"Ball Lightning+1","floor":32.0},{"not_picked":["Creative AI","Machine Learning"],"picked":"Hyperbeam+1","floor":33.0},{"not_picked":["Sweeping Beam+1","Stack"],"picked":"Static Discharge+1","floor":35.0},{"not_picked":["Melter+1","Go for the Eyes+1"],"picked":"Redo+1","floor":36.0},{"not_picked":["Amplify","Streamline+1"],"picked":"Glacier","floor":38.0},{"not_picked":["Cold Snap+1","Go for the Eyes+1"],"picked":"Steam+1","floor":39.0},{"not_picked":["Sunder+1","Recycle+1","Coolheaded"],"picked":"SKIP","floor":40.0},{"not_picked":["Coolheaded","Rebound+1"],"picked":"Cold Snap+1","floor":45.0},{"not_picked":["Stack","Tempest","Storm+1"],"picked":"SKIP","floor":46.0}],"player_experience":232691,"relics_obtained":[{"floor":5.0,"key":"Molten Egg 2"},{"floor":6.0,"key":"StoneCalendar"},{"floor":9.0,"key":"Dream Catcher"},{"floor":13.0,"key":"Bag of Marbles"},{"floor":23.0,"key":"The Courier"},{"floor":26.0,"key":"Meat on the Bone"},{"floor":40.0,"key":"Frozen Egg 2"},{"floor":43.0,"key":"Happy Flower"},{"floor":45.0,"key":"Ice Cream"}],"event_choices":[{"damage_healed":0.0,"max_hp_gain":0.0,"max_hp_loss":0.0,"gold_gain":0.0,"event_name":"Shining Light","player_choice":"Entered Light","floor":2.0,"gold_loss":0.0,"damage_taken":15.0,"cards_upgraded":["Defend_B","Strike_B"]},{"damage_healed":0.0,"max_hp_gain":0.0,"max_hp_loss":0.0,"gold_gain":0.0,"event_name":"Liars Game","player_choice":"Ignored","floor":12.0,"gold_loss":0.0,"damage_taken":0.0},{"damage_healed":25.0,"max_hp_gain":0.0,"max_hp_loss":0.0,"gold_gain":0.0,"event_name":"Big Fish","player_choice":"Banana","floor":14.0,"gold_loss":0.0,"damage_taken":0.0},{"damage_healed":25.0,"max_hp_gain":0.0,"max_hp_loss":0.0,"gold_gain":0.0,"event_name":"The Library","player_choice":"Heal","floor":20.0,"gold_loss":0.0,"damage_taken":0.0},{"damage_healed":0.0,"max_hp_gain":0.0,"max_hp_loss":0.0,"gold_gain":0.0,"event_name":"Drug Dealer","player_choice":"Inject Mutagens","floor":24.0,"gold_loss":0.0,"damage_taken":0.0,"relics_obtained":["MutagenicStrength"]},{"damage_healed":0.0,"max_hp_gain":0.0,"max_hp_loss":23.0,"gold_gain":0.0,"event_name":"Vampires","player_choice":"Became a vampire","floor":25.0,"gold_loss":0.0,"damage_taken":0.0,"cards_obtained":["Bite","Bite","Bite","Bite","Bite"]},{"damage_healed":0.0,"max_hp_gain":0.0,"max_hp_loss":0.0,"gold_gain":0.0,"event_name":"MindBloom","player_choice":"Fight","floor":45.0,"gold_loss":0.0,"damage_taken":0.0},{"damage_healed":0.0,"max_hp_gain":0.0,"max_hp_loss":0.0,"gold_gain":0.0,"event_name":"Tomb of Lord Red Mask","player_choice":"Paid","floor":47.0,"gold_loss":118.0,"damage_taken":0.0,"relics_obtained":["Red Mask"]},{"damage_healed":0.0,"max_hp_gain":0.0,"max_hp_loss":0.0,"gold_gain":0.0,"event_name":"Winding Halls","player_choice":"Embrace Madness","floor":48.0,"gold_loss":0.0,"damage_taken":7.0,"cards_obtained":["Madness","Madness"]}],"is_beta":false,"boss_relics":[{"not_picked":["Black Star","Sozu"],"picked":"SacredBark"},{"not_picked":["Philosopher\u0027s Stone","Busted Crown"],"picked":"FrozenCore"}],"items_purged_floors":[4],"is_endless":false,"potions_floor_spawned":[3,13,16,21,33,38,39,45,46],"ascension_level":10}}