{"host":"pmmuxs046gii331m","time":1611155350,"event":{"mods":["AchievementEnabler","BaseMod","Colored Powertips","Downfall","Gold Saver","Minty Spire (QoL Compilation)","Permanent Neow","Quick Restart","StSLib"],"gold_per_floor":[1415,1427,1440,1440,1499,1499,1525,1425,1437,1457,1457,1457,1470,1504,1520,1615,1615,1515,1526,1544,1544,1557,1557,1557,1557,1571,1086,1100,736,736,747,764,861,861,861,873,973,984,994,964,964,991,891,891,891,891,654,669,679,679,679,709,422,422,422,422,422,422],"floor_reached":56,"language":"ENG","playtime":7127,"items_purged":["Clumsy","hexamod:Defend","hexamod:Strike","hexamod:Strike","hexamod:Defend"],"score":756,"play_id":"ee333718-c950-41ac-9c0c-1ca9ca7a6d21","local_time":"20210120100910","is_ascension_mode":false,"campfire_choices":[{"data":"hexamod:Float","floor":1,"key":"SMITH"},{"data":"hexamod:RadiantFlame","floor":8,"key":"SMITH"},{"data":"hexamod:AdvancingGuard","floor":11,"key":"SMITH"},{"data":"hexamod:ThermalTransfer","floor":18,"key":"SMITH"},{"data":"hexamod:EmpoweredFlame","floor":23,"key":"SMITH"},{"data":"hexamod:RainOfEmbers","floor":30,"key":"SMITH"},{"floor":35,"key":"RECALL"},{"floor":43,"key":"REST"},{"data":"hexamod:SearingWound","floor":46,"key":"SMITH"},{"floor":54,"key":"REST"}],"circlet_count":0,"master_deck":["hexamod:Sear","hexamod:Float+1","hexamod:GhostOfSpirePresent","hexamod:PhantomFireball","hexamod:RadiantFlame+1","hexamod:ThermalTransfer+1","hexamod:AdvancingGuard+1","hexamod:ShieldOfDarkness","hexamod:ThermalTransfer+1","hexamod:HeatMetal","hexamod:HauntingEcho+1","hexamod:EmpoweredFlame+1","hexamod:SwordOfDarkness","hexamod:ChargedBarrage","hexamod:RainOfEmbers+1","hexamod:BurningTouch","hexamod:SearingWound+1","hexamod:CatchUp+1","Parasite"],"relics":["hexamod:SpiritBrand","Eternal Feather","downfall:HeartBlessingBlue","Pen Nib","SlaversCollar","downfall:HeartBlessingGreen","downfall:KnowingSkull","Kunai","Meat on the Bone","Nunchaku","Membership Card","Ice Cream","Runic Pyramid","Chemical X","Vajra","Ginger","hexamod:InflammatoryLetter","hexamod:SoulConsumer","downfall:HeartBlessingRed","Blood Vial","Blue Candle","Oddly Smooth Stone","Anchor"],"acts_visited":["Exordium","TheCity","TheBeyond","TheEnding"],"potions_floor_usage":[5,16,32,33,33,33,42,42,50,50,52,55,56,56,56],"damage_taken":[{"damage":3,"enemies":"Small Slimes","floor":2,"turns":3},{"damage":0,"enemies":"Cultist","floor":3,"turns":4},{"damage":27,"enemies":"Gremlin Nob","floor":5,"turns":4},{"damage":0,"enemies":"2 Louse","floor":9,"turns":3},{"damage":9,"enemies":"Large Slime","floor":10,"turns":6},{"damage":1,"enemies":"Red Slaver","floor":13,"turns":4},{"damage":11,"enemies":"3 Sentries","floor":14,"turns":11},{"damage":0,"enemies":"Exordium Thugs","floor":15,"turns":4},{"damage":4,"enemies":"IC_STATUS_ARCHETYPE","floor":16,"turns":8},{"damage":0,"enemies":"Chosen","floor":19,"turns":4},{"damage":12,"enemies":"Snake Plant","floor":20,"turns":3},{"damage":23,"enemies":"Sentry and Sphere","floor":22,"turns":7},{"damage":0,"enemies":"3 Cultists","floor":26,"turns":5},{"damage":6,"enemies":"downfall:FleeingMerchant","floor":27,"turns":4},{"damage":9,"enemies":"Snecko","floor":28,"turns":4},{"damage":0,"enemies":"downfall:FleeingMerchant","floor":29,"turns":4},{"damage":4,"enemies":"Centurion and Healer","floor":31,"turns":5},{"damage":2,"enemies":"Shelled Parasite and Fungi","floor":32,"turns":4},{"damage":5,"enemies":"WA_ARCHETYPE_CALM","floor":33,"turns":5},{"damage":8,"enemies":"Orb Walker","floor":36,"turns":3},{"damage":13,"enemies":"3 Shapes","floor":38,"turns":5},{"damage":54,"enemies":"Transient","floor":39,"turns":5},{"damage":2,"enemies":"downfall:FleeingMerchant","floor":40,"turns":3},{"damage":47,"enemies":"Reptomancer","floor":42,"turns":4},{"damage":23,"enemies":"Sphere and 2 Shapes","floor":48,"turns":5},{"damage":18,"enemies":"Writhing Mass","floor":49,"turns":5},{"damage":44,"enemies":"DF_ARCHETYPE_ORBS","floor":50,"turns":6},{"damage":38,"enemies":"downfall:CharBossMerchant","floor":52,"turns":6},{"damage":47,"enemies":"downfall:NeowBoss","floor":55,"turns":11},{"damage":71,"enemies":"downfall:NeowBossFinal","floor":56,"turns":5}],"seed_played":"-5018851636334405544","potions_obtained":[{"floor":2,"key":"champ:CounterPotion"},{"floor":10,"key":"bronze:BurnAndBuffPotion"},{"floor":13,"key":"LiquidBronze"},{"floor":16,"key":"Energy Potion"},{"floor":19,"key":"FearPotion"},{"floor":28,"key":"Strength Potion"},{"floor":33,"key":"hexamod:InfernoChargePotion"},{"floor":38,"key":"PowerPotion"},{"floor":39,"key":"FairyPotion"}],"is_trial":false,"path_per_floor":["R","M","M","?","?","?","T","R","M","M","R","?","M","E","M","B",null,"R","M","M","?","M","R","T","?","M","$","M","$","R","M","M","B",null,"R","M","?","M","M","$","T","E","R","?","?","R","$","M","M","B",null,"E","$","R","B","B"],"character_chosen":"THE_SPIRIT","items_purchased":["Meat on the Bone","Nunchaku","Membership Card","Ice Cream","Chemical X","Vajra","Ginger","ColorlessPotion","SpeedPotion","Regen Potion","Blood Vial","Oddly Smooth Stone","Anchor","Energy Potion","Explosive Potion"],"campfire_rested":2,"item_purchase_floors":[27,27,29,29,40,40,40,47,47,47,47,53,53,53,53],"current_hp_per_floor":[70,67,67,67,40,40,40,56,56,47,53,53,52,41,41,37,80,80,80,68,61,38,47,47,47,47,41,44,44,53,49,47,42,80,80,72,72,59,17,27,27,27,63,63,63,75,75,58,46,32,80,46,46,79,49,0,0,0],"gold":422,"neow_bonus":"TRANSFORM_CARD","is_daily":false,"chose_seed":false,"campfire_upgraded":7,"win_rate":0.0,"timestamp":1611155350,"path_taken":["R","M","M","?","?","?","T","R","M","?","R","?","M","E","M","BOSS","R","M","M","?","?","R","T","?","M","$","M","?","R","M","M","BOSS","R","M","?","M","?","$","T","E","R","?","?","R","$","M","M","BOSS","E","$","R","BOSS","BOSS"],"items_purchased_type":["Relic","Relic","Relic","Relic","Relic","Relic","Relic","Potion","Potion","Potion","Relic","Relic","Relic","Potion","Potion"],"build_version":"2020-12-22","purchased_purges":5,"victory":false,"max_hp_per_floor":[70,70,70,70,70,70,70,80,80,80,80,80,80,80,80,80,80,80,80,80,80,80,80,80,80,80,80,80,80,80,80,80,80,80,80,80,80,80,80,80,80,80,80,80,80,80,80,80,80,80,80,80,80,80,80,80,80,80],"card_choices":[{"not_picked":["hexamod:RecurringNightmare","hexamod:SpectersWail"],"picked":"hexamod:PhantomFireball","floor":2},{"not_picked":["hexamod:Hexaguard","hexamod:BacktrackSmack"],"picked":"hexamod:RadiantFlame","floor":3},{"not_picked":["hexamod:Rewind","hexamod:SpectersWail"],"picked":"hexamod:ThermalTransfer","floor":5},{"not_picked":["hexamod:Hexaguard","hexamod:PowerFromBeyond"],"picked":"hexamod:AdvancingGuard","floor":9},{"not_picked":["hexamod:RadiantFlame","hexamod:GiftsFromTheDead"],"picked":"hexamod:ShieldOfDarkness","floor":10},{"not_picked":["hexamod:ShieldOfDarkness","hexamod:SpectralAdrenaline"],"picked":"hexamod:ThermalTransfer","floor":13},{"not_picked":["hexamod:SuperheatedStrike","hexamod:PhantomCloak","hexamod:NightmareStrike"],"picked":"SKIP","floor":14},{"not_picked":["hexamod:FirstSeal","hexamod:SpectralAdrenaline"],"picked":"hexamod:HeatMetal","floor":15},{"not_picked":["hexamod:SpectralAdrenaline+1","hexamod:FirstSeal"],"picked":"hexamod:HauntingEcho+1","floor":19},{"not_picked":["hexamod:HauntingEcho","hexamod:ExtraCrispy"],"picked":"hexamod:EmpoweredFlame","floor":20},{"not_picked":["hexamod:RadiantFlame","hexamod:HeatMetal+1"],"picked":"hexamod:SwordOfDarkness","floor":22},{"not_picked":["hexamod:GhostShield","hexamod:AdvancingGuard"],"picked":"hexamod:ChargedBarrage","floor":26},{"not_picked":["hexamod:ThermalTransfer","hexamod:SecondSeal"],"picked":"hexamod:RainOfEmbers","floor":27},{"not_picked":["hexamod:SuperheatedStrike","hexamod:InspiringFlames","hexamod:GiftsFromTheDead"],"picked":"SKIP","floor":28},{"not_picked":["hexamod:HauntingEcho","hexamod:SpectersWail"],"picked":"hexamod:BurningTouch","floor":29},{"not_picked":["hexamod:RainOfEmbers+1","hexamod:SwordOfDarkness","hexamod:HeatMetal"],"picked":"SKIP","floor":31},{"not_picked":["hexamod:SwordOfDarkness+1","hexamod:PowerFromBeyond","hexamod:SpectersWail"],"picked":"SKIP","floor":32},{"not_picked":["hexamod:ParanormalForm","hexamod:TurnItUp"],"picked":"hexamod:SearingWound","floor":33},{"not_picked":["hexamod:ExtraCrispy","hexamod:RetreatToShadows","hexamod:HauntingEcho"],"picked":"SKIP","floor":36},{"not_picked":["hexamod:SpectersWail","hexamod:RainOfEmbers","hexamod:Again"],"picked":"SKIP","floor":38},{"not_picked":["hexamod:HeatMetal+1","hexamod:Rewind+1","hexamod:NightmareGuise"],"picked":"SKIP","floor":39},{"not_picked":["hexamod:InspiringFlames+1","hexamod:SuperheatedStrike+1"],"picked":"hexamod:CatchUp+1","floor":40},{"not_picked":["hexamod:NightmareGuise","hexamod:SearingWound","hexamod:Firestarter"],"picked":"SKIP","floor":42},{"not_picked":["hexamod:Firestarter","hexamod:GhostShield","hexamod:SuperheatedStrike"],"picked":"SKIP","floor":48},{"not_picked":["hexamod:Firestarter+1","hexamod:CatchUp","hexamod:ShieldOfDarkness+1"],"picked":"SKIP","floor":49},{"not_picked":["hexamod:Hexaguard","hexamod:FifthSeal","hexamod:ThermalTransfer"],"picked":"SKIP","floor":52}],"player_experience":350171,"relics_obtained":[{"floor":14,"key":"Pen Nib"},{"floor":24,"key":"Kunai"},{"floor":41,"key":"hexamod:InflammatoryLetter"},{"floor":42,"key":"hexamod:SoulConsumer"},{"floor":52,"key":"Blue Candle"}],"event_choices":[{"damage_healed":0,"gold_gain":0,"player_choice":"Forge","damage_taken":0,"max_hp_gain":0,"max_hp_loss":0,"event_name":"Accursed Blacksmith","floor":25,"gold_loss":0,"cards_upgraded":["hexamod:ThermalTransfer"]},{"damage_healed":0,"gold_gain":0,"player_choice":"Ignored","damage_taken":0,"max_hp_gain":0,"max_hp_loss":0,"event_name":"Mysterious Sphere","floor":45,"gold_loss":0}],"is_beta":false,"boss_relics":[{"not_picked":["Black Star","Fusion Hammer"],"picked":"SlaversCollar"},{"not_picked":["Snecko Eye","Tiny House"],"picked":"Runic Pyramid"}],"items_purged_floors":[27,29,40,47,53],"is_endless":false,"potions_floor_spawned":[2,10,13,16,19,28,31,33,38,39,49],"killed_by":"downfall:NeowBossFinal","ascension_level":0}}