{"host":"6jrnojxwearbrjzo","time":1611158105,"event":{"mods":["BaseMod","Conspire","Downfall","Highlight Path","Marisa（F雨　魔理沙）","Minty Spire (QoL Compilation)","Quick Restart","Random Character Button","Shop Mod","Spicy Shops","StSLib","The Construct","The Servant 0.9.4","Yuyuko","[功能]功能增强和修复MOD","vexMod"],"gold_per_floor":[115,115,35,35,1,1,35,35,58,58,72,90,61,61,61,158,158,172,172,172,172,162,193,209,209,209,209,209,190,180,180,180,285,285,304,261,261,277,304,304,304,304,304,250,281,276,288,288,288,288,288],"floor_reached":50,"language":"ZHS","playtime":1375,"items_purged":["Strike_B","Defend_B","Defend_B","Defend_B","Zap","Strike_B","Go for the Eyes","conspire:GhostlyStrike","conspire:GhostlyStrike","Steam","Rainbow","Beam Cell","Trip"],"score":626,"play_id":"ba7a9ed4-1922-436e-8ea7-1bd02a2d10f2","local_time":"20210120235505","is_ascension_mode":true,"campfire_choices":[{"data":"Streamline","floor":6.0,"key":"SMITH"},{"data":"Coolheaded","floor":10.0,"key":"SMITH"},{"data":"Go for the Eyes","floor":15.0,"key":"SMITH"},{"data":"Fission","floor":25.0,"key":"SMITH"},{"data":"Madness","floor":32.0,"key":"SMITH"},{"data":"Scrape","floor":42.0,"key":"SMITH"},{"data":"Double Energy","floor":49.0,"key":"SMITH"}],"circlet_count":0,"master_deck":["Chill","Conserve Battery+1","Streamline+1","Cold Snap","Coolheaded+1","Go for the Eyes+1","Fission+1","Scrape+1","Madness+1","Ball Lightning","Double Energy+1","Blizzard","Beam Cell+1","Skim"],"relics":["Cracked Core"],"acts_visited":["Exordium","TheCity","TheBeyond"],"potions_floor_usage":[50],"damage_taken":[{"damage":7.0,"enemies":"Jaw Worm","floor":1.0,"turns":3.0},{"damage":2.0,"enemies":"Lagavulin","floor":7.0,"turns":5.0},{"damage":0.0,"enemies":"2 Louse","floor":11.0,"turns":2.0},{"damage":0.0,"enemies":"Cultist","floor":12.0,"turns":2.0},{"damage":17.0,"enemies":"Slime Boss","floor":16.0,"turns":7.0},{"damage":0.0,"enemies":"2 Thieves","floor":18.0,"turns":4.0},{"damage":23.0,"enemies":"Slavers","floor":23.0,"turns":3.0},{"damage":0.0,"enemies":"Spheric Guardian","floor":24.0,"turns":1.0},{"damage":1.0,"enemies":"Champ","floor":33.0,"turns":6.0},{"damage":8.0,"enemies":"3 Darklings","floor":35.0,"turns":3.0},{"damage":8.0,"enemies":"Orb Walker","floor":38.0,"turns":2.0},{"damage":0.0,"enemies":"Reptomancer","floor":45.0,"turns":4.0},{"damage":16.0,"enemies":"Jaw Worm Horde","floor":47.0,"turns":3.0},{"damage":51,"enemies":"conspire:OrnateMirror","floor":50,"turns":4}],"seed_played":"-8566053601400017526","potions_obtained":[{"floor":1.0,"key":"PowerPotion"},{"floor":18.0,"key":"PowerPotion"},{"floor":23.0,"key":"LiquidBronze"},{"floor":33.0,"key":"FocusPotion"},{"floor":47.0,"key":"ColorlessPotion"}],"is_trial":false,"path_per_floor":["M","?","$","?","$","R","E","?","T","R","M","M","$","?","R","B",null,"M","?","$","?","$","E","M","R","T","?","?","$","$","?","R","B",null,"M","$","?","M","T","?","?","R","T","$","E","$","M","?","R","B"],"character_chosen":"DEFECT","items_purchased":["Storm","Streamline","Go for the Eyes","champ:CounterPotion","Cold Snap","EntropicBrew","Go for the Eyes","Beam Cell","Madness","Ball Lightning","Double Energy","Blizzard","Trip","Skim"],"campfire_rested":0,"item_purchase_floors":[3,3,3,3,5,5,13,22,29,30,36,36,44,44],"current_hp_per_floor":[68,68,68,68,68,68,66,66,66,66,66,66,66,73,73,56,75,75,75,75,75,75,52,52,52,52,52,75,75,75,61,61,60,80,72,72,72,64,64,64,64,64,64,64,64,64,48,48,48,0,0],"gold":288,"neow_bonus":"TRANSFORM_CARD","is_daily":false,"chose_seed":false,"campfire_upgraded":7,"win_rate":0.0,"timestamp":1611158105,"path_taken":["M","?","$","?","$","R","E","?","T","R","?","?","$","?","R","BOSS","M","?","$","?","$","E","?","R","T","?","?","?","$","?","R","BOSS","M","$","?","?","?","?","?","R","T","?","E","$","?","?","R","BOSS"],"items_purchased_type":["Card","Card","Card","Potion","Card","Potion","Card","Card","Card","Card","Card","Card","Card","Card"],"build_version":"2020-12-22","purchased_purges":13,"victory":false,"max_hp_per_floor":[75,75,75,75,75,75,75,75,75,75,75,75,75,75,75,75,75,75,75,75,75,75,75,75,75,75,75,75,75,75,80,80,80,80,80,80,80,80,80,80,80,80,80,80,80,80,80,80,80,80,80],"card_choices":[{"not_picked":["Sweeping Beam","Reinforced Body"],"picked":"Conserve Battery","floor":1.0},{"not_picked":["Storm","Scrape"],"picked":"Coolheaded","floor":7.0},{"not_picked":["Go for the Eyes","Heatsinks","Leap"],"picked":"SKIP","floor":11.0},{"not_picked":["conspire:SharedLibrary","Conserve Battery","Auto Shields"],"picked":"SKIP","floor":12.0},{"not_picked":["Electrodynamics","Amplify"],"picked":"Fission","floor":16.0},{"not_picked":["Heatsinks","Force Field+1"],"picked":"Scrape","floor":18.0},{"not_picked":["Glacier","Redo","Cold Snap"],"picked":"SKIP","floor":23.0},{"not_picked":["Go for the Eyes+1","Tempest","Steam"],"picked":"SKIP","floor":24.0},{"not_picked":["Fission","Amplify"],"picked":"Rainbow","floor":33.0},{"not_picked":["Hologram","FTL","Turbo+1"],"picked":"SKIP","floor":35.0},{"not_picked":["Conserve Battery+1","conspire:SharedLibrary"],"picked":"Beam Cell+1","floor":38.0},{"not_picked":["Chaos","Auto Shields+1","Doom and Gloom"],"picked":"SKIP","floor":45.0},{"not_picked":["Force Field+1","Hologram","Compile Driver"],"picked":"SKIP","floor":47.0}],"player_experience":89517,"relics_obtained":[],"event_choices":[{"damage_healed":0.0,"max_hp_gain":0.0,"max_hp_loss":0.0,"gold_gain":0.0,"event_name":"Scrap Ooze","player_choice":"Fled","floor":2.0,"gold_loss":0.0,"damage_taken":0.0},{"damage_healed":0.0,"max_hp_gain":0.0,"max_hp_loss":0.0,"gold_gain":0.0,"event_name":"conspire:LoneGhost","player_choice":"Agree","floor":4.0,"gold_loss":0.0,"damage_taken":0.0},{"damage_healed":0.0,"max_hp_gain":0.0,"max_hp_loss":0.0,"gold_gain":0.0,"event_name":"Upgrade Shrine","player_choice":"Upgraded","floor":8.0,"gold_loss":0.0,"damage_taken":0.0,"cards_upgraded":["Conserve Battery"]},{"cards_removed":["Dualcast"],"damage_healed":0.0,"max_hp_gain":0.0,"max_hp_loss":0.0,"gold_gain":0.0,"event_name":"Back to Basics","player_choice":"Elegance","floor":19.0,"gold_loss":0.0,"damage_taken":0.0},{"damage_healed":0.0,"max_hp_gain":0.0,"max_hp_loss":0.0,"gold_gain":0.0,"cards_transformed":["Storm"],"event_name":"Transmorgrifier","player_choice":"Transformed","floor":21.0,"gold_loss":0.0,"damage_taken":0.0,"cards_obtained":["Steam"]},{"damage_healed":0.0,"max_hp_gain":0.0,"max_hp_loss":0.0,"gold_gain":0.0,"event_name":"Ghosts","player_choice":"Ignored","floor":27.0,"gold_loss":0.0,"damage_taken":0.0},{"damage_healed":25.0,"max_hp_gain":0.0,"max_hp_loss":0.0,"gold_gain":0.0,"event_name":"The Library","player_choice":"Heal","floor":28.0,"gold_loss":0.0,"damage_taken":0.0},{"damage_healed":0.0,"max_hp_gain":5.0,"max_hp_loss":0.0,"gold_gain":0.0,"event_name":"Forgotten Altar","player_choice":"Shed Blood","floor":31.0,"gold_loss":0.0,"damage_taken":19.0},{"damage_healed":0.0,"max_hp_gain":0.0,"max_hp_loss":0.0,"gold_gain":0.0,"event_name":"SecretPortal","player_choice":"Ignored","floor":37.0,"gold_loss":0.0,"damage_taken":0.0},{"damage_healed":0.0,"max_hp_gain":0.0,"max_hp_loss":0.0,"gold_gain":0.0,"event_name":"conspire:Investor","player_choice":"Leave","floor":40.0,"gold_loss":0.0,"damage_taken":0.0},{"damage_healed":0.0,"max_hp_gain":0.0,"max_hp_loss":0.0,"gold_gain":0.0,"event_name":"Tomb of Lord Red Mask","player_choice":"Ignored","floor":41.0,"gold_loss":0.0,"damage_taken":0.0},{"damage_healed":0.0,"max_hp_gain":0.0,"max_hp_loss":0.0,"gold_gain":0.0,"event_name":"WeMeetAgain","player_choice":"Ignored","floor":48.0,"gold_loss":0.0,"damage_taken":0.0}],"is_beta":false,"boss_relics":[{"not_picked":["vexMod:FluxCapacitor","construct:WeddingRing","conspire:SpecialSausage"]},{"not_picked":["Black Star","Calling Bell","Philosopher\u0027s Stone"]}],"items_purged_floors":[3,3,3,3,3,3,13,13,13,22,36,44,46],"is_endless":false,"potions_floor_spawned":[1,7,7,7,11,11,12,18,23,24,33,33,35,47],"killed_by":"conspire:OrnateMirror","ascension_level":4}}