{"host":"gzsdmyo07u314vug","time":1611105838,"event":{"mods":["2.2 Compatiblity","Bard","BaseMod","Colored Powertips","GifTheSpireLib","Hermit","Jorbs\u0027s Wanderer Trilogy","Minty Spire (QoL Compilation)","Quick Restart","Rare Cards Sparkle","Relic Stats","Replay The Spire","Robot Space Explorer","Shop Mod","StSLib","The Bug Knight","The Construct","The Elementalist","The Hierophant","The IronCluck","The Marked","The Necromancer","The Runesmith","The Servant 0.9.4","Unceasing Turn Reminder","everything is the same but u backflip on backflip","slay the spire mod where everything is the same but ironclad has a cowboy hat","vexMod"],"gold_per_floor":[111,111,125,136,210,210,223,398,398,498,498,488,506,172,172,254,254,278,290,109,133,148,186,24,24,24,60,88,109,60,83,83,191,191,216,216,216,234,255,255,255,255,305,305,345,345,140,140,140,100],"floor_reached":51,"language":"ENG","playtime":3532,"items_purged":["Doubt","hierophant:Strike_Hierophant","hierophant:Strike_Hierophant"],"score":792,"play_id":"2cb7444a-8f3a-4df0-90cd-a5dfc79d8756","local_time":"20210119222358","is_ascension_mode":true,"campfire_choices":[{"data":"hierophant:ChurchCoffers","floor":6,"key":"SMITH"},{"data":"hierophant:Smite","floor":11,"key":"SMITH"},{"data":"hierophant:OrnateBuckler","floor":15,"key":"SMITH"},{"data":"hierophant:Repentance","floor":25,"key":"SMITH"},{"data":"hierophant:DivineIntervention","floor":32,"key":"SMITH"},{"data":"hierophant:Anathema","floor":40,"key":"SMITH"},{"data":"hierophant:PassingBell","floor":42,"key":"SMITH"},{"data":"hierophant:OrnateBuckler","floor":44,"key":"SMITH"},{"data":"hierophant:Shelter","floor":46,"key":"SMITH"},{"data":"hierophant:Bribe","floor":49,"key":"SMITH"}],"circlet_count":0,"master_deck":["hierophant:Strike_Hierophant","hierophant:Strike_Hierophant","hierophant:Punish+1","hierophant:Defend_Hierophant","hierophant:Defend_Hierophant","hierophant:Defend_Hierophant+1","hierophant:Defend_Hierophant","hierophant:ChurchCoffers+1","hierophant:Smite+1","hierophant:Shelter+1","hierophant:OrnateBuckler+1","hierophant:Anathema+1","hierophant:Repentance+1","hierophant:DivineIntervention+1","hierophant:OrnateBuckler+1","hierophant:PassingBell+1","hierophant:Bribe+1"],"relics":["hierophant:PropheticMaskRelic","Centennial Puzzle","Mirror","Iron Hammer","Busted Crown","Onion Ring","Frozen Egg 2","MealTicket","SlaversCollar","ReplayFunnel","Replay:Mystery Machine"],"acts_visited":["Exordium","TheCity","TheBeyond"],"potions_floor_usage":[16,16,23,27,27,33,50],"damage_taken":[{"damage":1,"enemies":"Jaw Worm","floor":1,"turns":3},{"damage":0,"enemies":"2 Louse","floor":3,"turns":1},{"damage":0,"enemies":"Small Slimes","floor":4,"turns":1},{"damage":5,"enemies":"Gremlin Gang","floor":7,"turns":2},{"damage":0,"enemies":"Looter","floor":12,"turns":3},{"damage":1,"enemies":"Exordium Wildlife","floor":13,"turns":2},{"damage":11,"enemies":"Hexaghost","floor":16,"turns":9},{"damage":0,"enemies":"3 Byrds","floor":18,"turns":2},{"damage":7,"enemies":"Snake Plant","floor":19,"turns":4},{"damage":1,"enemies":"Shelled Parasite and Fungi","floor":21,"turns":7},{"damage":0,"enemies":"Sentry and Sphere","floor":22,"turns":2},{"damage":0,"enemies":"Gremlin Leader","floor":23,"turns":5},{"damage":13,"enemies":"Book of Stabbing","floor":27,"turns":3},{"damage":10,"enemies":"Snake Plant","floor":28,"turns":2},{"damage":0,"enemies":"Centurion and Healer","floor":29,"turns":2},{"damage":0,"enemies":"Chosen and Byrds","floor":31,"turns":3},{"damage":33,"enemies":"Champ","floor":33,"turns":7},{"damage":0,"enemies":"3 Darklings","floor":35,"turns":2},{"damage":0,"enemies":"3 Shapes","floor":38,"turns":3},{"damage":16,"enemies":"Writhing Mass","floor":39,"turns":3},{"damage":11,"enemies":"Giant Head","floor":45,"turns":6},{"damage":30,"enemies":"Awakened One","floor":50,"turns":6}],"seed_played":"5582725730375709072","potions_obtained":[{"floor":3,"key":"CultistPotion"},{"floor":5,"key":"SkillPotion"},{"floor":5,"key":"SkillPotion"},{"floor":16,"key":"Block Potion"},{"floor":22,"key":"Swift Potion"},{"floor":23,"key":"Reflective Coating"},{"floor":28,"key":"SmokeBomb"},{"floor":31,"key":"Adrenaline Potion"},{"floor":38,"key":"Ancient Potion"},{"floor":39,"key":"BlessingOfTheForge"}],"is_trial":false,"path_per_floor":["M","?","M","M","?","R","M","?","T","?","R","M","M","$","R","B",null,"M","M","$","M","M","E","$","R","T","E","M","M","$","M","R","B",null,"M","?","?","M","M","R","?","R","T","R","E","R","$","?","R","B",null],"character_chosen":"HIEROPHANT","items_purchased":["Iron Hammer","hierophant:Repentance","hierophant:DivineIntervention","hierophant:PassingBell","hierophant:Bribe"],"campfire_rested":0,"item_purchase_floors":[14,20,24,30,47],"current_hp_per_floor":[74,74,74,74,56,56,51,51,51,51,51,51,50,50,50,39,75,75,68,68,67,67,67,67,67,67,54,44,44,59,59,59,26,75,75,75,75,75,59,59,59,59,59,59,48,48,63,70,70,40],"gold":100,"neow_bonus":"UPGRADE_CARD","is_daily":false,"chose_seed":false,"campfire_upgraded":10,"win_rate":0.0,"timestamp":1611105838,"path_taken":["M","?","M","M","?","R","M","?","T","?","R","M","M","$","R","BOSS","M","?","$","M","M","E","$","R","T","E","M","M","$","M","R","BOSS","M","?","?","?","M","R","?","R","T","R","E","R","$","?","R","BOSS"],"items_purchased_type":["Relic","Card","Card","Card","Card"],"build_version":"2020-12-22","purchased_purges":3,"victory":true,"max_hp_per_floor":[75,75,75,75,75,75,75,75,75,75,75,75,75,75,75,75,75,75,75,75,75,75,75,75,75,75,75,75,75,75,75,75,75,75,75,75,75,75,75,75,71,71,71,71,71,71,71,71,71,71],"relic_stats":{"Centennial Puzzle":[33],"Busted Crown":58,"counters":[22,78],"MealTicket":30,"obtain_stats":[{"ReplayFunnel":43,"SlaversCollar":34,"Centennial Puzzle":5,"Busted Crown":17,"hierophant:PropheticMaskRelic":0,"Onion Ring":23,"MealTicket":27,"Iron Hammer":14,"Frozen Egg 2":26,"Replay:Mystery Machine":45,"Mirror":9},{"ReplayFunnel":20,"SlaversCollar":17,"Centennial Puzzle":3,"Busted Crown":7,"hierophant:PropheticMaskRelic":0,"Onion Ring":12,"MealTicket":13,"Iron Hammer":6,"Frozen Egg 2":12,"Replay:Mystery Machine":21,"Mirror":4},{"ReplayFunnel":66,"SlaversCollar":58,"Centennial Puzzle":5,"Busted Crown":21,"hierophant:PropheticMaskRelic":0,"Onion Ring":41,"MealTicket":44,"Iron Hammer":12,"Frozen Egg 2":41,"Replay:Mystery Machine":72,"Mirror":7}]},"card_choices":[{"not_picked":["hierophant:Shelter","hierophant:Purify"],"picked":"hierophant:Smite","floor":1},{"not_picked":["hierophant:Remorse","hierophant:AuricBeam","hierophant:DisplayOfPower"],"picked":"SKIP","floor":3},{"not_picked":["hierophant:Purify","hierophant:Refuge"],"picked":"hierophant:Shelter","floor":4},{"not_picked":["hierophant:Generosity","hierophant:FieryStrike"],"picked":"hierophant:OrnateBuckler","floor":7},{"not_picked":["hierophant:ThreeLashes","hierophant:DisplayOfPower","hierophant:ConvertCurrency"],"picked":"SKIP","floor":12},{"not_picked":["hierophant:SealAway","hierophant:RecallFunds","hierophant:RepressedViolence"],"picked":"SKIP","floor":13},{"not_picked":["hierophant:MintersHammer","hierophant:LocustPlague"],"picked":"hierophant:Anathema","floor":16},{"not_picked":["hierophant:HammerAndAnvil"],"picked":"SKIP","floor":18},{"not_picked":["hierophant:ThreeLashes"],"picked":"SKIP","floor":19},{"not_picked":["hierophant:ThreeLashes"],"picked":"SKIP","floor":21},{"not_picked":["hierophant:Exaltation"],"picked":"SKIP","floor":22},{"not_picked":["hierophant:Sermon+1"],"picked":"SKIP","floor":23},{"not_picked":[],"picked":"hierophant:OrnateBuckler","floor":27},{"not_picked":["hierophant:Generosity+1"],"picked":"SKIP","floor":28},{"not_picked":["hierophant:TollTheBells"],"picked":"SKIP","floor":29},{"not_picked":["hierophant:FieryStrike"],"picked":"SKIP","floor":31},{"not_picked":["hierophant:Sermon+1"],"picked":"SKIP","floor":35},{"not_picked":["hierophant:Refuge+1"],"picked":"SKIP","floor":38},{"not_picked":["hierophant:RepressedViolence+1"],"picked":"SKIP","floor":39},{"not_picked":["hierophant:Sermon+1"],"picked":"SKIP","floor":45}],"player_experience":709657,"relics_obtained":[{"floor":5,"key":"Centennial Puzzle"},{"floor":9,"key":"Mirror"},{"floor":23,"key":"Onion Ring"},{"floor":26,"key":"Frozen Egg 2"},{"floor":27,"key":"MealTicket"},{"floor":43,"key":"ReplayFunnel"},{"floor":45,"key":"Replay:Mystery Machine"}],"event_choices":[{"damage_healed":0,"gold_gain":175,"player_choice":"AGREE","damage_taken":0,"max_hp_gain":0,"max_hp_loss":0,"event_name":"Liars Game","floor":8,"gold_loss":0,"cards_obtained":["Doubt"]},{"damage_healed":0,"gold_gain":100,"player_choice":"Pray","damage_taken":0,"max_hp_gain":0,"max_hp_loss":0,"event_name":"Golden Shrine","floor":10,"gold_loss":0},{"damage_healed":0,"gold_gain":0,"player_choice":"Ignored","damage_taken":0,"max_hp_gain":0,"max_hp_loss":0,"event_name":"Tomb of Lord Red Mask","floor":36,"gold_loss":0},{"damage_healed":0,"gold_gain":0,"player_choice":"Ignored","damage_taken":0,"max_hp_gain":0,"max_hp_loss":0,"event_name":"Transmorgrifier","floor":37,"gold_loss":0},{"damage_healed":0,"gold_gain":0,"player_choice":"Max HP","damage_taken":0,"max_hp_gain":0,"max_hp_loss":4,"event_name":"Winding Halls","floor":41,"gold_loss":0}],"is_beta":false,"boss_relics":[{"not_picked":["Snecko Eye","Replay:Wanted Poster"],"picked":"Busted Crown"},{"not_picked":["Runesmith:UraniumAnvil","Replay:Grab Bag"],"picked":"SlaversCollar"}],"items_purged_floors":[14,20,47],"is_endless":false,"potions_floor_spawned":[3,7,16,22,23,28,31,38,39,45],"ascension_level":1}}