{"host":"2cg6xoexl1he7zus","time":1611142038,"event":{"mods":["AchievementEnabler","BaseMod","Colored Map","KOR Keyword Fix","Minty Spire (QoL Compilation)","Quick Restart","StSLib","SuperFastMode","everything is the same but u backflip on backflip"],"gold_per_floor":[110,127,146,146,71,71,89,115,142,142,173,223,236,236,236,313,313,299,199,215,215,229,229,263,280,303,315,327,359,398,429,441,453,453],"floor_reached":33,"language":"KOR","playtime":2199,"items_purged":["Strike_R","Limit Break"],"score":670,"play_id":"985d183e-6e1f-4af8-8b73-cf1506d99575","local_time":"20210120202718","is_ascension_mode":true,"campfire_choices":[{"data":"True Grit","floor":6.0,"key":"SMITH"},{"data":"Barricade","floor":10.0,"key":"SMITH"},{"data":"Second Wind","floor":15.0,"key":"SMITH"},{"floor":23.0,"key":"REST"},{"data":"Offering","floor":28.0,"key":"SMITH"},{"data":"Seeing Red","floor":32.0,"key":"SMITH"}],"circlet_count":0,"master_deck":["AscendersBane","Bash","Barricade+1","Wild Strike","True Grit+1","Shockwave","Second Wind+1","Battle Trance","Evolve","Fiend Fire","Burning Pact","Feed","Offering+1","Wild Strike","Seeing Red+1","Entrench+1","Entrench","Flame Barrier"],"relics":["Burning Blood","Boot","Anchor","Orichalcum","Pandora\u0027s Box","Shuriken","MawBank","Oddly Smooth Stone"],"acts_visited":["Exordium","TheCity"],"potions_floor_usage":[],"damage_taken":[{"damage":15.0,"enemies":"Small Slimes","floor":1.0,"turns":4.0},{"damage":0.0,"enemies":"Cultist","floor":2.0,"turns":2.0},{"damage":5.0,"enemies":"Jaw Worm","floor":3.0,"turns":3.0},{"damage":7.0,"enemies":"Lots of Slimes","floor":7.0,"turns":3.0},{"damage":28.0,"enemies":"Gremlin Nob","floor":8.0,"turns":4.0},{"damage":0.0,"enemies":"Lagavulin","floor":11.0,"turns":10.0},{"damage":0.0,"enemies":"3 Louse","floor":13.0,"turns":6.0},{"damage":8.0,"enemies":"Hexaghost","floor":16.0,"turns":18.0},{"damage":12.0,"enemies":"2 Thieves","floor":18.0,"turns":4.0},{"damage":6.0,"enemies":"3 Byrds","floor":20.0,"turns":13.0},{"damage":14.0,"enemies":"Snake Plant","floor":22.0,"turns":2.0},{"damage":6.0,"enemies":"Gremlin Leader","floor":24.0,"turns":10.0},{"damage":17.0,"enemies":"Shelled Parasite and Fungi","floor":25.0,"turns":12.0},{"damage":6.0,"enemies":"Cultist and Chosen","floor":29.0,"turns":17.0},{"damage":6.0,"enemies":"Book of Stabbing","floor":30.0,"turns":17.0},{"damage":6.0,"enemies":"Centurion and Healer","floor":31.0,"turns":22.0},{"damage":50,"enemies":"Collector","floor":33,"turns":5}],"seed_played":"-6089106063641904440","potions_obtained":[{"floor":1.0,"key":"EssenceOfSteel"},{"floor":2.0,"key":"Explosive Potion"},{"floor":7.0,"key":"LiquidMemories"},{"floor":16.0,"key":"Weak Potion"},{"floor":18.0,"key":"AttackPotion"},{"floor":22.0,"key":"PowerPotion"}],"is_trial":false,"path_per_floor":["M","M","M","?","$","R","M","E","T","R","E","?","M","?","R","B",null,"M","$","M","?","M","R","E","M","T","$","R","M","E","M","R","B"],"character_chosen":"IRONCLAD","items_purchased":[],"campfire_rested":1,"item_purchase_floors":[],"current_hp_per_floor":[59,65,66,66,66,66,65,43,43,43,49,42,48,48,48,46,68,62,62,62,41,33,57,57,49,49,49,49,49,49,49,49,0,0],"gold":453,"neow_bonus":"ONE_RANDOM_RARE_CARD","is_daily":false,"chose_seed":false,"campfire_upgraded":5,"win_rate":0.0,"timestamp":1611142038,"path_taken":["M","M","M","?","$","R","M","E","T","R","E","?","?","?","R","BOSS","M","?","M","?","M","R","E","M","T","$","R","M","E","M","R","BOSS"],"items_purchased_type":[],"build_version":"2020-12-22","purchased_purges":2,"victory":false,"max_hp_per_floor":[75,75,75,75,75,75,75,75,75,75,75,75,75,75,75,75,75,75,75,75,80,80,80,80,83,83,83,83,83,83,83,83,83,83],"card_choices":[{"not_picked":["Searing Blow","Thunderclap"],"picked":"Wild Strike","floor":1.0},{"not_picked":["Blood for Blood","Anger"],"picked":"True Grit","floor":2.0},{"not_picked":["Wild Strike","Sword Boomerang"],"picked":"Shockwave","floor":3.0},{"not_picked":["Searing Blow","Hemokinesis"],"picked":"Battle Trance","floor":7.0},{"not_picked":["Barricade","Thunderclap","Anger"],"picked":"SKIP","floor":8.0},{"not_picked":["Twin Strike","Cleave"],"picked":"Evolve","floor":11.0},{"not_picked":["Havoc","Battle Trance","Iron Wave"],"picked":"SKIP","floor":13.0},{"not_picked":["Reaper","Limit Break"],"picked":"Fiend Fire","floor":16.0},{"not_picked":["Iron Wave","Spot Weakness"],"picked":"Entrench+1","floor":18.0},{"not_picked":["Rampage","Pommel Strike","Thunderclap"],"picked":"SKIP","floor":20.0},{"not_picked":["Wild Strike","Uppercut"],"picked":"Entrench","floor":22.0},{"not_picked":["Cleave","Hemokinesis","True Grit"],"picked":"SKIP","floor":24.0},{"not_picked":["Pommel Strike+1","Anger","Thunderclap"],"picked":"SKIP","floor":25.0},{"not_picked":["Flex","Clash","Thunderclap"],"picked":"SKIP","floor":29.0},{"not_picked":["Dark Embrace","Bludgeon"],"picked":"Flame Barrier","floor":30.0},{"not_picked":["Iron Wave","Cleave","Rupture"],"picked":"SKIP","floor":31.0}],"player_experience":264199,"relics_obtained":[{"floor":8.0,"key":"Boot"},{"floor":9.0,"key":"Anchor"},{"floor":11.0,"key":"Orichalcum"},{"floor":24.0,"key":"Shuriken"},{"floor":26.0,"key":"MawBank"},{"floor":30.0,"key":"Oddly Smooth Stone"}],"event_choices":[{"damage_healed":0.0,"max_hp_gain":0.0,"max_hp_loss":0.0,"gold_gain":0.0,"cards_transformed":["Strike_R"],"event_name":"Living Wall","player_choice":"Change","floor":4.0,"gold_loss":0.0,"damage_taken":0.0,"cards_obtained":["Second Wind"]},{"damage_healed":0.0,"max_hp_gain":0.0,"max_hp_loss":0.0,"gold_gain":50.0,"event_name":"FaceTrader","player_choice":"Touch","floor":12.0,"gold_loss":0.0,"damage_taken":7.0},{"cards_removed":["Strike_R"],"damage_healed":0.0,"max_hp_gain":0.0,"max_hp_loss":0.0,"gold_gain":0.0,"event_name":"Purifier","player_choice":"Purged","floor":14.0,"gold_loss":0.0,"damage_taken":0.0},{"damage_healed":0.0,"max_hp_gain":5.0,"max_hp_loss":0.0,"gold_gain":0.0,"event_name":"Forgotten Altar","player_choice":"Shed Blood","floor":21.0,"gold_loss":0.0,"damage_taken":26.0}],"is_beta":false,"boss_relics":[{"not_picked":["Fusion Hammer","Coffee Dripper"],"picked":"Pandora\u0027s Box"}],"items_purged_floors":[5,19],"is_endless":false,"potions_floor_spawned":[1,2,7,16,18,22],"killed_by":"Collector","ascension_level":16}}