{"host":"khc33f3y4hz17yhu","time":1611105608,"event":{"mods":["BaseMod","Hermit","Minty Spire (QoL Compilation)","StSLib","The Cursed","The Hierophant","The Marked","The Mystic","The Runesmith"],"gold_per_floor":[115,115,132,145,145,145,159,159,159,159,13,13,32,43,43,138,138,156,156,38,52,52,52],"floor_reached":22,"language":"ENG","playtime":1247,"items_purged":["mysticmod:Strike_Mystic"],"score":176,"play_id":"8464fa3d-2696-4891-8bd8-73efe3242a9d","local_time":"20210119202008","is_ascension_mode":false,"campfire_choices":[{"data":"mysticmod:ComponentsPouch","floor":6,"key":"SMITH"},{"data":"mysticmod:TomeOfSpells","floor":8,"key":"SMITH"},{"floor":10,"key":"DIG"},{"floor":12,"key":"DIG"},{"floor":15,"key":"DIG"}],"circlet_count":0,"master_deck":["mysticmod:Strike_Mystic","mysticmod:Strike_Mystic","mysticmod:Defend_Mystic","mysticmod:Defend_Mystic","mysticmod:Defend_Mystic","mysticmod:Defend_Mystic+1","mysticmod:ArcaneDodge","mysticmod:ShockingGrasp+1","mysticmod:ArcaneAccuracy","mysticmod:TomeOfSpells+1","mysticmod:ComponentsPouch+1","mysticmod:Riposte","mysticmod:CureLightWounds","mysticmod:ArcaneAccuracy","mysticmod:Feint","mysticmod:ArcaneAccuracy","mysticmod:Daze","mysticmod:Flourish","mysticmod:Discipline","mysticmod:Sideswipe","mysticmod:CorrosiveTouch+1","mysticmod:VorpalThrust","mysticmod:DiviningBlow","mysticmod:Riposte+1","mysticmod:VorpalThrust+1"],"relics":["mysticmod:SpellBook","Prayer Wheel","Shovel","Oddly Smooth Stone","Bag of Preparation","Anchor","mysticmod:DeckOfManyThings"],"acts_visited":["Exordium","TheCity"],"potions_floor_usage":[16,16,18,22],"damage_taken":[{"damage":0,"enemies":"Small Slimes","floor":1,"turns":3},{"damage":1,"enemies":"Jaw Worm","floor":3,"turns":3},{"damage":0,"enemies":"2 Louse","floor":4,"turns":2},{"damage":2,"enemies":"Exordium Thugs","floor":7,"turns":5},{"damage":2,"enemies":"Large Slime","floor":13,"turns":7},{"damage":0,"enemies":"Red Slaver","floor":14,"turns":6},{"damage":31,"enemies":"Slime Boss","floor":16,"turns":13},{"damage":58,"enemies":"3 Byrds","floor":18,"turns":6},{"damage":0,"enemies":"Shell Parasite","floor":21,"turns":1},{"damage":27,"enemies":"Snecko","floor":22,"turns":4}],"seed_played":"91178269835114051","potions_obtained":[{"floor":1,"key":"Explosive Potion"},{"floor":7,"key":"Weak Potion"},{"floor":16,"key":"GamblersBrew"},{"floor":21,"key":"BlessingOfTheForge"}],"is_trial":false,"path_per_floor":["M","?","M","M","?","R","M","R","T","R","$","R","M","M","R","B",null,"M","?","$","M","M"],"character_chosen":"MYSTIC_CLASS","items_purchased":["mysticmod:ArcaneAccuracy","mysticmod:VorpalThrust","mysticmod:DiviningBlow"],"campfire_rested":0,"item_purchase_floors":[11,20,20],"current_hp_per_floor":[84,67,66,66,48,48,46,46,46,46,46,46,47,50,50,22,84,27,27,27,27,0,0],"gold":52,"neow_bonus":"TEN_PERCENT_HP_BONUS","is_daily":false,"chose_seed":false,"campfire_upgraded":2,"win_rate":0.0,"timestamp":1611105608,"path_taken":["M","?","M","M","?","R","M","R","T","R","?","R","M","M","R","BOSS","M","?","$","M","M"],"items_purchased_type":["Card","Card","Card"],"build_version":"2020-12-22","purchased_purges":1,"victory":false,"max_hp_per_floor":[84,84,84,84,84,84,84,84,84,84,84,84,84,84,84,84,84,84,84,84,84,84,84],"card_choices":[{"not_picked":["mysticmod:Grease","mysticmod:Alacrity"],"picked":"mysticmod:ArcaneAccuracy","floor":1},{"not_picked":["mysticmod:Alacrity","mysticmod:Probe"],"picked":"mysticmod:TomeOfSpells","floor":3},{"not_picked":["mysticmod:Dedication","mysticmod:HeavyStrike"],"picked":"mysticmod:ComponentsPouch","floor":4},{"not_picked":["mysticmod:ComponentsPouch","mysticmod:DiviningBlow"],"picked":"mysticmod:Riposte","floor":7},{"not_picked":["mysticmod:LightningBolt","mysticmod:CureLightWounds","mysticmod:ClosingBarrage"],"picked":"SKIP","floor":7},{"not_picked":["mysticmod:LightningBolt","mysticmod:ClosingBarrage"],"picked":"mysticmod:CureLightWounds","floor":7},{"not_picked":["mysticmod:SpellCombat","mysticmod:Probe"],"picked":"mysticmod:Feint","floor":13},{"not_picked":["mysticmod:PowerAttack","mysticmod:Fireball"],"picked":"mysticmod:ArcaneAccuracy","floor":13},{"not_picked":["mysticmod:ComponentsPouch","mysticmod:Shield"],"picked":"mysticmod:Daze","floor":14},{"not_picked":["mysticmod:DiviningBlow","mysticmod:TomeOfSpells"],"picked":"mysticmod:Flourish","floor":14},{"not_picked":["mysticmod:Disintegrate","mysticmod:Doublecast"],"picked":"mysticmod:Discipline","floor":16},{"not_picked":["mysticmod:RapidCaster","mysticmod:SuddenClarity"],"picked":"mysticmod:Sideswipe","floor":18},{"not_picked":["mysticmod:AllIn","mysticmod:CureLightWounds"],"picked":"mysticmod:CorrosiveTouch+1","floor":18},{"not_picked":["mysticmod:PunishingArmor+1","mysticmod:Alacrity"],"picked":"mysticmod:Riposte+1","floor":21},{"not_picked":["mysticmod:Probe+1","mysticmod:Shield"],"picked":"mysticmod:VorpalThrust+1","floor":21}],"player_experience":178557,"relics_obtained":[{"floor":9,"key":"Shovel"},{"floor":10,"key":"Oddly Smooth Stone"},{"floor":12,"key":"Bag of Preparation"},{"floor":15,"key":"Anchor"}],"event_choices":[{"damage_healed":0,"gold_gain":0,"player_choice":"Entered Light","damage_taken":17,"max_hp_gain":0,"max_hp_loss":0,"event_name":"Shining Light","floor":2,"gold_loss":0,"cards_upgraded":["mysticmod:ShockingGrasp","mysticmod:Defend_Mystic"]},{"damage_healed":0,"gold_gain":0,"player_choice":"Success","damage_taken":18,"relics_obtained":["Prayer Wheel"],"max_hp_gain":0,"max_hp_loss":0,"event_name":"Scrap Ooze","floor":5,"gold_loss":0},{"cards_removed":["mysticmod:Strike_Mystic"],"damage_healed":0,"gold_gain":0,"player_choice":"Elegance","damage_taken":0,"max_hp_gain":0,"max_hp_loss":0,"event_name":"Back to Basics","floor":19,"gold_loss":0}],"is_beta":false,"boss_relics":[{"not_picked":["Coffee Dripper","Runic Dome"],"picked":"mysticmod:DeckOfManyThings"}],"items_purged_floors":[11],"is_endless":false,"potions_floor_spawned":[1,7,16,21],"killed_by":"Snecko","ascension_level":0}}