{"host":"7wagoesq7cf4lu47","time":1611148596,"event":{"mods":["BaseMod","Downfall","Minty Spire (QoL Compilation)","StSLib"],"gold_per_floor":[99,118,138,138,155,155,155,255,18,29,14,14,92,107,117,117,117,117],"floor_reached":16,"language":"ZHS","playtime":992,"items_purged":["Slimebound:AcidTongue"],"score":92,"play_id":"aeea47a7-e18b-4163-9472-763b0d4d5caf","local_time":"20210120211636","is_ascension_mode":false,"campfire_choices":[{"data":"Mayhem","floor":1,"key":"SMITH"},{"data":"Slimebound:Split","floor":6,"key":"SMITH"}],"circlet_count":0,"master_deck":["Slimebound:Strike_Slimebound","Slimebound:Strike_Slimebound","Slimebound:Tackle","Slimebound:Defend_Slimebound","Slimebound:Defend_Slimebound","Slimebound:Defend_Slimebound","Slimebound:Split+1","Slimebound:CorrosiveSpit+1","Mayhem+1","Slimebound:ProtectTheBoss","Slimebound:ServeAndProtect"],"relics":["Slimebound:AbsorbEndCombat","Slimebound:MaxSlimesRelic","Slimebound:AggressiveSlimeRelic","Ornamental Fan"],"acts_visited":["Exordium"],"potions_floor_usage":[8],"damage_taken":[{"damage":5,"enemies":"Small Slimes","floor":2,"turns":4},{"damage":15,"enemies":"Cultist","floor":3,"turns":4},{"damage":6,"enemies":"Jaw Worm","floor":5,"turns":4},{"damage":33,"enemies":"downfall:Heads","floor":8,"turns":5},{"damage":0,"enemies":"downfall:FleeingMerchant","floor":9,"turns":4},{"damage":23,"enemies":"Exordium Wildlife","floor":10,"turns":5},{"damage":0,"enemies":"downfall:FleeingMerchant","floor":11,"turns":4},{"damage":8,"enemies":"Gremlin Gang","floor":14,"turns":5},{"damage":0,"enemies":"Large Slime","floor":15,"turns":5},{"damage":40,"enemies":"SI_SHIV_ARCHETYPE","floor":16,"turns":8}],"seed_played":"-1209829472769312963","potions_obtained":[{"floor":5,"key":"SkillPotion"},{"floor":8,"key":"SteroidPotion"},{"floor":10,"key":"Slimebound:ThreeZeroPotion"},{"floor":14,"key":"GamblersBrew"}],"is_trial":false,"path_per_floor":["R","M","M","?","M","R","T","?","$","M","$","?","T","M","M","B"],"character_chosen":"SLIMEBOUND","items_purchased":["Slimebound:AggressiveSlimeRelic"],"campfire_rested":0,"item_purchase_floors":[9],"current_hp_per_floor":[65,62,49,49,47,47,47,14,20,3,9,30,30,28,32,0,0,0],"gold":117,"neow_bonus":"RANDOM_COLORLESS_2","is_daily":false,"chose_seed":false,"campfire_upgraded":2,"win_rate":0.0,"timestamp":1611148596,"path_taken":["R","M","M","?","?","R","T","?","?","M","?","?","?","?","M","BOSS"],"items_purchased_type":["Relic"],"build_version":"2020-12-22","purchased_purges":1,"victory":false,"max_hp_per_floor":[65,65,65,65,65,65,65,65,65,65,65,65,65,65,65,65,65,65],"card_choices":[{"not_picked":["The Bomb","Panache"],"picked":"Mayhem","floor":0},{"not_picked":["Slimebound:ItLooksTasty","Slimebound:FinishingTackle","Slimebound:DisruptingSlam"],"picked":"SKIP","floor":2},{"not_picked":["Slimebound:SplitBruiser","Slimebound:SplitLeeching"],"picked":"Slimebound:ProtectTheBoss","floor":3},{"not_picked":["Slimebound:Gluttony","Slimebound:GoopSpray","Slimebound:SlimeTap"],"picked":"SKIP","floor":5},{"not_picked":["Slimebound:ComboTackle","Slimebound:Chomp","Slimebound:SplitMire"],"picked":"SKIP","floor":9},{"not_picked":["Slimebound:SlimeBrawl","Slimebound:ViciousTackle"],"picked":"Slimebound:ServeAndProtect","floor":10},{"not_picked":["Slimebound:Gluttony","Slimebound:FormOfPuddle","Slimebound:ViciousTackle"],"picked":"SKIP","floor":11},{"not_picked":["Slimebound:SlimeSpikes","Slimebound:LeechingTouch","Slimebound:MegaLick"],"picked":"SKIP","floor":14},{"not_picked":["Slimebound:Prepare","Slimebound:SplitLeeching","Slimebound:SpikyOuterGoop"],"picked":"SKIP","floor":15}],"player_experience":178387,"relics_obtained":[{"floor":7,"key":"Slimebound:MaxSlimesRelic"},{"floor":13,"key":"Ornamental Fan"}],"event_choices":[{"damage_healed":21,"gold_gain":0,"player_choice":"Banana","damage_taken":0,"max_hp_gain":0,"max_hp_loss":0,"event_name":"Big Fish","floor":12,"gold_loss":0}],"is_beta":false,"boss_relics":[],"items_purged_floors":[9],"is_endless":false,"potions_floor_spawned":[5,8,10,14],"killed_by":"SI_SHIV_ARCHETYPE","ascension_level":0}}