{"host":"l5xpox9cbdko122s","time":1611102876,"event":{"mods":["AchievementEnabler","BaseMod","Minty Spire (QoL Compilation)"],"gold_per_floor":[112,37,57,68,68,68,81,81,150,179,179,213,213,213,213,308,308,324,284,284,304,304,304,153,153,176,176,187,216,216,228,228,332,332,344,394,409,409,160,160,177,177,251,251,251,251,278,278,278,278,278,278,133,159,159,159],"floor_reached":55,"language":"ENG","playtime":2801,"items_purged":["Defend_B","Strike_B"],"score":687,"play_id":"9baf9815-9c5e-4c65-87bb-0ab766be78c3","local_time":"20210119193436","is_ascension_mode":false,"campfire_choices":[{"floor":6,"key":"RECALL"},{"data":"Reprogram","floor":8,"key":"SMITH"},{"floor":13,"key":"REST"},{"data":"Self Repair","floor":15,"key":"SMITH"},{"data":"Conserve Battery","floor":23,"key":"SMITH"},{"data":"Zap","floor":25,"key":"SMITH"},{"data":"Strike_B","floor":32,"key":"SMITH"},{"data":"1","floor":40,"key":"LIFT"},{"data":"2","floor":46,"key":"LIFT"},{"data":"3","floor":49,"key":"LIFT"},{"data":"Strike_B","floor":52,"key":"SMITH"}],"circlet_count":0,"master_deck":["Strike_B+1","Strike_B+1","Defend_B+1","Defend_B+1","Self Repair+1","Reprogram+1","Conserve Battery+1","Gash+1","Gash"],"relics":["Runic Pyramid","PreservedInsect","StrikeDummy","War Paint","Nuclear Battery","Juzu Bracelet","Toy Ornithopter","Shuriken","Unceasing Top","Empty Cage","Girya","Happy Flower","Mercury Hourglass","Letter Opener","Blood Vial","Art of War"],"acts_visited":["Exordium","TheCity","TheBeyond","TheEnding"],"potions_floor_usage":[18,28,29,33,41,50],"damage_taken":[{"damage":1,"enemies":"Cultist","floor":1,"turns":3},{"damage":1,"enemies":"Jaw Worm","floor":3,"turns":3},{"damage":8,"enemies":"Small Slimes","floor":4,"turns":3},{"damage":19,"enemies":"Blue Slaver","floor":7,"turns":3},{"damage":19,"enemies":"Lagavulin","floor":10,"turns":11},{"damage":4,"enemies":"3 Sentries","floor":12,"turns":6},{"damage":46,"enemies":"Hexaghost","floor":16,"turns":11},{"damage":13,"enemies":"2 Thieves","floor":18,"turns":5},{"damage":10,"enemies":"3 Byrds","floor":21,"turns":6},{"damage":0,"enemies":"Snecko","floor":28,"turns":6},{"damage":0,"enemies":"Book of Stabbing","floor":29,"turns":6},{"damage":0,"enemies":"Cultist and Chosen","floor":31,"turns":8},{"damage":33,"enemies":"Collector","floor":33,"turns":12},{"damage":15,"enemies":"Orb Walker","floor":35,"turns":4},{"damage":1,"enemies":"Mind Bloom Boss Battle","floor":36,"turns":8},{"damage":13,"enemies":"3 Shapes","floor":37,"turns":6},{"damage":5,"enemies":"Maw","floor":41,"turns":7},{"damage":77,"enemies":"Time Eater","floor":50,"turns":10},{"damage":65,"enemies":"Shield and Spear","floor":54,"turns":6},{"damage":18,"enemies":"The Heart","floor":55,"turns":2}],"seed_played":"-4916618839475048684","potions_obtained":[{"floor":12,"key":"Swift Potion"},{"floor":16,"key":"GamblersBrew"},{"floor":21,"key":"Dexterity Potion"},{"floor":31,"key":"Ancient Potion"},{"floor":36,"key":"Regen Potion"},{"floor":37,"key":"FearPotion"},{"floor":41,"key":"Regen Potion"}],"is_trial":false,"path_per_floor":["M","$","M","M","$","R","M","R","T","E","?","E","R","?","R","B",null,"M","?","$","M","?","R","$","R","T","?","M","E","?","M","R","B",null,"M","?","M","?","$","R","M","?","T","?","?","R","T","?","R","B",null,"R","$","E","B"],"character_chosen":"DEFECT","items_purchased":["Juzu Bracelet","Mercury Hourglass","Gash"],"campfire_rested":1,"item_purchase_floors":[24,39,53],"current_hp_per_floor":[74,74,73,65,65,65,53,53,53,41,38,41,63,63,63,17,75,72,72,72,72,72,72,72,72,72,72,75,75,75,75,75,57,75,70,75,72,72,72,72,75,75,75,75,71,71,71,71,71,23,71,71,71,16,0,0],"gold":159,"neow_bonus":"BOSS_RELIC","is_daily":false,"chose_seed":false,"campfire_upgraded":6,"win_rate":0.0,"timestamp":1611102876,"path_taken":["M","?","M","M","?","R","?","R","T","E","?","E","R","?","R","BOSS","M","?","$","?","?","R","$","R","T","?","M","E","?","M","R","BOSS","M","?","M","?","$","R","M","?","T","?","?","R","?","?","R","BOSS","R","$","E","BOSS"],"items_purchased_type":["Relic","Relic","Card"],"build_version":"2020-12-22","purchased_purges":2,"victory":false,"max_hp_per_floor":[75,75,75,75,75,75,75,75,75,75,75,75,75,75,75,75,75,75,75,75,75,75,75,75,75,75,75,75,75,75,75,75,75,75,75,75,75,75,75,75,75,75,75,75,71,71,71,71,71,71,71,71,71,71,71,71],"card_choices":[{"not_picked":["Cold Snap","Leap","Turbo"],"picked":"SKIP","floor":1},{"not_picked":["Barrage","White Noise","Turbo"],"picked":"SKIP","floor":3},{"not_picked":["Hologram","Stack"],"picked":"Self Repair","floor":4},{"not_picked":["Self Repair","Auto Shields"],"picked":"Reprogram","floor":7},{"not_picked":["Leap","Beam Cell","Go for the Eyes"],"picked":"SKIP","floor":10},{"not_picked":["Steam","Genetic Algorithm","Doom and Gloom"],"picked":"SKIP","floor":12},{"not_picked":["Go for the Eyes+1","Coolheaded+1","Storm"],"picked":"SKIP","floor":18},{"not_picked":["Capacitor","Leap"],"picked":"Conserve Battery","floor":21},{"not_picked":["Coolheaded","Hologram","Turbo+1"],"picked":"SKIP","floor":28},{"not_picked":["Stack+1","Barrage+1","Static Discharge"],"picked":"SKIP","floor":29},{"not_picked":["Rainbow","Recycle+1"],"picked":"Gash+1","floor":31},{"not_picked":["Go for the Eyes+1","Leap+1","Auto Shields"],"picked":"SKIP","floor":35},{"not_picked":["Capacitor+1","Turbo+1","Leap"],"picked":"SKIP","floor":37},{"not_picked":["Sweeping Beam","FTL","Ball Lightning+1"],"picked":"SKIP","floor":41},{"not_picked":["Force Field","Go for the Eyes+1","Seek"],"picked":"SKIP","floor":54}],"player_experience":144215,"relics_obtained":[{"floor":10,"key":"PreservedInsect"},{"floor":12,"key":"War Paint"},{"floor":26,"key":"Toy Ornithopter"},{"floor":29,"key":"Unceasing Top"},{"floor":36,"key":"Girya"},{"floor":43,"key":"Letter Opener"},{"floor":47,"key":"Blood Vial"},{"floor":54,"key":"Art of War"}],"event_choices":[{"damage_healed":0,"gold_gain":0,"player_choice":"Success","damage_taken":3,"relics_obtained":["StrikeDummy"],"max_hp_gain":0,"max_hp_loss":0,"event_name":"Scrap Ooze","floor":11,"gold_loss":0},{"damage_healed":0,"gold_gain":0,"player_choice":"Ignored","damage_taken":0,"max_hp_gain":0,"max_hp_loss":0,"event_name":"Shining Light","floor":14,"gold_loss":0},{"damage_healed":0,"gold_gain":0,"player_choice":"Upgraded Two","damage_taken":0,"max_hp_gain":0,"max_hp_loss":0,"event_name":"Designer","floor":19,"gold_loss":40,"cards_upgraded":["Defend_B","Defend_B"]},{"cards_removed":["Strike_B"],"damage_healed":0,"gold_gain":0,"player_choice":"Elegance","damage_taken":0,"max_hp_gain":0,"max_hp_loss":0,"event_name":"Back to Basics","floor":22,"gold_loss":0},{"damage_healed":0,"gold_gain":0,"player_choice":"Opened","damage_taken":0,"relics_obtained":["Shuriken"],"max_hp_gain":0,"max_hp_loss":0,"event_name":"The Mausoleum","floor":27,"gold_loss":0},{"damage_healed":0,"gold_gain":0,"player_choice":"Ignored","damage_taken":0,"max_hp_gain":0,"max_hp_loss":0,"event_name":"Vampires","floor":30,"gold_loss":0},{"damage_healed":0,"gold_gain":0,"player_choice":"Fight","damage_taken":0,"max_hp_gain":0,"max_hp_loss":0,"event_name":"MindBloom","floor":36,"gold_loss":0},{"damage_healed":0,"gold_gain":0,"player_choice":"Gave Potion","damage_taken":0,"relics_obtained":["Happy Flower"],"max_hp_gain":0,"max_hp_loss":0,"event_name":"WeMeetAgain","floor":38,"gold_loss":0},{"damage_healed":0,"gold_gain":0,"player_choice":"Ignored","damage_taken":0,"max_hp_gain":0,"max_hp_loss":0,"event_name":"Transmorgrifier","floor":42,"gold_loss":0},{"damage_healed":0,"gold_gain":0,"player_choice":"Ignored","damage_taken":0,"max_hp_gain":0,"max_hp_loss":0,"event_name":"Mysterious Sphere","floor":44,"gold_loss":0},{"damage_healed":0,"gold_gain":0,"player_choice":"Max HP","damage_taken":0,"max_hp_gain":0,"max_hp_loss":4,"event_name":"Winding Halls","floor":45,"gold_loss":0},{"cards_removed":["Defend_B"],"damage_healed":0,"gold_gain":0,"player_choice":"Removed Skill","damage_taken":0,"max_hp_gain":0,"max_hp_loss":0,"event_name":"Falling","floor":48,"gold_loss":0}],"is_beta":false,"boss_relics":[{"not_picked":["Inserter","Coffee Dripper"],"picked":"Nuclear Battery"},{"not_picked":["Astrolabe","Cursed Key"],"picked":"Empty Cage"}],"items_purged_floors":[2,53],"is_endless":false,"potions_floor_spawned":[12,16,21,31,36,37,41],"killed_by":"The Heart","ascension_level":0}}