{"host":"v4tuy5ykrbdcm9o9","time":1611154856,"event":{"mods":["BaseMod","Duelist Mod","Minty Spire (QoL Compilation)","Replay The Spire","StSLib"],"gold_per_floor":[113,127,27,27,41,41,72,72,151,187,211,232,232,265,265,394,394,407,427,32,32,45,45,81,81,81,81,81],"floor_reached":27,"language":"ENG","playtime":2701,"items_purged":[],"score":345,"play_id":"8d8379ee-896e-40f2-a28b-9544b7480644","local_time":"20210120100056","is_ascension_mode":true,"campfire_choices":[{"floor":6,"key":"REST"},{"floor":8,"key":"REST"},{"data":"Replay:Hum","floor":13,"key":"SMITH"},{"floor":15,"key":"REST"},{"floor":23,"key":"REST"},{"floor":25,"key":"REST"}],"circlet_count":0,"master_deck":["Strike_P","Strike_P","Strike_P","Strike_P","Defend_P","Defend_P","Defend_P","Eruption","Vigilance","Collect","FollowUp","CarveReality","Replay:BluntJabs","EmptyBody","Weave","Evaluate","FlyingSleeves","Replay:Hum+1","CutThroughFate","Establishment","SashWhip+1","FlurryOfBlows","JustLucky","Perseverance","ThirdEye","FlurryOfBlows","Replay:ManipulateFuture"],"relics":["PureWater","Golden Idol","PreservedInsect","Shuriken","ReplayTheSpireMod:Lightbulb","Meat on the Bone","Black Star","Divine Protection","ReplayFunnel","MealTicket","Nunchaku"],"acts_visited":["Exordium","TheCity"],"potions_floor_usage":[5,10,16,16,18,24],"damage_taken":[{"damage":2,"enemies":"2 Louse","floor":1,"turns":3},{"damage":0,"enemies":"Cultist","floor":2,"turns":3},{"damage":7,"enemies":"Jaw Worm","floor":5,"turns":3},{"damage":24,"enemies":"Replay:BlueRogue","floor":7,"turns":4},{"damage":0,"enemies":"Lagavulin","floor":10,"turns":4},{"damage":4,"enemies":"Red Slaver","floor":11,"turns":2},{"damage":4,"enemies":"Exordium Thugs","floor":12,"turns":4},{"damage":8,"enemies":"3 Sentries","floor":14,"turns":4},{"damage":15,"enemies":"The Guardian","floor":16,"turns":14},{"damage":13,"enemies":"Chosen","floor":18,"turns":6},{"damage":10,"enemies":"Shell Parasite","floor":19,"turns":3},{"damage":40,"enemies":"Snake Plant","floor":22,"turns":3},{"damage":25,"enemies":"Book of Stabbing","floor":24,"turns":5},{"damage":62,"enemies":"Cultist and Chosen","floor":27,"turns":5}],"seed_played":"-2308731203284651982","potions_obtained":[{"floor":7,"key":"Block Potion"},{"floor":12,"key":"SpeedPotion"},{"floor":14,"key":"SpeedPotion"},{"floor":16,"key":"EssenceOfSteel"},{"floor":19,"key":"BottledMiracle"}],"is_trial":false,"path_per_floor":["M","M","$","?","M","R","E","R","T","E","M","M","R","E","R","B",null,"M","M","$","?","M","R","E","R","T","M"],"character_chosen":"WATCHER","items_purchased":["Replay:BluntJabs","PowerPotion","JustLucky","Perseverance","Divine Protection","ThirdEye"],"campfire_rested":5,"item_purchase_floors":[3,3,20,20,20,20],"current_hp_per_floor":[70,70,70,52,45,66,42,63,63,63,59,55,55,47,68,53,67,54,44,44,44,16,37,24,45,45,0,0],"gold":81,"neow_bonus":"THREE_CARDS","is_daily":false,"chose_seed":false,"campfire_upgraded":1,"win_rate":0.0,"timestamp":1611154856,"path_taken":["M","M","$","?","M","R","E","R","T","E","M","M","R","E","R","BOSS","M","M","$","?","M","R","E","R","T","?"],"items_purchased_type":["Card","Potion","Card","Card","Relic","Card"],"build_version":"2020-12-22","purchased_purges":0,"victory":false,"max_hp_per_floor":[72,72,72,72,72,72,72,72,72,72,72,72,72,72,72,72,72,72,72,72,72,72,72,72,72,72,72,72],"card_choices":[{"not_picked":["Replay:Battleflow","JustLucky"],"picked":"Collect","floor":0},{"not_picked":["EmptyFist","Fasting2"],"picked":"FollowUp","floor":1},{"not_picked":["Tantrum","DeceiveReality"],"picked":"CarveReality","floor":2},{"not_picked":["PathToVictory","Protect"],"picked":"EmptyBody","floor":5},{"not_picked":["TalkToTheHand","Brilliance"],"picked":"Weave","floor":7},{"not_picked":["EmptyMind","WheelKick"],"picked":"Evaluate","floor":10},{"not_picked":["Study","Consecrate"],"picked":"FlyingSleeves","floor":11},{"not_picked":["SandsOfTime","Indignation"],"picked":"Replay:Hum","floor":12},{"not_picked":["Indignation","SashWhip"],"picked":"CutThroughFate","floor":14},{"not_picked":["MasterReality","ConjureBlade"],"picked":"Establishment","floor":16},{"not_picked":["Replay:AtTheReady","FollowUp"],"picked":"SashWhip+1","floor":18},{"not_picked":["SashWhip+1","Crescendo"],"picked":"FlurryOfBlows","floor":19},{"not_picked":["Halt","Replay:AtTheReady"],"picked":"FlurryOfBlows","floor":22},{"not_picked":["WreathOfFlame","Ragnarok"],"picked":"Replay:ManipulateFuture","floor":24}],"player_experience":598498,"relics_obtained":[{"floor":7,"key":"PreservedInsect"},{"floor":9,"key":"Shuriken"},{"floor":10,"key":"ReplayTheSpireMod:Lightbulb"},{"floor":14,"key":"Meat on the Bone"},{"floor":24,"key":"ReplayFunnel"},{"floor":24,"key":"MealTicket"},{"floor":26,"key":"Nunchaku"}],"event_choices":[{"damage_healed":0,"gold_gain":0,"player_choice":"Take Damage","damage_taken":18,"relics_obtained":["Golden Idol"],"max_hp_gain":0,"max_hp_loss":0,"event_name":"Golden Idol","floor":4,"gold_loss":0},{"cards_removed":["Defend_P"],"damage_healed":0,"gold_gain":0,"player_choice":"Offered Basic","damage_taken":0,"max_hp_gain":0,"max_hp_loss":0,"event_name":"Bonfire Elementals","floor":21,"gold_loss":0}],"is_beta":false,"boss_relics":[{"not_picked":["Replay:Ancient Bell","SlaversCollar"],"picked":"Black Star"}],"items_purged_floors":[],"is_endless":false,"potions_floor_spawned":[7,12,14,16,19],"killed_by":"Cultist and Chosen","ascension_level":5}}