{"host":"qhd5m7ak4qaao2fj","time":1611137079,"event":{"mods":["AchievementEnabler","BaseMod","Bestiary","Block Reminder","Colored Map","Colored Powertips","DeckTracker","Highlight Path","Minty Spire (QoL Compilation)","Quick Restart","Relic Stats"],"gold_per_floor":[114,126,143,143,163,194,194,249,326,326,326],"floor_reached":10,"language":"ENG","playtime":1487,"items_purged":[],"score":75,"play_id":"f89b168f-7f06-4fa0-97e7-04a6d4e2a8d2","local_time":"20210120110439","is_ascension_mode":true,"campfire_choices":[{"data":"Burning Pact","floor":7,"key":"SMITH"}],"circlet_count":0,"master_deck":["Strike_R","Strike_R","Strike_R","Strike_R","Strike_R","Defend_R","Defend_R","Defend_R","Defend_R","Bash","Anger","Burning Pact+1","Headbutt","Regret","Anger"],"relics":["Burning Blood","Du-Vu Doll","Bag of Preparation","TungstenRod","Question Card"],"acts_visited":["Exordium"],"potions_floor_usage":[],"damage_taken":[{"damage":8,"enemies":"2 Louse","floor":1,"turns":4},{"damage":0,"enemies":"Small Slimes","floor":2,"turns":2},{"damage":4,"enemies":"Jaw Worm","floor":3,"turns":4},{"damage":15,"enemies":"Gremlin Gang","floor":5,"turns":5},{"damage":38,"enemies":"3 Sentries","floor":6,"turns":9},{"damage":25,"enemies":"3 Sentries","floor":8,"turns":7},{"damage":29,"enemies":"Gremlin Nob","floor":10,"turns":3}],"seed_played":"2863277240597699353","potions_obtained":[{"floor":1,"key":"BlessingOfTheForge"},{"floor":6,"key":"SneckoOil"}],"is_trial":false,"path_per_floor":["M","M","M","?","M","E","R","?","T","E"],"character_chosen":"IRONCLAD","items_purchased":[],"campfire_rested":0,"item_purchase_floors":[],"current_hp_per_floor":[78,80,80,80,71,39,39,20,20,0,0],"gold":326,"neow_bonus":"THREE_CARDS","is_daily":false,"chose_seed":false,"campfire_upgraded":1,"win_rate":0.0,"timestamp":1611137079,"path_taken":["M","M","M","?","M","E","R","?","T","E"],"items_purchased_type":[],"build_version":"2020-12-22","purchased_purges":0,"victory":false,"max_hp_per_floor":[80,80,80,80,80,80,80,80,80,80,80],"relic_stats":{"counters":[7,34],"Bag of Preparation":[4],"Question Card":0,"obtain_stats":[{"Du-Vu Doll":4,"Bag of Preparation":6,"Question Card":9,"Burning Blood":0,"TungstenRod":8},{"Du-Vu Doll":3,"Bag of Preparation":5,"Question Card":6,"Burning Blood":0,"TungstenRod":6},{"Du-Vu Doll":10,"Bag of Preparation":24,"Question Card":31,"Burning Blood":0,"TungstenRod":31}],"Burning Blood":30,"TungstenRod":3},"card_choices":[{"not_picked":["Sword Boomerang","Twin Strike"],"picked":"Anger","floor":0},{"not_picked":["Seeing Red","Intimidate","Twin Strike"],"picked":"SKIP","floor":1},{"not_picked":["Pommel Strike","Inflame"],"picked":"Burning Pact","floor":2},{"not_picked":["True Grit","Cleave"],"picked":"Headbutt","floor":3},{"not_picked":["Thunderclap","Headbutt"],"picked":"Anger","floor":5},{"not_picked":["Feel No Pain","Fire Breathing","Sentinel"],"picked":"SKIP","floor":6},{"not_picked":["Feel No Pain","Fire Breathing","Sentinel"],"picked":"SKIP","floor":6}],"player_experience":255230,"relics_obtained":[{"floor":6,"key":"Bag of Preparation"},{"floor":8,"key":"TungstenRod"},{"floor":9,"key":"Question Card"}],"event_choices":[{"damage_healed":0,"gold_gain":0,"player_choice":"Box","damage_taken":0,"relics_obtained":["Du-Vu Doll"],"max_hp_gain":0,"max_hp_loss":0,"event_name":"Big Fish","floor":4,"gold_loss":0,"cards_obtained":["Regret"]},{"damage_healed":0,"gold_gain":30,"player_choice":"Searched \u00273\u0027 times","damage_taken":0,"max_hp_gain":0,"max_hp_loss":0,"event_name":"Dead Adventurer","floor":8,"gold_loss":0}],"is_beta":false,"boss_relics":[],"items_purged_floors":[],"is_endless":false,"potions_floor_spawned":[1,6],"killed_by":"Gremlin Nob","ascension_level":2}}