{"host":"ib1u6hdlm155xq3n","time":1611104484,"event":{"mods":["AchievementEnabler","Act Like it!","Aspiration","BaseMod","Gensokyo","Hallownest","Hermit","Hubris","Koishi","Lobotomy","LobotomyExtend","Marisa????????","Minty Spire (QoL Compilation)","Remilia??????","Replay The Spire","Shade Mod","StSLib","The Animator","The Bug Knight","The Cursed","The Death Knight","The Necromancer","Yuri Mod","vexMod"],"gold_per_floor":[210,221,239,251,261,295,316,351,423,451,485,485,485,485,485,589,589,616,642,659,659,659],"floor_reached":21,"language":"ENG","playtime":1866,"items_purged":[],"score":195,"play_id":"2a12f7cf-010e-4289-947b-298e11f8fd82","local_time":"20210119200124","is_ascension_mode":false,"campfire_choices":[{"floor":12,"key":"REST"},{"floor":15,"key":"RECALL"}],"circlet_count":0,"master_deck":["Shade:Strike_Shade","Shade:Strike_Shade","Shade:Strike_Shade","Shade:Strike_Shade","Shade:Defend_Shade","Shade:Defend_Shade","Shade:Defend_Shade","Shade:Defend_Shade","Shade:AnimateDead","Shade:CarefulCut","Shade:SensePrey","Shade:OpenGraves","Shade:FreshBones","Shade:WallOfFlesh","Shade:FingerOfDeath","Shade:AblativeArmor","Shade:Excise","Shade:Tombstone","Shade:Bonestorm","Shade:CommandSoldier","Shade:Putrefaction","Shade:AncientSpear","Shade:AncientSpear","Shade:BoneShards+1"],"relics":["Shade:YorickSkull","LetterFromLob","Replay:Bandana","Odd Mushroom","vexMod:BerryBomb","Lantern","hubris:Icosahedron","vexMod:NewClearReactor"],"acts_visited":["Exordium","TheCity"],"potions_floor_usage":[6,10,16,16,18],"damage_taken":[{"damage":0,"enemies":"Small Slimes","floor":1,"turns":3},{"damage":1,"enemies":"Jaw Worm","floor":2,"turns":4},{"damage":4,"enemies":"2 Louse","floor":3,"turns":3},{"damage":1,"enemies":"Looter","floor":4,"turns":3},{"damage":12,"enemies":"Gremlin Gang","floor":5,"turns":5},{"damage":14,"enemies":"3 Sentries","floor":6,"turns":10},{"damage":0,"enemies":"Blue Slaver","floor":7,"turns":4},{"damage":1,"enemies":"The Mushroom Lair","floor":8,"turns":5},{"damage":2,"enemies":"Large Slime","floor":10,"turns":4},{"damage":7,"enemies":"Replay:BlueRogue","floor":11,"turns":6},{"damage":27,"enemies":"Slime Boss","floor":16,"turns":7},{"damage":0,"enemies":"Spheric Guardian","floor":18,"turns":3},{"damage":14,"enemies":"Snake Plant","floor":19,"turns":4},{"damage":0,"enemies":"Snecko","floor":20,"turns":4},{"damage":0,"enemies":"Shelled Parasite and Fungi","floor":21,"turns":1}],"seed_played":"-6731011503304231197","potions_obtained":[{"floor":1,"key":"FearPotion"},{"floor":4,"key":"Toxic Potion"},{"floor":5,"key":"LifebloodPotion"},{"floor":7,"key":"Strength Potion"},{"floor":10,"key":"GamblersBrew"},{"floor":16,"key":"AttackPotion"},{"floor":18,"key":"FairyPotion"}],"is_trial":false,"path_per_floor":["M","M","M","M","M","E","M","?","T","M","E","R","?","?","R","B",null,"M","M","M","M"],"character_chosen":"SHADE","items_purchased":[],"campfire_rested":1,"item_purchase_floors":[],"current_hp_per_floor":[65,64,60,59,47,33,33,32,32,30,29,50,47,47,47,20,71,71,57,57,57,57],"gold":659,"neow_bonus":"HUNDRED_GOLD","is_daily":false,"chose_seed":false,"campfire_upgraded":0,"win_rate":0.0,"timestamp":1611104484,"path_taken":["M","M","M","M","M","E","M","?","T","M","E","R","?","?","R","BOSS","M","M","M","M"],"items_purchased_type":[],"build_version":"2020-12-22","purchased_purges":0,"victory":false,"max_hp_per_floor":[65,65,65,65,65,65,65,65,65,65,71,71,71,71,71,71,71,71,71,71,71,71],"card_choices":[{"not_picked":["Shade:GraveStillness","Shade:SkeletonHug"],"picked":"Shade:SensePrey","floor":1},{"not_picked":["Shade:FingerOfDeath","Shade:Bonestorm"],"picked":"Shade:OpenGraves","floor":2},{"not_picked":["Shade:AncientSpear","Shade:Trample"],"picked":"Shade:FreshBones","floor":3},{"not_picked":["Shade:Bonestorm","Shade:CoffinDance"],"picked":"Shade:WallOfFlesh","floor":4},{"not_picked":["Shade:GreyBargain","Shade:Awaken"],"picked":"Shade:FingerOfDeath","floor":5},{"not_picked":["Shade:CallWraith","Shade:GoDigging"],"picked":"Shade:AblativeArmor","floor":6},{"not_picked":["Shade:FleshToFlesh","Shade:Asphyxiate"],"picked":"Shade:Excise","floor":7},{"not_picked":["Shade:Patience","Shade:CoffinDance"],"picked":"Shade:Tombstone","floor":8},{"not_picked":["Shade:FingerOfDeath","Shade:FeralStrike"],"picked":"Shade:Bonestorm","floor":10},{"not_picked":["Shade:MadHubris","Shade:Patience"],"picked":"Shade:CommandSoldier","floor":11},{"not_picked":["Shade:OneIsEnough","Shade:MadHubris"],"picked":"Shade:Putrefaction","floor":16},{"not_picked":["Shade:Trample","Shade:FleshToFlesh"],"picked":"Shade:AncientSpear","floor":18},{"not_picked":["Shade:SkeletonHug","Shade:GreyBargain"],"picked":"Shade:AncientSpear","floor":19},{"not_picked":["Shade:FleshToFlesh","Shade:ClawBack"],"picked":"Shade:BoneShards+1","floor":20}],"player_experience":97521,"relics_obtained":[{"floor":1,"key":"LetterFromLob"},{"floor":6,"key":"Replay:Bandana"},{"floor":8,"key":"Odd Mushroom"},{"floor":11,"key":"vexMod:BerryBomb"}],"event_choices":[{"damage_healed":0,"gold_gain":0,"player_choice":"Fought Mushrooms","damage_taken":0,"max_hp_gain":0,"max_hp_loss":0,"event_name":"Mushrooms","floor":8,"gold_loss":0},{"damage_healed":0,"gold_gain":0,"player_choice":"Success","damage_taken":3,"relics_obtained":["Lantern"],"max_hp_gain":0,"max_hp_loss":0,"event_name":"Scrap Ooze","floor":13,"gold_loss":0}],"is_beta":false,"boss_relics":[{"not_picked":["Runic Pyramid","SacredBark"],"picked":"vexMod:NewClearReactor"}],"items_purged_floors":[],"is_endless":false,"potions_floor_spawned":[1,4,5,7,10,16,18],"killed_by":"Shelled Parasite and Fungi","ascension_level":0}}