{"host":"q1ejl7hv5l3527la","time":1611126952,"event":{"mods":["Aspiration","Bard","BaseMod","Better Third Choice","Colored Powertips","Downfall","Energized Spire","Highlight Path","Infinite Spire","Minty Spire (QoL Compilation)","Shop Mod","StSLib","The Cursed","The Jungle","The Runesmith"],"gold_per_floor":[116,129,149,167,15,15,15,48,48,48,48,81,81,104,104,230,230,254,273,273,273],"floor_reached":20,"language":"ENG","playtime":1188,"items_purged":[],"score":244,"play_id":"1e484521-6fc1-4330-8e32-f96a3c398fc1","local_time":"20210120011552","is_ascension_mode":true,"campfire_choices":[{"floor":6,"key":"REST"},{"floor":15,"key":"REST"}],"circlet_count":0,"master_deck":["Strike_B","Strike_B","Strike_B","Strike_B","Defend_B","Defend_B","Defend_B","Defend_B","Zap","Dualcast","Seek","Hologram","Loop","Scrape","Beam Cell","Limit Break","Melter","Injury","Ball Lightning","Beam Cell","Machine Learning","CurseOfTheBell","Go for the Eyes","Creative AI"],"relics":["Cracked Core","Tiny Chest","Pear","Centennial Puzzle","Runesmith:Nanobots","Golden Idol","Strawberry","Question Card","Calling Bell","Smiling Mask","infinitespire:SolderingIron","Girya"],"acts_visited":["Exordium","TheCity"],"potions_floor_usage":[8,12,12,16,16,19,19,20],"damage_taken":[{"damage":1,"enemies":"Cultist","floor":1,"turns":3},{"damage":1,"enemies":"Jaw Worm","floor":2,"turns":4},{"damage":3,"enemies":"2 Louse","floor":3,"turns":3},{"damage":11,"enemies":"Blue Slaver","floor":4,"turns":4},{"damage":39,"enemies":"Lagavulin","floor":8,"turns":7},{"damage":0,"enemies":"Gremlin Nob","floor":12,"turns":2},{"damage":0,"enemies":"2 Fungi Beasts","floor":14,"turns":2},{"damage":54,"enemies":"Hexaghost","floor":16,"turns":8},{"damage":10,"enemies":"Chosen","floor":18,"turns":4},{"damage":18,"enemies":"3 Byrds","floor":19,"turns":4},{"damage":84,"enemies":"3 Cultists","floor":20,"turns":8}],"seed_played":"2089400329185475424","potions_obtained":[{"floor":1,"key":"sneckomod:MuddlingPotion"},{"floor":8,"key":"EntropicBrew"},{"floor":14,"key":"Regen Potion"},{"floor":16,"key":"SpeedPotion"},{"floor":18,"key":"champ:CounterPotion"},{"floor":19,"key":"Fire Potion"}],"is_trial":false,"path_per_floor":["M","M","M","M","$","R","?","E","T","?","?","E","T","M","R","B",null,"M","M","M"],"character_chosen":"DEFECT","items_purchased":["Tiny Chest"],"campfire_rested":2,"item_purchase_floors":[5],"current_hp_per_floor":[74,73,70,59,59,75,80,41,41,69,69,76,76,76,92,53,92,82,64,0,0],"gold":273,"neow_bonus":"ONE_RANDOM_RARE_CARD","is_daily":false,"chose_seed":false,"campfire_upgraded":0,"win_rate":0.0,"timestamp":1611126952,"path_taken":["M","M","M","M","$","R","?","E","T","?","?","E","?","M","R","BOSS","M","M","M"],"items_purchased_type":["Relic"],"build_version":"2020-12-22","purchased_purges":0,"victory":false,"max_hp_per_floor":[75,75,75,75,75,75,85,85,85,85,85,92,92,92,92,92,92,92,92,92,92],"card_choices":[{"not_picked":["Ball Lightning","Cold Snap"],"picked":"Hologram","floor":1},{"not_picked":["Doom and Gloom","Defragment"],"picked":"Loop","floor":2},{"not_picked":["Go for the Eyes","Compile Driver"],"picked":"Scrape","floor":3},{"not_picked":["Stack","Conserve Battery"],"picked":"Beam Cell","floor":4},{"not_picked":["Steam Power","Undo"],"picked":"Melter","floor":8},{"not_picked":["Seek","Hologram"],"picked":"Ball Lightning","floor":12},{"not_picked":["Compile Driver","Reprogram","Cold Snap"],"picked":"Beam Cell","floor":14},{"not_picked":["Fission","Biased Cognition","Rainbow"],"picked":"Machine Learning","floor":16},{"not_picked":["Cold Snap","Hello World","Aggregate"],"picked":"Go for the Eyes","floor":18},{"not_picked":["Hello World","Cold Snap+1","Redo"],"picked":"Creative AI","floor":19}],"player_experience":99310,"relics_obtained":[{"floor":8,"key":"Centennial Puzzle"},{"floor":9,"key":"Runesmith:Nanobots"},{"floor":12,"key":"Strawberry"},{"floor":13,"key":"Question Card"},{"floor":17,"key":"Smiling Mask"},{"floor":17,"key":"infinitespire:SolderingIron"},{"floor":17,"key":"Girya"}],"event_choices":[{"damage_healed":28,"gold_gain":0,"player_choice":"Banana","damage_taken":0,"max_hp_gain":0,"max_hp_loss":0,"event_name":"Big Fish","floor":10,"gold_loss":0},{"damage_healed":0,"gold_gain":0,"player_choice":"Take Wound","damage_taken":0,"relics_obtained":["Golden Idol"],"max_hp_gain":0,"max_hp_loss":0,"event_name":"Golden Idol","floor":11,"gold_loss":0,"cards_obtained":["Injury"]}],"is_beta":false,"boss_relics":[{"not_picked":["Cursed Key","energizedSpire:MagnifyingGlass"],"picked":"Calling Bell"}],"items_purged_floors":[],"is_endless":false,"potions_floor_spawned":[1,8,14,16,18,19],"killed_by":"3 Cultists","ascension_level":1}}