{"host":"b5ofb9azpmwqws3x","time":1611130291,"event":{"mods":["BaseMod","Minty Spire (QoL Compilation)"],"gold_per_floor":[115,131,131,149,224,224,259,282,294,334,364,376,419,448,460,574,586,609,621,633,560,49,83,83,83,83],"floor_reached":25,"language":"ENG","playtime":850,"items_purged":[],"score":376,"play_id":"7dfb7082-a4fd-4add-897d-3d30d3af1bb1","local_time":"20210120111131","is_ascension_mode":true,"campfire_choices":[{"data":"Dagger Spray","floor":6.0,"key":"SMITH"},{"floor":15.0,"key":"REST"}],"circlet_count":0,"master_deck":["Strike_G","Strike_G","Strike_G","Strike_G","Strike_G","Defend_G","Defend_G","Defend_G","Defend_G","Defend_G","Survivor+1","Neutralize","Accuracy","Dagger Throw","Dagger Spray+1","Noxious Fumes","PiercingWail","Cloak And Dagger","Bane","Dagger Spray","Corpse Explosion","Poisoned Stab","Noxious Fumes"],"relics":["Ring of the Snake","MawBank","Blood Vial","StrikeDummy","Tingsha","HoveringKite","Mercury Hourglass","Shuriken","Membership Card","Akabeko","Nunchaku","MutagenicStrength"],"acts_visited":["Exordium","TheCity"],"potions_floor_usage":[23],"damage_taken":[{"damage":1.0,"enemies":"Small Slimes","floor":1.0,"turns":5.0},{"damage":0.0,"enemies":"2 Louse","floor":2.0,"turns":5.0},{"damage":1.0,"enemies":"Jaw Worm","floor":4.0,"turns":4.0},{"damage":19.0,"enemies":"Lagavulin","floor":7.0,"turns":4.0},{"damage":18.0,"enemies":"Exordium Thugs","floor":8.0,"turns":5.0},{"damage":19.0,"enemies":"Gremlin Nob","floor":10.0,"turns":6.0},{"damage":0.0,"enemies":"Looter","floor":11.0,"turns":3.0},{"damage":1.0,"enemies":"3 Sentries","floor":13.0,"turns":6.0},{"damage":0.0,"enemies":"2 Fungi Beasts","floor":14.0,"turns":2.0},{"damage":0.0,"enemies":"Slime Boss","floor":16.0,"turns":7.0},{"damage":32.0,"enemies":"Spheric Guardian","floor":18.0,"turns":6.0},{"damage":23,"enemies":"Slavers","floor":23,"turns":5},{"damage":37,"enemies":"Gremlin Leader","floor":25,"turns":4}],"seed_played":"-3909394771994180484","potions_obtained":[{"floor":1.0,"key":"AttackPotion"},{"floor":2.0,"key":"PowerPotion"},{"floor":8.0,"key":"Block Potion"},{"floor":10.0,"key":"AttackPotion"},{"floor":12.0,"key":"EssenceOfSteel"},{"floor":12.0,"key":"Strength Potion"},{"floor":13.0,"key":"Poison Potion"},{"floor":14.0,"key":"BlessingOfTheForge"},{"floor":18.0,"key":"AttackPotion"}],"is_trial":false,"path_per_floor":["M","M","?","M","?","R","E","M","T","E","M","?","E","M","R","B",null,"M","?","?","?","$","E","?","E"],"character_chosen":"THE_SILENT","items_purchased":["Shuriken","Membership Card","Noxious Fumes","Akabeko"],"campfire_rested":1,"item_purchase_floors":[22,22,22,22],"current_hp_per_floor":[69,69,69,68,57,57,38,20,20,3,5,5,6,8,31,33,66,36,22,49,49,49,28,28,0,0],"gold":83,"neow_bonus":"TEN_PERCENT_HP_BONUS","is_daily":false,"chose_seed":false,"campfire_upgraded":1,"win_rate":0.0,"timestamp":1611130291,"path_taken":["M","M","?","M","?","R","E","M","T","E","M","?","E","M","R","BOSS","M","?","?","?","$","E","?","E"],"items_purchased_type":["Relic","Relic","Card","Relic"],"build_version":"2020-12-22","purchased_purges":0,"victory":false,"max_hp_per_floor":[77,77,77,77,77,77,77,77,77,77,77,77,77,77,77,77,77,77,82,82,82,82,82,82,82,82],"card_choices":[{"not_picked":["Outmaneuver","Flechettes"],"picked":"Accuracy","floor":1.0},{"not_picked":["Quick Slash","All Out Attack"],"picked":"Dagger Throw","floor":2.0},{"not_picked":["Underhanded Strike","Accuracy"],"picked":"Dagger Spray","floor":4.0},{"not_picked":["Reflex","Calculated Gamble"],"picked":"Noxious Fumes","floor":7.0},{"not_picked":["Flying Knee","Prepared","Riddle With Holes"],"picked":"SKIP","floor":8.0},{"not_picked":["Expertise","Calculated Gamble"],"picked":"PiercingWail","floor":10.0},{"not_picked":["Tactician","Flying Knee"],"picked":"Cloak And Dagger","floor":11.0},{"not_picked":["Dagger Spray","Unload"],"picked":"Bane","floor":13.0},{"not_picked":["Acrobatics","Caltrops"],"picked":"Dagger Spray","floor":14.0},{"not_picked":["Glass Knife","Malaise"],"picked":"Corpse Explosion","floor":16.0},{"not_picked":["Dagger Spray+1","Deadly Poison"],"picked":"Poisoned Stab","floor":18.0},{"not_picked":["Quick Slash","Slice","Skewer"],"picked":"SKIP","floor":23}],"player_experience":259789,"relics_obtained":[{"floor":7.0,"key":"MawBank"},{"floor":9.0,"key":"Blood Vial"},{"floor":10.0,"key":"StrikeDummy"},{"floor":13.0,"key":"Tingsha"},{"floor":23,"key":"Nunchaku"}],"event_choices":[{"damage_healed":0.0,"max_hp_gain":0.0,"max_hp_loss":0.0,"gold_gain":0.0,"event_name":"Living Wall","player_choice":"Grow","floor":3.0,"gold_loss":0.0,"damage_taken":0.0,"cards_upgraded":["Survivor"]},{"damage_healed":0.0,"max_hp_gain":0.0,"max_hp_loss":0.0,"gold_gain":75.0,"event_name":"World of Goop","player_choice":"Gather Gold","floor":5.0,"gold_loss":0.0,"damage_taken":11.0},{"damage_healed":0.0,"max_hp_gain":0.0,"max_hp_loss":0.0,"gold_gain":0.0,"event_name":"Lab","player_choice":"Got Potions","floor":12.0,"gold_loss":0.0,"damage_taken":0.0},{"damage_healed":0.0,"max_hp_gain":5.0,"max_hp_loss":0.0,"gold_gain":0.0,"event_name":"Forgotten Altar","player_choice":"Shed Blood","floor":19.0,"gold_loss":0.0,"damage_taken":19.0},{"damage_healed":27.0,"max_hp_gain":0.0,"max_hp_loss":0.0,"gold_gain":0.0,"event_name":"The Library","player_choice":"Heal","floor":20.0,"gold_loss":0.0,"damage_taken":0.0},{"damage_healed":0.0,"max_hp_gain":0.0,"max_hp_loss":0.0,"gold_gain":0.0,"event_name":"Addict","player_choice":"Obtained Relic","floor":21.0,"gold_loss":85.0,"damage_taken":0.0,"relics_obtained":["Mercury Hourglass"]},{"damage_healed":0,"gold_gain":0,"player_choice":"Inject Mutagens","damage_taken":0,"relics_obtained":["MutagenicStrength"],"max_hp_gain":0,"max_hp_loss":0,"event_name":"Drug Dealer","floor":24,"gold_loss":0}],"is_beta":false,"boss_relics":[{"not_picked":["Pandora\u0027s Box","Tiny House"],"picked":"HoveringKite"}],"items_purged_floors":[],"is_endless":false,"potions_floor_spawned":[1,2,8,10,13,14,18],"killed_by":"Gremlin Leader","ascension_level":6}}