{"host":"465m78bh87h7wxsp","time":1611129887,"event":{"mods":["ATMod(阿瑾Mod)","Act Like it!","Alarm Clock","Aspiration","BaseMod","Better Debug","CapriCore","Decade(王小明)","Gensokyo","GungeonMod","Hallownest","Hermit","HololiveMod","Infinite Spire","Jorbs\u0027s Wanderer Trilogy","KinomotoSakuraMod(木之本樱)","Koishi","KomeijiMod","Lobotomy","LobotomyExtend","Marisa（F雨　魔理沙）","Minty Spire (QoL Compilation)","MostiFishMod","Red Circlet Mod","Reimu（博丽灵梦）","Replay The Spire","RumiaBox-露米娅的神秘盒子","Ryuuou龙王","SOS（斯巴达之子）","Shop Mod","Spicy Shops","StSLib","TestMod","The Administrix","The Animator","The Bug Knight","The Cursed","The Hierophant","The Immortal","The Senshi","The Servant 0.9.4","Uncapped","Waifu the Spire","WarShipGirlsR/战舰少女R mod","Yakumo Yukari mod","Youmu（魂魄妖梦）","Yuyuko","[IsaacMod]以撒尖塔","noobMod","vexMod","【功能Mod】混沌之环修复补丁","【功能Mod】聪明的最终Boss","【遗物卡牌】REMEMod"],"gold_per_floor":[144,173,173,173,38,38,110,85,98,98,117,153,153,253,354,354,379,778,778,796,843,843,543,543,543,543,557,569,587,645,656,656,716,868,868,893,969,1018,1065,1084,1118,1118,1118,1118,1118,1118,1159,1010,1010,1010,4,68,206],"floor_reached":56,"language":"ZHS","playtime":2760,"items_purged":[],"score":1016,"play_id":"5db5450d-eaf3-424e-bbc8-70f47ba40817","local_time":"20210120160447","is_ascension_mode":true,"campfire_choices":[{"floor":6.0,"key":"RECALL"},{"data":"EpicFetus","floor":11.0,"key":"SMITH"},{"data":"HollowMod:HuntersJournal","floor":23,"key":"SMITH"},{"data":"HollowMod:NewLastStag","floor":25,"key":"SMITH"},{"data":"AT_FamilyPortrait","floor":27,"key":"SMITH"},{"data":"HollowMod:CornifersMapStart","floor":33,"key":"SMITH"},{"data":"HollowMod:SiblingsSouls","floor":43,"key":"SMITH"},{"data":"HollowMod:VoidDash","floor":44,"key":"SMITH"},{"data":"HollowMod:theNailsmith","floor":48,"key":"SMITH"},{"floor":51,"key":"DIG"},{"data":"DemoMod:Elimentaler","floor":52,"key":"SMITH"}],"circlet_count":0,"master_deck":["HollowMod:NailStrikeStart","HollowMod:NailStrikeStart","HollowMod:NailStrikeStart","HollowMod:NailStrikeStart","HollowMod:QuickDashStart","HollowMod:QuickDashStart","HollowMod:QuickDashStart","HollowMod:QuickDashStart","HollowMod:FocusHealStart","HollowMod:PogoStrike","EpicFetus+1","AT_FamilyPortrait+1","HollowMod:DescendingDark","HollowMod:VengefulVoid","HollowMod:VoidDash+1","HollowMod:CornifersMapStart+1","HollowMod:DescendingDark","HollowMod:PerfectDash","HollowMod:ZotesMagnificence","HollowMod:HuntersJournal+1","HollowMod:AwokenDreamNail","HollowMod:ZotesMagnificence","HollowMod:CloakDash","HollowMod:WraithStrike","HollowMod:NewLastStag+1","HollowMod:QuirrelsAssistance+1","HollowMod:MawleksShell+1","HollowMod:DesolateDive+1","HollowMod:InfectedCysts+1","DemoMod:Elimentaler+1","HollowMod:ZotesMagnificence","HollowMod:HuntersJournal+1","HollowMod:GoodIntentions","HollowMod:theNailsmith+1","HollowMod:GrimmsGift","HollowMod:ZotesMagnificence","HollowMod:SiblingsSouls+1","HollowMod:InfectedAttack+1"],"relics":["HollowMod:VesselMask","DaveBox","ice","HushsDoor","testmod-TestBox","REME_ComplimentaryCards","testmod-Alchemist","SalivaCoin","Membership Card","aspiration:Nostalgia","animator:TheMissingPiece","SynthV:TestCard","LetterFromLob","Gensokyo:PortableGap","testmod-Charity","HonorFeather","ShedSkin_r","Heaven_r","InspiredRelic","LastBattle","MagicMushroom","Prayer Wheel","DemoMod:RatBoots","DemoMod:ResourcefulSack","DemoMod:PartiallyEatenCheese","Black Star","ThornShield","DemoMod:Bottle","Happy Flower","infinitespire:Broken Mirror","vexMod:InvisibilityCloak","GodSword7","GnawedLeaf","Chaos","Bag of Marbles","aspiration:HiddenCompartment","MagicDraw4","GuanYuAspect","Ornamental Fan","Nunchaku","HollowMod:PaleOreRelic","SteamSale","HornCleat"],"acts_visited":["Gensokyo:Gensokyo","TheCity","DemoMod:Maze","TheBeyond"],"potions_floor_usage":[32,34,34,34,55,55,55,55],"damage_taken":[{"damage":7.0,"enemies":"Gensokyo:2_Kodama","floor":1.0,"turns":5.0},{"damage":13.0,"enemies":"Gensokyo:Gryphon","floor":2.0,"turns":4.0},{"damage":165.0,"enemies":"Gensokyo:3_Fairies","floor":7.0,"turns":6.0},{"damage":7.0,"enemies":"Gensokyo:3_Fairies","floor":7.0,"turns":2.0},{"damage":0.0,"enemies":"Gensokyo:3_Fairies","floor":10.0,"turns":2.0},{"damage":0.0,"enemies":"Gensokyo:LivingMonolith","floor":12.0,"turns":2.0},{"damage":22,"enemies":"Gensokyo:CorruptedTreant","floor":13,"turns":3},{"damage":4,"enemies":"Gensokyo:Reimu","floor":16,"turns":7},{"damage":16,"enemies":"Shell Parasite","floor":18,"turns":5},{"damage":0,"enemies":"Chosen","floor":21,"turns":2},{"damage":49,"enemies":"Shelled Parasite and Fungi","floor":22,"turns":5},{"damage":0,"enemies":"DemoMod:2_Veteran_bullet_kins_and_red_shotgun_kin","floor":28,"turns":2},{"damage":0,"enemies":"DemoMod:4_Bullet_Kins","floor":29,"turns":2},{"damage":6,"enemies":"DemoMod:Veteran_shot_gun_kin_and_blue_shotgun_kin","floor":30,"turns":2},{"damage":25,"enemies":"DemoMod:Red_and_blue_shotgun_kin_with_gunsinger","floor":31,"turns":2},{"damage":0,"enemies":"DemoMod:Veteran_shot_gun_kin_and_blue_shotgun_kin_with_gunsinger","floor":32,"turns":2},{"damage":77,"enemies":"DemoMod:ResourcefulRat","floor":35,"turns":9},{"damage":5,"enemies":"Orb Walker","floor":37,"turns":2},{"damage":63,"enemies":"2 Orb Walkers","floor":38,"turns":5},{"damage":0,"enemies":"Hiden Room Battle","floor":39,"turns":3},{"damage":41,"enemies":"3 Shapes","floor":40,"turns":3},{"damage":13,"enemies":"3 Darklings","floor":41,"turns":3},{"damage":34,"enemies":"R_Hoarder","floor":42,"turns":7},{"damage":1,"enemies":"Transient","floor":49,"turns":3},{"damage":50,"enemies":"Shield and Spear","floor":54,"turns":5},{"damage":23,"enemies":"The Heart","floor":55,"turns":7}],"seed_played":"-4701864639790284901","potions_obtained":[{"floor":16,"key":"FearPotion"},{"floor":18,"key":"Dexterity Potion"},{"floor":21,"key":"BlessingOfTheForge"},{"floor":30,"key":"ExcitationPotion"},{"floor":32,"key":"REME_GoldPotion"},{"floor":38,"key":"Dexterity Potion"},{"floor":42,"key":"FearPotion"}],"is_trial":false,"path_per_floor":["M","M","?","?","$","R","M","?","M","R","M","M","?","R","B",null,"M","?","T","M","M","R","?","R","T","R","M","M","M","M","M","R","B","B",null,"M","?","?","M","M","E","R","R","T","T","R","?","$","R","R","$","E","B",null],"character_chosen":"THE_BUGKNIGHT","items_purchased":["testmod-Charity","DemoMod:GnawedKey","HollowMod:ZotesMagnificence","Chaos","Bag of Marbles","MagicDraw4","GuanYuAspect","Ornamental Fan","Nunchaku","HollowMod:PaleOreRelic","Swift Potion","GamblersBrew","SpeedPotion"],"campfire_rested":0,"item_purchase_floors":[5,5,17,50,50,53,53,53,53,53,53,53,53],"current_hp_per_floor":[74,61,61,68,68,68,64,64,65,105,106,89,89,106,104,111,98,99,99,101,60,117,117,117,117,117,118,119,115,100,102,131,63,135,151,148,92,94,60,50,23,191,191,191,188,188,192,192,195,195,98,85,180],"gold":206,"neow_bonus":"NOSTALGIA","is_daily":false,"chose_seed":false,"campfire_upgraded":9,"win_rate":0.0,"timestamp":1611129887,"path_taken":["M","M","?","?","$","R","M","?","?","R","?","?","?","R","BOSS","M","?","?","?","M","R","?","R","T","R","M","M","M","M","M","R","BOSS","BOSS","M","?","?","?","M","E","R","R","T","?","R","?","$","R","R","$","E","BOSS"],"items_purchased_type":["Relic","Relic","Card","Card","Relic","Relic","Relic","Relic","Relic","Relic","Potion","Potion","Potion"],"build_version":"2020-12-22","purchased_purges":0,"victory":true,"max_hp_per_floor":[75,75,68,68,68,68,107,104,105,105,106,108,105,106,108,111,114,115,112,113,120,117,117,117,117,117,118,119,121,130,131,131,141,151,151,154,166,169,182,187,194,191,191,191,188,188,195,195,195,195,98,112,196],"card_choices":[{"not_picked":[],"picked":"EpicFetus","floor":0.0},{"not_picked":["HollowMod:SiblingsShadow","HollowMod:ChannelNail"],"picked":"HollowMod:DescendingDark","floor":1.0},{"not_picked":["HollowMod:NewJinnsSoul","HollowMod:DashSlash","HollowMod:FastStrike","HollowMod:LifebloodCocoon"],"picked":"HollowMod:VengefulVoid","floor":2.0},{"not_picked":["HollowMod:InfectedCysts","HollowMod:CycloneSlash","HollowMod:DashSlash","HollowMod:SoulStrike"],"picked":"HollowMod:VoidDash","floor":10.0},{"not_picked":["HollowMod:GoodIntentions","HollowMod:ShadowDash","HollowMod:ChannelNail","HollowMod:BlackTendrils"],"picked":"HollowMod:CornifersMapStart","floor":13},{"not_picked":["HollowMod:CoiledNail","HollowMod:FastStrike","HollowMod:DungDefenderAura","HollowMod:RecoilStrike"],"picked":"HollowMod:PerfectDash","floor":15},{"not_picked":["HollowMod:NewJinnsSoul","HollowMod:InfectedAttack","HollowMod:CrystalDash","HollowMod:CornifersMapStart"],"picked":"HollowMod:ZotesMagnificence","floor":15},{"not_picked":["HollowMod:BaldurShell","HollowMod:VengefulVoid","HollowMod:InfectionAssault","HollowMod:ShapeofUnn"],"picked":"HollowMod:HuntersJournal","floor":15},{"not_picked":["HollowMod:HornetsHelp","HollowMod:LifebloodCore","HollowMod:LordofShades","HollowMod:VoidDash"],"picked":"HollowMod:AwokenDreamNail","floor":16},{"not_picked":["HollowMod:SharpenedShadows+1","HollowMod:VengefulVoid+1","HollowMod:HeavyBlow","HollowMod:WraithStrike"],"picked":"HollowMod:CloakDash","floor":18},{"not_picked":["HollowMod:DreamGate+1","HollowMod:BlackTendrils","HollowMod:TaintedHusks+1","HollowMod:SoulStrike"],"picked":"HollowMod:WraithStrike","floor":21},{"not_picked":["HollowMod:ChannelNail","HollowMod:DesolateDive+1","HollowMod:BlackTendrils","HollowMod:BaldurShell+1"],"picked":"HollowMod:QuirrelsAssistance+1","floor":28},{"not_picked":["HollowMod:FastStrike+1","HollowMod:SiblingsSouls","HollowMod:SoulEater+1","HollowMod:VengefulSpirit+1"],"picked":"HollowMod:MawleksShell+1","floor":29},{"not_picked":["HollowMod:SiblingsSouls+1","HollowMod:LifebloodCocoon+1","HollowMod:VengefulVoid+1","HollowMod:HeavyBlow"],"picked":"HollowMod:DesolateDive+1","floor":30},{"not_picked":["HollowMod:DoubleDash","HollowMod:NewLittleFool+1","HollowMod:NewJinnsSoul+1","HollowMod:ShadowDash+1"],"picked":"HollowMod:InfectedCysts+1","floor":32},{"not_picked":[],"picked":"DemoMod:Elimentaler","floor":35},{"not_picked":["HollowMod:VoidDash","HollowMod:AwokenDreamNail","HollowMod:NewInfectedGuardian","HollowMod:LordofShades"],"picked":"HollowMod:ZotesMagnificence","floor":35},{"not_picked":["HollowMod:SiblingsShadow","HollowMod:DoubleDash","HollowMod:SharpenedShadows+1","HollowMod:SoulSplash"],"picked":"HollowMod:HuntersJournal+1","floor":36},{"not_picked":["HollowMod:SoulVessel+1","HollowMod:CornifersMapStart","HollowMod:BaldurShell","HollowMod:PerfectDash"],"picked":"HollowMod:GoodIntentions","floor":37},{"not_picked":["HollowMod:DoubleDash","HollowMod:TaintedHusks+1","HollowMod:NewLittleFool+1","HollowMod:CornifersMapStart","HollowMod:LifebloodCocoon"],"picked":"SKIP","floor":37},{"not_picked":["HollowMod:InfectionAssault+1","HollowMod:DashSlash+1","HollowMod:SharpenedNail+1","HollowMod:BaldurShell"],"picked":"HollowMod:theNailsmith","floor":38},{"not_picked":["HollowMod:ShadowDash+1","HollowMod:CrystalDash","HollowMod:ShapeofUnn+1","HollowMod:InfectedAttack"],"picked":"HollowMod:GrimmsGift","floor":40},{"not_picked":["HollowMod:DescendingDark+1","HollowMod:MonarchWings+1","HollowMod:DashSlash","HollowMod:InfectedCysts"],"picked":"HollowMod:ZotesMagnificence","floor":40},{"not_picked":["HollowMod:HeavyBlow","HollowMod:ShapeofUnn","HollowMod:VoidDash","HollowMod:PureNailStrike"],"picked":"HollowMod:SiblingsSouls","floor":41},{"not_picked":["HollowMod:DungDefenderAura","HollowMod:HowlingWraiths+1","HollowMod:SoulMaster","HollowMod:CycloneSlash"],"picked":"HollowMod:InfectedAttack+1","floor":42},{"not_picked":["HollowMod:DesolateDive","HollowMod:VengefulSpirit+1","HollowMod:LifebloodCocoon","HollowMod:SiblingsSouls","HollowMod:SoulEater"],"picked":"SKIP","floor":49},{"not_picked":["HollowMod:MidwifesHunger","HollowMod:VengefulSpirit+1","HollowMod:MawleksShell+1","HollowMod:DesolateDive+1","HollowMod:DreamGate+1"],"picked":"SKIP","floor":54}],"player_experience":26159,"relics_obtained":[{"floor":1.0,"key":"SynthV:TestCard"},{"floor":1.0,"key":"LetterFromLob"},{"floor":36,"key":"DemoMod:RatBoots"},{"floor":36,"key":"DemoMod:ResourcefulSack"},{"floor":36,"key":"DemoMod:PartiallyEatenCheese"},{"floor":36,"key":"Black Star"},{"floor":38,"key":"ThornShield"},{"floor":39,"key":"DemoMod:Bottle"},{"floor":39,"key":"Happy Flower"},{"floor":42,"key":"infinitespire:Broken Mirror"},{"floor":42,"key":"vexMod:InvisibilityCloak"},{"floor":45,"key":"ForgetMeNow"},{"floor":46,"key":"GodSword7"},{"floor":49,"key":"GnawedLeaf"},{"floor":51,"key":"aspiration:HiddenCompartment"},{"floor":54,"key":"SteamSale"},{"floor":54,"key":"HornCleat"}],"event_choices":[{"damage_healed":0,"gold_gain":400,"player_choice":"Sell","damage_taken":0,"max_hp_gain":0,"max_hp_loss":0,"event_name":"恩洛斯的盘子","floor":19,"relics_lost":["AT_ATBox"],"gold_loss":0},{"damage_healed":0,"gold_gain":0,"player_choice":"Fight","damage_taken":0,"max_hp_gain":0,"max_hp_loss":0,"event_name":"Mysterious Sphere","floor":38,"gold_loss":0},{"damage_healed":0,"gold_gain":0,"player_choice":"Fight","damage_taken":0,"max_hp_gain":0,"max_hp_loss":0,"event_name":"HidenRoomEvent","floor":39,"gold_loss":0}],"is_beta":false,"boss_relics":[{"not_picked":["Kintsugi","testmod-HarvestTotem"],"picked":"MagicMushroom"},{"not_picked":[]},{"not_picked":[]}],"items_purged_floors":[],"is_endless":false,"potions_floor_spawned":[7,16,18,21,30,31,32,38,42,54],"ascension_level":2}}