{"host":"l8n56n8abrvcftzc","time":1611126724,"event":{"mods":["Aspiration","BaseMod","Better Note","Better Third Choice","Colored Map","DeckTracker","Googly Eyes","Highlight Path","Hubris","Minty Spire (QoL Compilation)","Permanent Neow","Relic Stats","Replay The Spire","StSLib","SuperFastMode","Uncapped"],"gold_per_floor":[113,132,132,207,207,236,254,254,254,254,254,266,284,332,14,34,34,136,136,150,166,183,183,183],"floor_reached":23,"language":"ENG","playtime":1242,"items_purged":[],"score":218,"play_id":"55f24234-6f73-4f2c-8d05-cd4fb3ea1a16","local_time":"20210119231204","is_ascension_mode":false,"campfire_choices":[{"data":"Vigilance","floor":10.0,"key":"SMITH"},{"data":"Indignation","floor":17,"key":"SMITH"}],"circlet_count":0,"master_deck":["Strike_P","Strike_P","Strike_P","Defend_P","Defend_P","Defend_P","Defend_P","Eruption+1","Vigilance+1","ReachHeaven","FollowUp","Wireheading+1","Crescendo+1","Replay:AtTheReady","LessonLearned","Indignation+1","Alpha"],"relics":["hubris:VirtuousBlindfold","hubris:DeckOfHolding","Lee\u0027s Waffle","VioletLotus"],"acts_visited":["Exordium","TheCity"],"potions_floor_usage":[16],"damage_taken":[{"damage":15.0,"enemies":"Small Slimes","floor":1.0,"turns":3.0},{"damage":6.0,"enemies":"Jaw Worm","floor":2.0,"turns":3.0},{"damage":0.0,"enemies":"Lagavulin","floor":6.0,"turns":3.0},{"damage":1.0,"enemies":"Cultist","floor":7.0,"turns":3.0},{"damage":0.0,"enemies":"Large Slime","floor":12.0,"turns":3.0},{"damage":3.0,"enemies":"Exordium Wildlife","floor":13.0,"turns":3.0},{"damage":9,"enemies":"Gremlin Gang","floor":16,"turns":3},{"damage":58,"enemies":"Hexaghost","floor":18,"turns":12},{"damage":0,"enemies":"Chosen","floor":20,"turns":4},{"damage":14,"enemies":"Spheric Guardian","floor":21,"turns":4},{"damage":54,"enemies":"Snake Plant","floor":22,"turns":4},{"damage":14,"enemies":"Shelled Parasite and Fungi","floor":23,"turns":2}],"seed_played":"-8491493167449225058","potions_obtained":[{"floor":1.0,"key":"PowerPotion"},{"floor":6.0,"key":"LiquidBronze"},{"floor":13.0,"key":"Strength Potion"},{"floor":14,"key":"Elixir"},{"floor":22,"key":"BottledMiracle"}],"is_trial":false,"path_per_floor":["M","M","?","?","?","E","M","PTL","PTL","R","T","M","M","?","$","M","R","B",null,"M","M","M","M"],"character_chosen":"WATCHER","items_purchased":["Lee\u0027s Waffle","LessonLearned"],"campfire_rested":0,"item_purchase_floors":[15,15],"current_hp_per_floor":[57,51,44,33,33,33,32,32,32,32,32,32,29,11,79,70,70,12,79,79,65,11,0,0],"gold":183,"neow_bonus":"BOSS_RELIC","is_daily":false,"chose_seed":false,"campfire_upgraded":2,"win_rate":0.0,"timestamp":1611126724,"path_taken":["M","M","?","?","?","E","M","PTL","PTL","R","T","M","?","?","$","M","R","BOSS","M","?","M","M"],"items_purchased_type":["Relic","Card"],"build_version":"2020-12-22","purchased_purges":0,"victory":false,"max_hp_per_floor":[72,72,72,72,72,72,72,72,72,72,72,72,72,72,79,79,79,79,79,79,79,79,79,79],"relic_stats":{"Lee\u0027s Waffle":68,"counters":[12,47],"VioletLotus":[2],"obtain_stats":[{"Lee\u0027s Waffle":15,"hubris:VirtuousBlindfold":0,"hubris:DeckOfHolding":6,"VioletLotus":19,"PureWater":0},{"Lee\u0027s Waffle":6,"hubris:VirtuousBlindfold":0,"hubris:DeckOfHolding":3,"VioletLotus":8,"PureWater":0},{"Lee\u0027s Waffle":18,"hubris:VirtuousBlindfold":0,"hubris:DeckOfHolding":9,"VioletLotus":33,"PureWater":0}]},"card_choices":[{"not_picked":["Replay:Battleflow","Replay:BluntJabs"],"picked":"ReachHeaven","floor":1.0},{"not_picked":["FlyingSleeves","JustLucky"],"picked":"FollowUp","floor":2.0},{"not_picked":["FlurryOfBlows","CutThroughFate"],"picked":"Wireheading","floor":6.0},{"not_picked":["WheelKick","Conclude"],"picked":"Crescendo","floor":7.0},{"not_picked":["MentalFortress","WheelKick","CrushJoints"],"picked":"SKIP","floor":12.0},{"not_picked":["Tantrum","Evaluate"],"picked":"Replay:AtTheReady","floor":13.0},{"not_picked":["Crescendo","FollowUp"],"picked":"Indignation","floor":16},{"not_picked":["Devotion","ConjureBlade"],"picked":"Alpha","floor":18},{"not_picked":["SashWhip+1","WindmillStrike","FlurryOfBlows+1"],"picked":"SKIP","floor":20},{"not_picked":["ThirdEye","Fasting2","SashWhip"],"picked":"SKIP","floor":21},{"not_picked":["Evaluate+1","Crescendo","Replay:ManipulateFuture"],"picked":"SKIP","floor":22}],"player_experience":755480,"relics_obtained":[{"floor":6.0,"key":"hubris:DeckOfHolding"}],"event_choices":[{"cards_removed":["Strike_P"],"damage_healed":0.0,"max_hp_gain":0.0,"max_hp_loss":0.0,"gold_gain":0.0,"event_name":"Golden Wing","player_choice":"Card Removal","floor":3.0,"gold_loss":0.0,"damage_taken":7.0},{"damage_healed":0.0,"max_hp_gain":0.0,"max_hp_loss":0.0,"gold_gain":75.0,"event_name":"betterThird:BetterGoop","player_choice":"Gold","floor":4.0,"gold_loss":0.0,"damage_taken":11.0},{"damage_healed":0.0,"max_hp_gain":0.0,"max_hp_loss":0.0,"gold_gain":0.0,"event_name":"Upgrade Shrine","player_choice":"Upgraded","floor":5.0,"gold_loss":0.0,"damage_taken":0.0,"cards_upgraded":["Eruption"]}],"is_beta":false,"boss_relics":[{"not_picked":["Snecko Eye","Replay:Ancient Bell"],"picked":"VioletLotus"}],"items_purged_floors":[],"is_endless":false,"potions_floor_spawned":[1,6,13,22],"killed_by":"Shelled Parasite and Fungi","ascension_level":0}}