{"host":"840yoaz69lavfcgt","time":1611180540,"event":{"mods":["BaseMod","Colored Powertips","DeckTracker","Highlight Path","Minty Spire (QoL Compilation)","Synergy Search"],"gold_per_floor":[212,232,232,232,304,304,322,337,337,351,395,420,22,58,58,178,178,197,220,236,256,279,279,279],"floor_reached":23,"language":"ENG","playtime":1852,"items_purged":["Injury"],"score":207,"play_id":"bd41785e-d32e-4619-af7e-0e2fc00898fe","local_time":"20210120170900","is_ascension_mode":false,"campfire_choices":[{"data":"Streamline","floor":6.0,"key":"SMITH"},{"floor":15,"key":"REST"}],"circlet_count":0,"master_deck":["Strike_B","Strike_B","Strike_B","Strike_B","Defend_B","Defend_B","Defend_B","Defend_B","Zap","Dualcast","Loop","Streamline+1","Self Repair","Cold Snap","Force Field","Go for the Eyes","Self Repair","Sunder","Skim","Compile Driver","Amplify","Rebound+1","Redo","Force Field","Genetic Algorithm+1","Self Repair"],"relics":["Cracked Core","Golden Idol","Singing Bowl","Symbiotic Virus","Ancient Tea Set","Toy Ornithopter","Happy Flower","SlaversCollar"],"acts_visited":["Exordium","TheCity"],"potions_floor_usage":[12,12,19,23],"damage_taken":[{"damage":1.0,"enemies":"Jaw Worm","floor":1.0,"turns":3.0},{"damage":0.0,"enemies":"Cultist","floor":2.0,"turns":4.0},{"damage":17.0,"enemies":"Small Slimes","floor":7.0,"turns":3.0},{"damage":13,"enemies":"2 Fungi Beasts","floor":8,"turns":5},{"damage":20,"enemies":"Exordium Thugs","floor":10,"turns":5},{"damage":19,"enemies":"3 Sentries","floor":11,"turns":8},{"damage":16,"enemies":"Large Slime","floor":12,"turns":3},{"damage":12,"enemies":"Lagavulin","floor":14,"turns":6},{"damage":44,"enemies":"Hexaghost","floor":16,"turns":12},{"damage":23,"enemies":"2 Thieves","floor":18,"turns":4},{"damage":22,"enemies":"Chosen","floor":19,"turns":5},{"damage":26,"enemies":"Snecko","floor":20,"turns":5},{"damage":29,"enemies":"Snake Plant","floor":21,"turns":5},{"damage":31,"enemies":"Sentry and Sphere","floor":22,"turns":6},{"damage":33,"enemies":"Book of Stabbing","floor":23,"turns":4}],"seed_played":"6056155832533263156","potions_obtained":[{"floor":7.0,"key":"Fruit Juice"},{"floor":11,"key":"AttackPotion"},{"floor":16,"key":"SpeedPotion"},{"floor":18,"key":"Energy Potion"},{"floor":20,"key":"EssenceOfDarkness"},{"floor":21,"key":"SkillPotion"}],"is_trial":false,"path_per_floor":["M","M","?","T","?","R","M","M","T","M","E","M","$","E","R","B",null,"M","M","M","M","M","E"],"character_chosen":"DEFECT","items_purchased":["Self Repair","Toy Ornithopter","Sunder","Skim"],"campfire_rested":1,"item_purchase_floors":[13,13,13,13],"current_hp_per_floor":[74,74,74,74,74,74,57,51,51,38,28,24,24,26,50,13,82,73,70,58,43,26,0,0],"gold":279,"neow_bonus":"HUNDRED_GOLD","is_daily":false,"chose_seed":false,"campfire_upgraded":1,"win_rate":0.0,"timestamp":1611180540,"path_taken":["M","M","?","?","?","R","M","?","T","M","E","M","?","E","R","BOSS","M","?","M","M","M","E"],"items_purchased_type":["Card","Relic","Card","Card"],"build_version":"2020-12-22","purchased_purges":1,"victory":false,"max_hp_per_floor":[75,75,75,75,75,75,75,75,75,75,77,82,82,82,82,82,82,82,82,82,82,82,82,82],"card_choices":[{"not_picked":["Beam Cell","Undo"],"picked":"Loop","floor":1.0},{"not_picked":["Turbo","Fusion"],"picked":"Streamline","floor":2.0},{"not_picked":["Streamline","Beam Cell"],"picked":"Self Repair","floor":7.0},{"not_picked":["Blizzard","Stack"],"picked":"Cold Snap","floor":8},{"not_picked":["Rebound","Loop"],"picked":"Force Field","floor":10},{"not_picked":["Cold Snap","Streamline","Melter"],"picked":"Singing Bowl","floor":11},{"not_picked":["Sweeping Beam","Reprogram"],"picked":"Go for the Eyes","floor":12},{"not_picked":["Genetic Algorithm","Amplify"],"picked":"Compile Driver","floor":14},{"not_picked":["Fission","Machine Learning"],"picked":"Amplify","floor":16},{"not_picked":["Steam","Cold Snap"],"picked":"Rebound+1","floor":18},{"not_picked":["Steam","Barrage+1"],"picked":"Redo","floor":19},{"not_picked":["Glacier+1","Streamline"],"picked":"Force Field","floor":20},{"not_picked":["Compile Driver","Gash"],"picked":"Genetic Algorithm+1","floor":21},{"not_picked":["Coolheaded","Conserve Battery"],"picked":"Self Repair","floor":22}],"player_experience":230706,"relics_obtained":[{"floor":4.0,"key":"Singing Bowl"},{"floor":9,"key":"Symbiotic Virus"},{"floor":11,"key":"Ancient Tea Set"},{"floor":14,"key":"Happy Flower"}],"event_choices":[{"damage_healed":0.0,"max_hp_gain":0.0,"max_hp_loss":0.0,"gold_gain":0.0,"event_name":"Golden Idol","player_choice":"Take Wound","floor":3.0,"gold_loss":0.0,"damage_taken":0.0,"relics_obtained":["Golden Idol"],"cards_obtained":["Injury"]},{"damage_healed":0.0,"max_hp_gain":0.0,"max_hp_loss":0.0,"gold_gain":72.0,"event_name":"Golden Wing","player_choice":"Gained Gold","floor":5.0,"gold_loss":0.0,"damage_taken":0.0}],"is_beta":false,"boss_relics":[{"not_picked":["Fusion Hammer","Empty Cage"],"picked":"SlaversCollar"}],"items_purged_floors":[13],"is_endless":false,"potions_floor_spawned":[7,11,16,18,20,21],"killed_by":"Book of Stabbing","ascension_level":0}}