{"host":"v12rs5fa82x0s25t","time":1611113833,"event":{"mods":["BaseMod","Colored Map","Downfall","Minty Spire (QoL Compilation)","StSLib","The Cursed"],"gold_per_floor":[99,109,128,44,57,69,69,69,83,83,98,109,122,152,152,254,254,254,270,270,290,290,18,42,57,57,67,67,67,77,109,120,222,222,222,237,41,52,72,92,92,105,105,122,122,141,141,141,155,155,155,155],"floor_reached":50,"language":"ENG","playtime":13131,"items_purged":[],"score":678,"play_id":"291dd058-bbf7-4757-a807-ffce122f7f9c","local_time":"20210119223713","is_ascension_mode":false,"campfire_choices":[{"data":"hexamod:Sear","floor":1.0,"key":"SMITH"},{"data":"hexamod:EmpoweredFlame","floor":8.0,"key":"SMITH"},{"data":"hexamod:ForkedFlame","floor":18.0,"key":"SMITH"},{"data":"hexamod:SoulSteal","floor":26.0,"key":"SMITH"},{"floor":29.0,"key":"REST"},{"data":"hexamod:SearingWound","floor":35.0,"key":"SMITH"},{"floor":43,"key":"REST"},{"floor":45,"key":"REST"}],"circlet_count":0,"master_deck":["hexamod:Strike","hexamod:Defend","hexamod:Defend","hexamod:Defend","hexamod:Defend","hexamod:Sear+1","hexamod:Float","hexamod:BurningTouch","hexamod:AdvancingGuard","hexamod:RadiantFlame","hexamod:EmpoweredFlame+1","hexamod:EmpoweredFlame+1","hexamod:FourthSeal","hexamod:HexaLevel","hexamod:Firestarter","hexamod:HauntingEcho","TheCursedMod:Dregs","hexamod:InspiringFlames","hexamod:FirstSeal","hexamod:RainOfEmbers","hexamod:Again","hexamod:ThirdSeal","hexamod:Rewind","hexamod:Firestarter","hexamod:TimeOfNeed","hexamod:ForkedFlame+1","hexamod:FirstSeal","hexamod:SoulSteal+1","hexamod:ExtraCrispy","hexamod:HauntingEcho","hexamod:Rewind","hexamod:ChargedBarrage","Transmutation","hexamod:HeatShield","hexamod:InspiringFlames","hexamod:FastForward+1","hexamod:EmpoweredFlame","Clumsy","hexamod:TimeOfNeed","hexamod:RetreatToShadows","hexamod:StepThrough","hexamod:SearingWound+1","hexamod:HexaLevel","hexamod:StepThrough","hexamod:GhostflameBarrier+1","hexamod:SixthSeal","hexamod:SpectersWail","hexamod:PhantomCloak","hexamod:SpectralAdrenaline+1","hexamod:FirstSeal","hexamod:SoulSteal+1","hexamod:ThermalTransfer","hexamod:VolcanoVisage","Normality","downfall:Aged","downfall:Haunted","hexamod:SoulSteal+1"],"relics":["hexamod:SpiritBrand","Blood Vial","Mummified Hand","Runic Pyramid","hexamod:MatchstickCase","White Beast Statue","Black Star","Toy Ornithopter","Pantograph","Darkstone Periapt"],"acts_visited":["Exordium","TheCity","TheBeyond"],"potions_floor_usage":[44,44,44,46,50],"damage_taken":[{"damage":1.0,"enemies":"2 Louse","floor":2.0,"turns":3.0},{"damage":0.0,"enemies":"Cultist","floor":3.0,"turns":3.0},{"damage":0.0,"enemies":"downfall:FleeingMerchant","floor":4.0,"turns":4.0},{"damage":5.0,"enemies":"Small Slimes","floor":5.0,"turns":4.0},{"damage":11.0,"enemies":"3 Louse","floor":6.0,"turns":5.0},{"damage":9.0,"enemies":"Gremlin Gang","floor":9.0,"turns":5.0},{"damage":11.0,"enemies":"Red Slaver","floor":11.0,"turns":4.0},{"damage":2.0,"enemies":"3 Louse","floor":12.0,"turns":4.0},{"damage":4.0,"enemies":"Blue Slaver","floor":13.0,"turns":4.0},{"damage":11.0,"enemies":"Gremlin Nob","floor":14.0,"turns":3.0},{"damage":3.0,"enemies":"Red Slaver","floor":15.0,"turns":4.0},{"damage":43.0,"enemies":"SI_SHIV_ARCHETYPE","floor":16.0,"turns":7.0},{"damage":0.0,"enemies":"Chosen","floor":19.0,"turns":3.0},{"damage":26.0,"enemies":"3 Byrds","floor":20.0,"turns":4.0},{"damage":27.0,"enemies":"Snake Plant","floor":21.0,"turns":3.0},{"damage":9.0,"enemies":"downfall:FleeingMerchant","floor":23.0,"turns":4.0},{"damage":9.0,"enemies":"Sentry and Sphere","floor":25.0,"turns":5.0},{"damage":29.0,"enemies":"Snecko","floor":27.0,"turns":6.0},{"damage":12.0,"enemies":"Centurion and Healer","floor":30.0,"turns":6.0},{"damage":2.0,"enemies":"Book of Stabbing","floor":31.0,"turns":4.0},{"damage":15.0,"enemies":"Snake Plant","floor":32.0,"turns":3.0},{"damage":24.0,"enemies":"WA_ARCHETYPE_CALM","floor":33.0,"turns":7.0},{"damage":53.0,"enemies":"3 Shapes","floor":36.0,"turns":5.0},{"damage":15.0,"enemies":"downfall:FleeingMerchant","floor":37.0,"turns":4.0},{"damage":47.0,"enemies":"Orb Walker","floor":38.0,"turns":6.0},{"damage":45.0,"enemies":"Transient","floor":39.0,"turns":5.0},{"damage":16.0,"enemies":"Jaw Worm Horde","floor":40.0,"turns":3.0},{"damage":25.0,"enemies":"4 Shapes","floor":42.0,"turns":7.0},{"damage":65,"enemies":"Writhing Mass","floor":44,"turns":6},{"damage":22,"enemies":"3 Darklings","floor":46,"turns":6},{"damage":65,"enemies":"Jaw Worm Horde","floor":49,"turns":5},{"damage":185,"enemies":"IC_BLOCK_ARCHETYPE","floor":50,"turns":4}],"seed_played":"-3359338201120531086","potions_obtained":[{"floor":3.0,"key":"sneckomod:MuddlingPotion"},{"floor":5.0,"key":"FearPotion"},{"floor":9.0,"key":"DistilledChaos"},{"floor":11.0,"key":"DistilledChaos"},{"floor":11.0,"key":"hexamod:InfernoChargePotion"},{"floor":12.0,"key":"Energy Potion"},{"floor":12.0,"key":"BlessingOfTheForge"},{"floor":14.0,"key":"SkillPotion"},{"floor":15.0,"key":"FairyPotion"},{"floor":16.0,"key":"CultistPotion"},{"floor":19.0,"key":"FairyPotion"},{"floor":21.0,"key":"bronze:BurnAndBuffPotion"},{"floor":23.0,"key":"Weak Potion"},{"floor":25.0,"key":"SteroidPotion"},{"floor":25.0,"key":"hexamod:InfernoChargePotion"},{"floor":27.0,"key":"Energy Potion"},{"floor":30.0,"key":"Swift Potion"},{"floor":32.0,"key":"LiquidMemories"},{"floor":33.0,"key":"SteroidPotion"},{"floor":36.0,"key":"Explosive Potion"},{"floor":37.0,"key":"SpeedPotion"},{"floor":38.0,"key":"LiquidBronze"},{"floor":39.0,"key":"Energy Potion"},{"floor":39.0,"key":"BlessingOfTheForge"},{"floor":40.0,"key":"LiquidBronze"},{"floor":42,"key":"hexamod:DoubleChargePotion"},{"floor":42,"key":"Fire Potion"},{"floor":44,"key":"Fire Potion"},{"floor":46,"key":"LiquidMemories"},{"floor":46,"key":"DuplicationPotion"},{"floor":49,"key":"champ:CounterPotion"}],"is_trial":false,"path_per_floor":["R","M","M","$","M","M","T","R","M","?","M","M","M","E","M","B",null,"R","M","M","M","?","$","T","M","R","M","?","R","M","E","M","B",null,"R","M","$","M","M","M","T","M","R","M","R","M","?","?","M","B"],"character_chosen":"THE_SPIRIT","items_purchased":["hexamod:EmpoweredFlame","Transmutation","hexamod:HeatShield","Toy Ornithopter","hexamod:SpectersWail"],"campfire_rested":3,"item_purchase_floors":[4,23,23,37,37],"current_hp_per_floor":[77,76,76,76,71,60,60,60,53,53,44,51,56,54,60,26,77,77,77,65,47,33,33,33,40,40,27,27,51,55,62,49,41,82,82,29,16,32,38,24,24,32,56,22,46,45,72,90,25,0,0,0],"gold":155,"neow_bonus":"TEN_PERCENT_HP_BONUS","is_daily":false,"chose_seed":false,"campfire_upgraded":5,"win_rate":0.0,"timestamp":1611113833,"path_taken":["R","M","M","$","M","M","T","R","M","?","M","M","?","E","M","BOSS","R","M","M","M","?","$","T","M","R","M","?","R","M","E","M","BOSS","R","M","$","M","?","M","T","M","R","M","R","M","?","?","M","BOSS"],"items_purchased_type":["Card","Card","Card","Relic","Card"],"build_version":"2020-12-22","purchased_purges":0,"victory":false,"max_hp_per_floor":[77,77,77,77,77,77,77,77,77,77,77,77,77,77,77,77,77,77,77,77,77,82,82,82,82,82,82,82,82,82,82,82,82,82,82,82,82,82,82,82,82,82,82,82,82,82,72,90,90,90,90,90],"card_choices":[{"not_picked":["hexamod:NightmareStrike","hexamod:HeatShield"],"picked":"hexamod:BurningTouch","floor":2.0},{"not_picked":["hexamod:NightmareStrike","hexamod:ThermalTransfer"],"picked":"hexamod:AdvancingGuard","floor":3.0},{"not_picked":["hexamod:DynamicBlow","hexamod:NightmareGuise"],"picked":"hexamod:RadiantFlame","floor":4.0},{"not_picked":["hexamod:NightmareGuise","hexamod:Hexaguard"],"picked":"hexamod:EmpoweredFlame","floor":5.0},{"not_picked":["hexamod:Haunt","hexamod:GhostLash"],"picked":"hexamod:FourthSeal","floor":6.0},{"not_picked":["hexamod:BacktrackSmack","hexamod:RainOfEmbers"],"picked":"hexamod:HexaLevel","floor":9.0},{"not_picked":["hexamod:FourthSeal","hexamod:GhostOfSpirePast"],"picked":"hexamod:FirstSeal","floor":11.0},{"not_picked":["hexamod:SpectersWail","hexamod:Firestarter"],"picked":"hexamod:RainOfEmbers","floor":12.0},{"not_picked":["hexamod:EtherealExpedition","hexamod:NightmareStrike"],"picked":"hexamod:Again","floor":13.0},{"not_picked":["hexamod:GhostflameBarrier","hexamod:GhostOfSpireFuture"],"picked":"hexamod:ThirdSeal","floor":14.0},{"not_picked":["hexamod:HeatMetal","hexamod:InspiringFlames"],"picked":"hexamod:Rewind","floor":15.0},{"not_picked":["hexamod:RecurringNightmare","hexamod:HeatMetal"],"picked":"hexamod:Firestarter","floor":15.0},{"not_picked":["hexamod:SixthSeal","hexamod:TimeWarp"],"picked":"hexamod:TimeOfNeed","floor":16.0},{"not_picked":["hexamod:ParanormalForm","hexamod:TimeWarp"],"picked":"hexamod:ForkedFlame","floor":16.0},{"not_picked":["hexamod:AdvancingGuard","hexamod:FourthSeal"],"picked":"hexamod:FirstSeal","floor":19.0},{"not_picked":["hexamod:RetreatToShadows","hexamod:CatchUp"],"picked":"hexamod:SoulSteal","floor":20.0},{"not_picked":["hexamod:BurningTouch","hexamod:RetreatToShadows"],"picked":"hexamod:ExtraCrispy","floor":20.0},{"not_picked":["hexamod:Firestarter","hexamod:NightmareStrike"],"picked":"hexamod:HauntingEcho","floor":21.0},{"not_picked":["hexamod:HeatMetal","hexamod:AdvancingGuard","hexamod:InspiringFlames+1"],"picked":"SKIP","floor":21.0},{"not_picked":["hexamod:ParanormalForm","hexamod:HeatMetal"],"picked":"hexamod:Rewind","floor":23.0},{"not_picked":["hexamod:NightmareGuise","hexamod:BacktrackSmack"],"picked":"hexamod:ChargedBarrage","floor":23.0},{"not_picked":["hexamod:Haunt","hexamod:Incineration"],"picked":"hexamod:InspiringFlames","floor":25.0},{"not_picked":["hexamod:HeatShield","hexamod:StepThrough+1"],"picked":"hexamod:FastForward+1","floor":27.0},{"not_picked":["hexamod:BurningTouch+1","hexamod:GhostflameBarrier+1"],"picked":"hexamod:EmpoweredFlame","floor":27.0},{"not_picked":["hexamod:SwordOfDarkness","hexamod:FourthSeal"],"picked":"hexamod:TimeOfNeed","floor":30.0},{"not_picked":["hexamod:InspiringFlames","hexamod:AdvancingGuard","hexamod:GhostLash+1"],"picked":"SKIP","floor":30.0},{"not_picked":["hexamod:InspiringFlames","hexamod:RecurringNightmare"],"picked":"hexamod:RetreatToShadows","floor":31.0},{"not_picked":["hexamod:BurningTouch","hexamod:SwordOfDarkness"],"picked":"hexamod:StepThrough","floor":32.0},{"not_picked":["hexamod:Firestarter","hexamod:SwordOfDarkness","hexamod:BacktrackSmack"],"picked":"SKIP","floor":32.0},{"not_picked":["hexamod:TimeWarp","hexamod:GhostOfSpirePresent"],"picked":"hexamod:SearingWound","floor":33.0},{"not_picked":["hexamod:FlameSwitch","hexamod:UnleashSpirits"],"picked":"hexamod:HexaLevel","floor":33.0},{"not_picked":["hexamod:GhostShield+1","hexamod:Firestarter+1"],"picked":"hexamod:StepThrough","floor":36.0},{"not_picked":["hexamod:InspiringFlames+1","hexamod:Hexaguard"],"picked":"hexamod:GhostflameBarrier+1","floor":36.0},{"not_picked":["hexamod:GhostLash","hexamod:ExtraCrispy"],"picked":"hexamod:SixthSeal","floor":37.0},{"not_picked":["hexamod:ThermalTransfer","hexamod:NightmareStrike"],"picked":"hexamod:PhantomCloak","floor":38.0},{"not_picked":["hexamod:NightmareStrike","hexamod:Haunt"],"picked":"hexamod:SpectralAdrenaline+1","floor":39.0},{"not_picked":["hexamod:EtherealExpedition+1","hexamod:EmpoweredFlame+1"],"picked":"hexamod:FirstSeal","floor":40.0},{"not_picked":["hexamod:ThermalTransfer+1","hexamod:BacktrackSmack+1"],"picked":"hexamod:SoulSteal+1","floor":42},{"not_picked":["hexamod:InspiringFlames+1","hexamod:PhantomCloak+1"],"picked":"hexamod:ThermalTransfer","floor":44},{"not_picked":["hexamod:NightmareStrike+1","hexamod:HauntingEcho"],"picked":"hexamod:VolcanoVisage","floor":44},{"not_picked":["hexamod:HauntingEcho","hexamod:NecessarySacrifice","hexamod:SpectralAdrenaline"],"picked":"SKIP","floor":46},{"not_picked":["hexamod:SwordOfDarkness","hexamod:HauntingEcho"],"picked":"hexamod:SoulSteal+1","floor":49}],"player_experience":620290,"relics_obtained":[{"floor":7.0,"key":"Blood Vial"},{"floor":14.0,"key":"Mummified Hand"},{"floor":24.0,"key":"hexamod:MatchstickCase"},{"floor":31.0,"key":"White Beast Statue"},{"floor":41.0,"key":"Pantograph"}],"event_choices":[],"is_beta":false,"boss_relics":[{"not_picked":["Astrolabe","Cursed Key"],"picked":"Runic Pyramid"},{"not_picked":["Sozu","Empty Cage"],"picked":"Black Star"}],"items_purged_floors":[],"is_endless":false,"potions_floor_spawned":[3,5,9,11,12,15,21,25,30,32,33,36,37,38,39,40,42,44,46,49],"killed_by":"IC_BLOCK_ARCHETYPE","ascension_level":0}}