{"host":"6drv1qzpbnls60z2","time":1611152092,"event":{"mods":["ATMod(°¢èªMod)","Act Like it!","Arknights The Spire","BaseMod","Hallownest","Luminous","Minty Spire (QoL Compilation)","Reimu£¨²©ÀöÁéÃÎ£©","Replay The Spire","Shop Mod","Spicy Shops","StSLib","TheWitcher","Uncapped","¡¾ÒÅÎï¿¨ÅÆ¡¿REMEMod","²ÐÁôÖ®Îï","óô»ðÖ¸ÄÏ"],"gold_per_floor":[116,134,6,24,0,0,0],"floor_reached":6,"language":"ZHS","playtime":594,"items_purged":[],"score":172,"play_id":"7b9af7c8-a159-4106-a892-4001983b8f63","local_time":"20210120221452","is_ascension_mode":true,"campfire_choices":[],"circlet_count":0,"master_deck":["AscendersBane","ats:Strike C","ats:Strike G","ats:Strike S","ats:Strike V","ats:Armor Crushing Shot","ats:Defend","ats:Defend","ats:Defend","ats:Defend","ats:Emotion Absorption","AT_FamilyPortrait","ats:Roar Of Ursus","PlaceholderMod:Sweep","ats:Shell Defense","ats:Overload","AT_LightSaberMaster","AlertArray:ReiMu","ats:Closed Bolt Burst Fire"],"relics":["ats:Sanity","AT_ATBox","REME_ComplimentaryCards"],"acts_visited":["Exordium"],"potions_floor_usage":[6],"damage_taken":[{"damage":15,"enemies":"Cultist","floor":1,"turns":5},{"damage":11,"enemies":"2 Louse","floor":2,"turns":3},{"damage":25,"enemies":"Small Slimes","floor":4,"turns":4},{"damage":12,"enemies":"Looter","floor":5,"turns":4},{"damage":32,"enemies":"Replay:BlueRogue","floor":6,"turns":9}],"seed_played":"-4688193180728364205","potions_obtained":[{"floor":2,"key":"LifebloodPotion"},{"floor":4,"key":"Elixir"}],"is_trial":true,"path_per_floor":["M","M","$","M","M","E"],"character_chosen":"DOCTOR_CLASS","items_purchased":["ats:Overload","AT_LightSaberMaster"],"campfire_rested":0,"item_purchase_floors":[3,3],"current_hp_per_floor":[52,43,43,20,13,0,0],"gold":0,"neow_bonus":"","is_daily":false,"chose_seed":false,"campfire_upgraded":0,"win_rate":0.0,"timestamp":1611152092,"path_taken":["M","M","$","M","M","E"],"items_purchased_type":["Card","Card"],"build_version":"2020-12-22","purchased_purges":0,"victory":false,"max_hp_per_floor":[74,76,76,76,76,76,76],"card_choices":[{"not_picked":["PlaceholderMod:SpinBlade","PayForSelf:ReiMu"],"picked":"PlaceholderMod:Sweep","floor":1},{"not_picked":["ats:Explosion Area Strengthen","SpringWay:ReiMu"],"picked":"ats:Shell Defense","floor":2},{"not_picked":["ats:Soul Absorption","WonderfulDomain:ReiMu"],"picked":"AlertArray:ReiMu","floor":4},{"not_picked":["PhosphorusFlame:ReiMu","PlaceholderMod:Internalization"],"picked":"ats:Closed Bolt Burst Fire","floor":5}],"player_experience":91379,"relics_obtained":[],"event_choices":[],"is_beta":false,"boss_relics":[],"items_purged_floors":[],"is_endless":true,"potions_floor_spawned":[2,4],"killed_by":"Replay:BlueRogue","ascension_level":20}}