{"host":"t7mx8yfj1no5p62f","time":1611161873,"event":{"mods":["BaseMod","Bestiary","Colored Map","Colored Powertips","Minty Spire (QoL Compilation)","Relic Stats","StSLib"],"gold_per_floor":[365,375,389,389,412,436,436,20,20,89,89,102,135,159,159,250,250,265,290,304,327,327,327,168,192,216,216,251,251,284,298,298,388,388,402,402,402,427,445,489,489,509,509,550,172,195,195,243,243,243,243,243,243,44,78,78],"floor_reached":57,"language":"ENG","playtime":3249,"items_purged":["Strike_R","Strike_R","Strike_R","Strike_R"],"score":2766,"play_id":"0d42004f-7fae-4618-9526-714f4f0e2470","local_time":"20210120115753","is_ascension_mode":true,"campfire_choices":[{"data":"Clothesline","floor":7,"key":"SMITH"},{"data":"Bash","floor":11,"key":"SMITH"},{"data":"Perfected Strike","floor":15,"key":"SMITH"},{"floor":23,"key":"REST"},{"floor":27,"key":"RECALL"},{"floor":29,"key":"REST"},{"floor":32,"key":"REST"},{"floor":41,"key":"REST"},{"floor":47,"key":"REST"},{"floor":49,"key":"REST"},{"floor":53,"key":"REST"}],"circlet_count":0,"master_deck":["AscendersBane","Strike_R","Defend_R","Defend_R","Defend_R","Defend_R","Bash+1","Body Slam","Perfected Strike+1","Clothesline+1","Rampage","Perfected Strike","Reaper+1","Anger+1","Reaper+1","Shrug It Off","True Grit","Shrug It Off","Disarm+1","Shrug It Off","Inflame+1","Pommel Strike+1","Ghostly Armor+1","Spot Weakness","Impervious","Second Wind","Power Through","Magnetism","Master of Strategy","True Grit+1","Armaments+1","Power Through","Shockwave","Exhume","Sentinel+1","Pommel Strike+1","Perfected Strike+1","Shrug It Off","Heavy Blade+1","Dual Wield","Spot Weakness"],"relics":["Burning Blood","Golden Idol","Membership Card","Vajra","Mummified Hand","Prayer Wheel","Molten Egg 2","Letter Opener","Fusion Hammer","Bag of Marbles","Happy Flower","Mango","Torii","Snecko Eye","PreservedInsect","Orichalcum","Magic Flower","Strange Spoon","Paper Frog"],"acts_visited":["Exordium","TheCity","TheBeyond","TheEnding"],"potions_floor_usage":[6,16,19,19,21,21,25,33,39,40,44,44,55,56],"damage_taken":[{"damage":3,"enemies":"2 Louse","floor":1,"turns":4},{"damage":9,"enemies":"Jaw Worm","floor":2,"turns":4},{"damage":1,"enemies":"Cultist","floor":3,"turns":3},{"damage":13,"enemies":"3 Louse","floor":5,"turns":3},{"damage":11,"enemies":"Exordium Wildlife","floor":6,"turns":4},{"damage":6,"enemies":"Looter","floor":12,"turns":3},{"damage":35,"enemies":"Lagavulin","floor":13,"turns":6},{"damage":0,"enemies":"Large Slime","floor":14,"turns":2},{"damage":38,"enemies":"Hexaghost","floor":16,"turns":8},{"damage":20,"enemies":"Chosen","floor":18,"turns":4},{"damage":51,"enemies":"3 Byrds","floor":19,"turns":6},{"damage":37,"enemies":"3 Cultists","floor":20,"turns":6},{"damage":29,"enemies":"Snake Plant","floor":21,"turns":5},{"damage":16,"enemies":"Centurion and Healer","floor":25,"turns":13},{"damage":36,"enemies":"Book of Stabbing","floor":28,"turns":6},{"damage":26,"enemies":"Gremlin Leader","floor":30,"turns":7},{"damage":28,"enemies":"Sentry and Sphere","floor":31,"turns":7},{"damage":93,"enemies":"Collector","floor":33,"turns":11},{"damage":1,"enemies":"Orb Walker","floor":35,"turns":4},{"damage":1,"enemies":"3 Darklings","floor":38,"turns":4},{"damage":1,"enemies":"Spire Growth","floor":39,"turns":4},{"damage":86,"enemies":"Giant Head","floor":40,"turns":12},{"damage":17,"enemies":"Maw","floor":42,"turns":5},{"damage":37,"enemies":"Reptomancer","floor":44,"turns":7},{"damage":1,"enemies":"4 Shapes","floor":46,"turns":7},{"damage":0,"enemies":"Spire Growth","floor":48,"turns":3},{"damage":38,"enemies":"Time Eater","floor":50,"turns":10},{"damage":12,"enemies":"Awakened One","floor":51,"turns":13},{"damage":68,"enemies":"Shield and Spear","floor":55,"turns":8},{"damage":86,"enemies":"The Heart","floor":56,"turns":10}],"seed_played":"-4498986855319114162","potions_obtained":[{"floor":1,"key":"Swift Potion"},{"floor":6,"key":"FearPotion"},{"floor":12,"key":"FairyPotion"},{"floor":18,"key":"EntropicBrew"},{"floor":19,"key":"Swift Potion"},{"floor":31,"key":"Weak Potion"},{"floor":33,"key":"EssenceOfSteel"},{"floor":38,"key":"Block Potion"},{"floor":40,"key":"ColorlessPotion"},{"floor":42,"key":"Swift Potion"},{"floor":44,"key":"Regen Potion"},{"floor":55,"key":"Swift Potion"}],"is_trial":false,"path_per_floor":["M","M","M","?","M","M","R","$","T","T","R","M","E","M","R","B",null,"M","M","M","M","?","R","$","M","T","R","E","R","E","M","R","B",null,"M","?","?","M","M","E","R","M","T","E","$","M","R","M","R","B","B",null,"R","$","E","B",null],"character_chosen":"IRONCLAD","items_purchased":["Membership Card","Vajra","Mummified Hand","Bag of Marbles","BlessingOfTheForge","Magic Flower","Pommel Strike+1","Perfected Strike+1","Shrug It Off","CultistPotion","Strange Spoon","Dual Wield"],"campfire_rested":7,"item_purchase_floors":[8,8,8,24,24,45,45,45,45,45,54,54],"current_hp_per_floor":[53,50,55,55,48,43,43,43,43,43,43,43,20,26,26,26,58,54,27,29,15,29,49,49,57,57,57,59,82,62,49,73,7,63,82,72,72,82,82,9,33,38,38,78,78,82,82,82,82,80,82,82,82,82,67,61],"gold":78,"neow_bonus":"TWO_FIFTY_GOLD","is_daily":false,"chose_seed":false,"campfire_upgraded":3,"win_rate":0.0,"timestamp":1611161873,"path_taken":["M","M","M","?","M","M","R","$","T","?","R","M","E","M","R","BOSS","M","?","M","M","?","R","$","M","T","R","E","R","E","M","R","BOSS","M","?","?","M","M","E","R","M","T","E","$","M","R","M","R","BOSS","BOSS","R","$","E","BOSS"],"items_purchased_type":["Relic","Relic","Relic","Relic","Potion","Relic","Card","Card","Card","Potion","Relic","Card"],"build_version":"2020-12-22","purchased_purges":4,"victory":true,"max_hp_per_floor":[75,75,75,68,68,68,68,68,68,68,68,68,68,68,68,68,68,68,68,68,68,68,68,68,68,68,68,82,82,82,82,82,82,82,82,82,82,82,82,82,82,82,82,82,82,82,82,82,82,82,82,82,82,82,82,82],"relic_stats":{"Happy Flower":[39],"Torii":52,"counters":[30,189],"Golden Idol":204,"Magic Flower":[51],"PreservedInsect":138,"Letter Opener":[391],"Orichalcum":[54],"Burning Blood":159,"Strange Spoon":[14],"Mummified Hand":[55],"Snecko Eye":[184,169,172,168],"Prayer Wheel":14,"obtain_stats":[{"Happy Flower":26,"Torii":30,"Golden Idol":4,"Vajra":8,"Magic Flower":45,"Mango":28,"PreservedInsect":40,"Letter Opener":13,"Orichalcum":44,"Burning Blood":0,"Strange Spoon":54,"Mummified Hand":8,"Snecko Eye":34,"Prayer Wheel":9,"Molten Egg 2":10,"Fusion Hammer":17,"Bag of Marbles":24,"Membership Card":8,"Paper Frog":55},{"Happy Flower":14,"Torii":16,"Golden Idol":3,"Vajra":5,"Magic Flower":24,"Mango":15,"PreservedInsect":22,"Letter Opener":7,"Orichalcum":24,"Burning Blood":0,"Strange Spoon":28,"Mummified Hand":5,"Snecko Eye":18,"Prayer Wheel":5,"Molten Egg 2":5,"Fusion Hammer":9,"Bag of Marbles":13,"Membership Card":5,"Paper Frog":29},{"Happy Flower":71,"Torii":84,"Golden Idol":11,"Vajra":18,"Magic Flower":138,"Mango":77,"PreservedInsect":126,"Letter Opener":27,"Orichalcum":138,"Burning Blood":0,"Strange Spoon":171,"Mummified Hand":18,"Snecko Eye":102,"Prayer Wheel":18,"Molten Egg 2":18,"Fusion Hammer":37,"Bag of Marbles":58,"Membership Card":18,"Paper Frog":179}]},"card_choices":[{"not_picked":["Heavy Blade","Armaments"],"picked":"Body Slam","floor":1},{"not_picked":["Evolve","Thunderclap"],"picked":"Perfected Strike","floor":2},{"not_picked":["Dropkick","Wild Strike"],"picked":"Clothesline","floor":3},{"not_picked":["Warcry","Sword Boomerang"],"picked":"Rampage","floor":5},{"not_picked":["Iron Wave","Body Slam"],"picked":"Perfected Strike","floor":6},{"not_picked":["Thunderclap+1","Clash+1"],"picked":"Reaper+1","floor":12},{"not_picked":["Blood for Blood+1","Sever Soul+1"],"picked":"Anger+1","floor":12},{"not_picked":["Sword Boomerang+1","Infernal Blade","Sever Soul+1"],"picked":"SKIP","floor":13},{"not_picked":["Thunderclap+1","Heavy Blade+1","Evolve"],"picked":"SKIP","floor":14},{"not_picked":["Evolve","Clash+1","Anger+1"],"picked":"SKIP","floor":14},{"not_picked":["Exhume","Offering"],"picked":"Reaper+1","floor":16},{"not_picked":["Anger+1","Cleave+1"],"picked":"Shrug It Off","floor":18},{"not_picked":["Havoc","Body Slam+1","Iron Wave+1"],"picked":"SKIP","floor":18},{"not_picked":["Perfected Strike+1","Dark Embrace"],"picked":"True Grit","floor":19},{"not_picked":["Demon Form","Cleave+1","Thunderclap+1"],"picked":"SKIP","floor":19},{"not_picked":["Bloodletting","Clothesline+1"],"picked":"Shrug It Off","floor":20},{"not_picked":["Armaments","Sentinel","Iron Wave+1"],"picked":"SKIP","floor":20},{"not_picked":["Juggernaut","Shrug It Off"],"picked":"Disarm+1","floor":21},{"not_picked":["Sword Boomerang+1","Body Slam+1","Shrug It Off"],"picked":"SKIP","floor":21},{"not_picked":["Flex","Sword Boomerang+1"],"picked":"Shrug It Off","floor":25},{"not_picked":["Sentinel","Sever Soul+1","Flex+1"],"picked":"SKIP","floor":25},{"not_picked":["Heavy Blade+1","Blood for Blood+1"],"picked":"Inflame+1","floor":28},{"not_picked":["Sentinel","Pommel Strike+1","True Grit"],"picked":"SKIP","floor":30},{"not_picked":["Sentinel","True Grit"],"picked":"Pommel Strike+1","floor":30},{"not_picked":["Flex+1","Battle Trance"],"picked":"Ghostly Armor+1","floor":31},{"not_picked":["Rampage+1","Infernal Blade"],"picked":"Spot Weakness","floor":31},{"not_picked":["Demon Form","Feed+1"],"picked":"Impervious","floor":33},{"not_picked":["Searing Blow+1","Infernal Blade+1"],"picked":"Second Wind","floor":35},{"not_picked":["True Grit+1","Sword Boomerang+1"],"picked":"Power Through","floor":35},{"not_picked":["Discovery","Jack Of All Trades"],"picked":"Magnetism","floor":36},{"not_picked":["Metamorphosis","Secret Technique"],"picked":"Master of Strategy","floor":36},{"not_picked":["Havoc+1","Perfected Strike+1"],"picked":"True Grit+1","floor":38},{"not_picked":["Evolve","Second Wind"],"picked":"Armaments+1","floor":38},{"not_picked":["Blood for Blood+1","Ghostly Armor+1"],"picked":"Power Through","floor":39},{"not_picked":["Fire Breathing","Wild Strike+1","Clothesline+1"],"picked":"SKIP","floor":39},{"not_picked":["Havoc","Headbutt+1"],"picked":"Shockwave","floor":40},{"not_picked":["Shrug It Off","Flex+1"],"picked":"Exhume","floor":42},{"not_picked":["Sword Boomerang+1","Cleave+1"],"picked":"Sentinel+1","floor":42},{"not_picked":["Headbutt+1","Power Through","Rage"],"picked":"SKIP","floor":44},{"not_picked":["Clash+1","Warcry","Armaments"],"picked":"SKIP","floor":46},{"not_picked":["Havoc","Headbutt+1","Berserk"],"picked":"SKIP","floor":46},{"not_picked":["Cleave+1","Armaments"],"picked":"Heavy Blade+1","floor":48},{"not_picked":["Headbutt+1","Shrug It Off","Battle Trance"],"picked":"SKIP","floor":48},{"not_picked":["Wild Strike+1","Heavy Blade+1"],"picked":"Spot Weakness","floor":55}],"player_experience":1798530,"relics_obtained":[{"floor":9,"key":"Prayer Wheel"},{"floor":10,"key":"Molten Egg 2"},{"floor":13,"key":"Letter Opener"},{"floor":26,"key":"Happy Flower"},{"floor":28,"key":"Mango"},{"floor":30,"key":"Torii"},{"floor":40,"key":"PreservedInsect"},{"floor":44,"key":"Orichalcum"},{"floor":55,"key":"Paper Frog"}],"event_choices":[{"damage_healed":0,"gold_gain":0,"player_choice":"Lose Max HP","damage_taken":0,"relics_obtained":["Golden Idol"],"max_hp_gain":0,"max_hp_loss":7,"event_name":"Golden Idol","floor":4,"gold_loss":0},{"damage_healed":14,"gold_gain":0,"player_choice":"Heal","damage_taken":0,"max_hp_gain":0,"max_hp_loss":0,"event_name":"The Library","floor":22,"gold_loss":0},{"damage_healed":0,"gold_gain":0,"player_choice":"Memory 3","damage_taken":10,"max_hp_gain":0,"max_hp_loss":0,"event_name":"SensoryStone","floor":36,"gold_loss":0},{"damage_healed":0,"gold_gain":0,"player_choice":"Ignored","damage_taken":0,"max_hp_gain":0,"max_hp_loss":0,"event_name":"Tomb of Lord Red Mask","floor":37,"gold_loss":0}],"is_beta":false,"boss_relics":[{"not_picked":["Calling Bell","Sozu"],"picked":"Fusion Hammer"},{"not_picked":["Coffee Dripper","SlaversCollar"],"picked":"Snecko Eye"}],"items_purged_floors":[8,24,45,54],"is_endless":false,"potions_floor_spawned":[1,6,12,13,18,19,20,31,33,38,40,42,44,55],"ascension_level":20}}