{"host":"mcmecz6ns48biz64","time":1611168386,"event":{"mods":["A Penny For Your Troubles","AchievementEnabler","Act Like it!","AlwaysNeverKeys","Ascension Unlocker","Aspiration","BaseMod","Better Note","Better Third Choice","BetterRewards","Conspire","Downfall","Energized Spire","Friendly Minions","GifTheSpireLib","Halation","Hermit","Hubris","Infinite Spire","Mimic Mod","Minty Spire (QoL Compilation)","Permanent Neow","Quick Restart","Reorder Act Four","Retaliation","Shop Mod","Spikes Relics","StSLib","Stuff the Spire","SuperFastMode","The Construct","The Necromancer","Trackpad","Transform Curses","Uncapped","vexMod"],"gold_per_floor":[99,113,133,1,1,15,15,290,303,321,121,121,121,121],"floor_reached":12,"language":"ENG","playtime":420,"items_purged":["Guardian:Strike_Guardian"],"score":140,"play_id":"230669b4-1766-4b4c-bdc4-808f16d1c31a","local_time":"20210120134626","is_ascension_mode":true,"campfire_choices":[{"data":"Guardian:CurlUp","floor":1,"key":"SMITH"},{"data":"Guardian:ShieldSpikes","floor":11,"key":"SMITH"}],"circlet_count":0,"master_deck":["AscendersBane","Guardian:Strike_Guardian","Guardian:Strike_Guardian","Guardian:Strike_Guardian","Guardian:Defend_Guardian","Guardian:Defend_Guardian","Guardian:Defend_Guardian","Guardian:Defend_Guardian","Guardian:CurlUp+1","Guardian:TwinSlam","Guardian:WalkerClaw","Guardian:FuturePlans","Guardian:ShieldSpikes+1","Guardian:ShieldCharger","Regret","Guardian:RollAttack","Guardian:Recover"],"relics":["StuffTheSpire:OccultApparatus","downfall:HeartBlessingBlue","infinitespire:EmpoweringShard","downfall:HeartBlessingGreen","downfall:HeartBlessingRed"],"acts_visited":["Exordium"],"potions_floor_usage":[],"damage_taken":[{"damage":6,"enemies":"Cultist","floor":2,"turns":4},{"damage":8,"enemies":"conspire:RoseBush","floor":3,"turns":5},{"damage":10,"enemies":"downfall:FleeingMerchant","floor":4,"turns":4},{"damage":2,"enemies":"Jaw Worm","floor":6,"turns":8},{"damage":15,"enemies":"Red Slaver","floor":9,"turns":5},{"damage":19,"enemies":"Large Slime","floor":10,"turns":7},{"damage":23,"enemies":"Lagavulin","floor":12,"turns":8}],"seed_played":"3319084297717880485","potions_obtained":[{"floor":6,"key":"EntropicBrew"},{"floor":9,"key":"Strength Potion"}],"is_trial":false,"path_per_floor":["R","M","M","$","?","M","T","?","M","M","R","E"],"character_chosen":"GUARDIAN","items_purchased":["Guardian:ShieldSpikes"],"campfire_rested":0,"item_purchase_floors":[4],"current_hp_per_floor":[75,69,61,51,51,49,49,49,34,15,15,0,0,0],"gold":121,"neow_bonus":"HUNDRED_GOLD","is_daily":false,"chose_seed":false,"campfire_upgraded":2,"win_rate":0.0,"timestamp":1611168386,"path_taken":["R","M","M","$","?","M","T","?","?","M","R","E"],"items_purchased_type":["Card"],"build_version":"2020-12-22","purchased_purges":1,"victory":false,"max_hp_per_floor":[82,82,82,82,82,82,82,82,82,82,82,82,82,82],"card_choices":[{"not_picked":["Guardian:Gem_Green","Guardian:Incinerate"],"picked":"Guardian:WalkerClaw","floor":2},{"not_picked":["Guardian:Gem_White","Guardian:Gem_Green"],"picked":"Guardian:Gem_Lightblue","floor":3},{"not_picked":["Guardian:VentSteam","Guardian:TemporalShield"],"picked":"Guardian:FuturePlans","floor":4},{"not_picked":["Guardian:Incinerate","Guardian:Reroute"],"picked":"Guardian:ShieldCharger","floor":6},{"not_picked":["Guardian:ChargeCore","Guardian:SentryBeam"],"picked":"Guardian:RollAttack","floor":9},{"not_picked":["Guardian:ShieldCharger","Guardian:TemporalShield"],"picked":"Guardian:Recover","floor":10}],"player_experience":910461,"relics_obtained":[{"floor":7,"key":"infinitespire:EmpoweringShard"}],"event_choices":[],"is_beta":false,"boss_relics":[],"items_purged_floors":[4],"is_endless":false,"potions_floor_spawned":[6,9],"killed_by":"Lagavulin","ascension_level":20}}