{"host":"13o02hya6v6rzuva","time":1611154302,"event":{"mods":["BaseMod","Minty Spire (QoL Compilation)","Relic Stats"],"gold_per_floor":[111,130,130,150,5,35,35,63,63,78,96,151,151,187,187,316,316,326,340,382,419,436,436,486,486,510,510,510,535,535,220,220,320,320,337,356,356,5,23,23,54,54,54,54,0,15,15,31,31,31,31],"floor_reached":50,"language":"ENG","playtime":4146,"items_purged":["Writhe"],"score":668,"play_id":"8d98e873-ef02-4f81-80de-ed9e3ad8bf02","local_time":"20210120155142","is_ascension_mode":true,"campfire_choices":[{"data":"BattleHymn","floor":7.0,"key":"SMITH"},{"floor":13.0,"key":"REST"},{"floor":15.0,"key":"REST"},{"floor":23,"key":"REST"},{"floor":25,"key":"REST"},{"floor":30,"key":"REST"},{"floor":32,"key":"REST"},{"floor":40,"key":"REST"},{"floor":42,"key":"RECALL"},{"data":"MasterReality","floor":44,"key":"SMITH"},{"floor":49,"key":"REST"}],"circlet_count":0,"master_deck":["Strike_P+1","Strike_P+1","Strike_P+1","Strike_P+1","Defend_P+1","Defend_P+1","Defend_P+1","Defend_P+1","Eruption","Vigilance","BowlingBash","SashWhip","Evaluate","BattleHymn+1","BowlingBash","Wish","FearNoEvil","ThirdEye","TalkToTheHand","MasterReality+1","Consecrate","Swivel+1","ThirdEye+1","Protect+1","BattleHymn+1","Dark Shackles","LikeWater","Meditate","ClearTheMind+1","Parasite","Wallop+1"],"relics":["PureWater","Bird Faced Urn","Sling","Yang","Ginger","Dream Catcher","VioletLotus","Anchor","Smiling Mask","Mercury Hourglass","DollysMirror","SlaversCollar","Membership Card","Bronze Scales","Art of War","Lantern","Toy Ornithopter","Red Mask"],"acts_visited":["Exordium","TheCity","TheBeyond"],"potions_floor_usage":[19,19,19,33,41,50,50],"damage_taken":[{"damage":4.0,"enemies":"Jaw Worm","floor":1.0,"turns":6.0},{"damage":0.0,"enemies":"Cultist","floor":2.0,"turns":3.0},{"damage":0.0,"enemies":"2 Louse","floor":4.0,"turns":1.0},{"damage":21.0,"enemies":"Gremlin Nob","floor":6.0,"turns":4.0},{"damage":14.0,"enemies":"3 Sentries","floor":8.0,"turns":5.0},{"damage":7.0,"enemies":"Blue Slaver","floor":10.0,"turns":4.0},{"damage":0.0,"enemies":"2 Fungi Beasts","floor":11.0,"turns":2.0},{"damage":9.0,"enemies":"Lagavulin","floor":12.0,"turns":6.0},{"damage":15.0,"enemies":"Exordium Wildlife","floor":14.0,"turns":4.0},{"damage":23.0,"enemies":"The Guardian","floor":16.0,"turns":9.0},{"damage":31.0,"enemies":"Shell Parasite","floor":18.0,"turns":6.0},{"damage":4,"enemies":"2 Thieves","floor":19,"turns":3},{"damage":18,"enemies":"Snecko","floor":20,"turns":5},{"damage":12,"enemies":"Chosen and Byrds","floor":21,"turns":7},{"damage":13,"enemies":"Centurion and Healer","floor":22,"turns":8},{"damage":14,"enemies":"Gremlin Leader","floor":24,"turns":6},{"damage":16,"enemies":"Book of Stabbing","floor":29,"turns":5},{"damage":43,"enemies":"Champ","floor":33,"turns":6},{"damage":0,"enemies":"Orb Walker","floor":35,"turns":4},{"damage":23,"enemies":"3 Shapes","floor":36,"turns":7},{"damage":29,"enemies":"3 Darklings","floor":39,"turns":3},{"damage":0,"enemies":"Reptomancer","floor":41,"turns":3},{"damage":30,"enemies":"Jaw Worm Horde","floor":46,"turns":5},{"damage":23,"enemies":"Writhing Mass","floor":48,"turns":8},{"damage":65,"enemies":"Time Eater","floor":50,"turns":10}],"seed_played":"5958710403503094647","potions_obtained":[{"floor":2.0,"key":"Energy Potion"},{"floor":6.0,"key":"Energy Potion"},{"floor":8.0,"key":"LiquidBronze"},{"floor":11.0,"key":"BottledMiracle"},{"floor":16.0,"key":"SkillPotion"},{"floor":29,"key":"Strength Potion"},{"floor":35,"key":"FearPotion"},{"floor":39,"key":"Fire Potion"},{"floor":46,"key":"EssenceOfSteel"}],"is_trial":false,"path_per_floor":["M","M","?","M","$","E","R","E","T","M","M","E","R","M","R","B",null,"M","M","M","M","M","R","E","R","T","?","?","E","R","$","R","B",null,"M","M","?","$","M","R","E","R","T","R","?","M","$","M","R","B"],"character_chosen":"WATCHER","items_purchased":["Sling","DollysMirror","Dark Shackles","LikeWater","Membership Card","Bronze Scales","Art of War"],"campfire_rested":8,"item_purchase_floors":[5,31,31,31,38,38,38],"current_hp_per_floor":[61,61,61,61,61,42,42,30,30,25,27,20,39,26,45,24,65,36,36,22,14,5,24,12,31,31,31,31,17,36,36,55,18,65,65,44,60,60,35,54,58,58,58,58,58,32,32,17,36,0,0],"gold":31,"neow_bonus":"ONE_RARE_RELIC","is_daily":false,"chose_seed":false,"campfire_upgraded":2,"win_rate":0.0,"timestamp":1611154302,"path_taken":["M","M","?","M","$","E","R","E","T","M","M","E","R","?","R","BOSS","M","M","M","M","M","R","E","R","T","?","?","E","R","$","R","BOSS","M","M","?","$","M","R","E","R","T","R","?","M","?","?","R","BOSS"],"items_purchased_type":["Relic","Relic","Card","Card","Relic","Relic","Relic"],"build_version":"2020-12-22","purchased_purges":1,"victory":false,"max_hp_per_floor":[65,65,65,65,65,65,65,65,65,65,65,65,65,65,65,65,65,65,65,65,65,65,65,65,65,65,65,65,65,65,65,65,65,65,65,65,65,65,65,65,65,65,65,65,65,65,65,65,65,65,65],"relic_stats":{"Dream Catcher":8,"counters":[25,130],"Bird Faced Urn":[72],"Bronze Scales":[96],"Yang":[221],"VioletLotus":[11],"Art of War":[5],"Ginger":[16],"Smiling Mask":-12,"obtain_stats":[{"Lantern":41,"Yang":6,"Ginger":8,"Sling":5,"Smiling Mask":26,"Mercury Hourglass":29,"SlaversCollar":34,"Dream Catcher":12,"Anchor":24,"DollysMirror":31,"Bird Faced Urn":0,"Bronze Scales":38,"VioletLotus":17,"Art of War":38,"Red Mask":45,"Membership Card":38,"PureWater":0,"Toy Ornithopter":43},{"Lantern":22,"Yang":4,"Ginger":5,"Sling":3,"Smiling Mask":16,"Mercury Hourglass":17,"SlaversCollar":18,"Dream Catcher":8,"Anchor":16,"DollysMirror":17,"Bird Faced Urn":0,"Bronze Scales":20,"VioletLotus":10,"Art of War":20,"Red Mask":22,"Membership Card":20,"PureWater":0,"Toy Ornithopter":22},{"Lantern":107,"Yang":14,"Ginger":19,"Sling":10,"Smiling Mask":79,"Mercury Hourglass":84,"SlaversCollar":90,"Dream Catcher":31,"Anchor":79,"DollysMirror":84,"Bird Faced Urn":0,"Bronze Scales":101,"VioletLotus":44,"Art of War":101,"Red Mask":107,"Membership Card":101,"PureWater":0,"Toy Ornithopter":107}],"Toy Ornithopter":10,"Mercury Hourglass":[175]},"card_choices":[{"not_picked":["Sanctity","Evaluate"],"picked":"BowlingBash","floor":1.0},{"not_picked":["CrushJoints","Conclude"],"picked":"SashWhip","floor":2.0},{"not_picked":["Evaluate","Prostrate"],"picked":"BattleHymn","floor":4.0},{"not_picked":["EmptyBody","Halt"],"picked":"BowlingBash","floor":6.0},{"not_picked":["Protect","CutThroughFate"],"picked":"Wish","floor":8.0},{"not_picked":["PathToVictory","ForeignInfluence"],"picked":"FearNoEvil","floor":10.0},{"not_picked":["CutThroughFate","SignatureMove"],"picked":"ThirdEye","floor":11.0},{"not_picked":["FlyingSleeves","Worship","EmptyFist"],"picked":"SKIP","floor":12.0},{"not_picked":["WheelKick","JustLucky"],"picked":"TalkToTheHand","floor":14.0},{"not_picked":["Omniscience","SpiritShield"],"picked":"MasterReality","floor":16.0},{"not_picked":["EmptyBody+1","SashWhip","Prostrate"],"picked":"SKIP","floor":18.0},{"not_picked":["EmptyBody","SandsOfTime+1","Vengeance"],"picked":"SKIP","floor":19},{"not_picked":["EmptyMind","InnerPeace+1"],"picked":"Consecrate","floor":20},{"not_picked":["Consecrate+1","Sanctity"],"picked":"Swivel+1","floor":21},{"not_picked":["WreathOfFlame","Crescendo+1"],"picked":"ThirdEye+1","floor":22},{"not_picked":["Alpha","EmptyMind","EmptyBody"],"picked":"SKIP","floor":24},{"not_picked":["WindmillStrike","WheelKick"],"picked":"Protect+1","floor":29},{"not_picked":["Prostrate","EmptyMind+1","FlurryOfBlows+1"],"picked":"SKIP","floor":35},{"not_picked":["ForeignInfluence","Weave","PathToVictory"],"picked":"SKIP","floor":36},{"not_picked":["EmptyBody+1","DeceiveReality"],"picked":"Meditate","floor":39},{"not_picked":["SashWhip","Study"],"picked":"ClearTheMind+1","floor":40},{"not_picked":["CutThroughFate+1","Judgement","SashWhip"],"picked":"SKIP","floor":41},{"not_picked":["SignatureMove+1","PathToVictory","FlyingSleeves+1"],"picked":"SKIP","floor":46},{"not_picked":["Pray+1","SignatureMove+1","Weave"],"picked":"SKIP","floor":48},{"not_picked":["DeceiveReality","Fasting2"],"picked":"Wallop+1","floor":49}],"player_experience":1135227,"relics_obtained":[{"floor":6.0,"key":"Yang"},{"floor":8.0,"key":"Ginger"},{"floor":12.0,"key":"Dream Catcher"},{"floor":24,"key":"Anchor"},{"floor":26,"key":"Smiling Mask"},{"floor":29,"key":"Mercury Hourglass"},{"floor":41,"key":"Lantern"},{"floor":43,"key":"Toy Ornithopter"}],"event_choices":[{"damage_healed":0.0,"max_hp_gain":0.0,"max_hp_loss":0.0,"gold_gain":0.0,"event_name":"Match and Keep!","player_choice":"1 cards matched","floor":3.0,"gold_loss":0.0,"damage_taken":0.0,"cards_obtained":["Evaluate"]},{"damage_healed":0,"gold_gain":0,"player_choice":"Simplicity","damage_taken":0,"max_hp_gain":0,"max_hp_loss":0,"event_name":"Back to Basics","floor":27,"gold_loss":0,"cards_upgraded":["Strike_P","Strike_P","Strike_P","Strike_P","Defend_P","Defend_P","Defend_P","Defend_P"]},{"damage_healed":0,"gold_gain":0,"player_choice":"Ignored","damage_taken":0,"max_hp_gain":0,"max_hp_loss":0,"event_name":"Cursed Tome","floor":28,"gold_loss":0},{"damage_healed":16,"gold_gain":0,"player_choice":"Writhe","damage_taken":0,"max_hp_gain":0,"max_hp_loss":0,"event_name":"Winding Halls","floor":37,"gold_loss":0,"cards_obtained":["Writhe"]},{"damage_healed":0,"gold_gain":0,"player_choice":"Paid","damage_taken":0,"relics_obtained":["Red Mask"],"max_hp_gain":0,"max_hp_loss":0,"event_name":"Tomb of Lord Red Mask","floor":45,"gold_loss":54}],"is_beta":false,"boss_relics":[{"not_picked":["SacredBark","Fusion Hammer"],"picked":"VioletLotus"},{"not_picked":["Runic Pyramid","Busted Crown"],"picked":"SlaversCollar"}],"items_purged_floors":[38],"is_endless":false,"potions_floor_spawned":[2,6,8,11,16,18,29,35,39,46],"killed_by":"Time Eater","ascension_level":4}}