{"host":"9slw7l0ws16384qq","time":1611170229,"event":{"mods":["A Penny For Your Troubles","BaseMod","Clockwork Mod","Colored Map","Evolution","Hubris","Minty Spire (QoL Compilation)","Replay The Spire","Shedinja","StS++","StSLib","The Dragon Tamer","The Marked"],"gold_per_floor":[118,48,65,65,65,65,76,76,99,111,133,143,163,88,88,186,186,203,220,120,138,149,149,349,381,381,381,381],"floor_reached":27,"language":"FRA","playtime":965,"items_purged":["theMarked:Defend","theMarked:Strike"],"score":225,"play_id":"14630ee3-f077-408e-af31-3e5e752575a4","local_time":"20210120201709","is_ascension_mode":false,"campfire_choices":[{"data":"theMarked:RogueSparks","floor":6,"key":"SMITH"},{"data":"theMarked:StartUp","floor":8,"key":"SMITH"},{"data":"theMarked:SoldierOfQuellstein","floor":15,"key":"SMITH"},{"data":"theMarked:TwofoldDefense","floor":23,"key":"SMITH"}],"circlet_count":0,"master_deck":["theMarked:Strike","theMarked:Strike","theMarked:Strike","theMarked:Strike","theMarked:Defend","theMarked:Defend","theMarked:Defend","theMarked:SoldierOfQuellstein+1","theMarked:ShockingTouch","theMarked:RogueSparks+1","theMarked:StartUp+1","theMarked:ParalyzingBlade","theMarked:BindingBlade","theMarked:TwofoldDefense+1","theMarked:ElementalBlade+1"],"relics":["theMarked:ArtifactOfAir","EVO:Axolotl","Bag of Preparation","Juzu Bracelet","Odd Mushroom","StSpp:PileOfSugar","PreservedInsect","Onion Ring"],"acts_visited":["Exordium","TheCity"],"potions_floor_usage":[21,25,25],"damage_taken":[{"damage":1,"enemies":"Jaw Worm","floor":1,"turns":4},{"damage":0,"enemies":"Small Slimes","floor":3,"turns":2},{"damage":0,"enemies":"2 Louse","floor":7,"turns":3},{"damage":0,"enemies":"Exordium Thugs","floor":10,"turns":5},{"damage":12,"enemies":"The Mushroom Lair","floor":11,"turns":5},{"damage":0,"enemies":"Gremlin Gang","floor":12,"turns":5},{"damage":0,"enemies":"Large Slime","floor":13,"turns":4},{"damage":6,"enemies":"Slime Boss","floor":16,"turns":6},{"damage":12,"enemies":"3 Byrds","floor":18,"turns":4},{"damage":5,"enemies":"Spheric Guardian","floor":19,"turns":4},{"damage":1,"enemies":"Snecko","floor":21,"turns":4},{"damage":13,"enemies":"Centurion and Healer","floor":22,"turns":5},{"damage":20,"enemies":"Book of Stabbing","floor":25,"turns":3},{"damage":25,"enemies":"Slavers","floor":27,"turns":2}],"seed_played":"-7387571529062075681","potions_obtained":[{"floor":1,"key":"PowerPotion"},{"floor":11,"key":"LiquidMemories"},{"floor":12,"key":"Elixir"},{"floor":21,"key":"Death Potion"}],"is_trial":false,"path_per_floor":["M","$","M","?","?","R","M","R","T","M","?","M","M","$","R","B",null,"M","M","$","M","M","R","?","E","T","E"],"character_chosen":"THE_DEFAULT","items_purchased":["theMarked:RogueSparks"],"campfire_rested":0,"item_purchase_floors":[2],"current_hp_per_floor":[69,69,69,69,69,69,69,69,69,69,57,57,57,57,57,51,70,58,53,53,52,39,39,39,19,19,0,0],"gold":381,"neow_bonus":"RANDOM_COMMON_RELIC","is_daily":false,"chose_seed":false,"campfire_upgraded":4,"win_rate":0.0,"timestamp":1611170229,"path_taken":["M","$","M","?","?","R","M","R","T","M","?","M","M","$","R","BOSS","M","M","$","M","M","R","?","E","T","E"],"items_purchased_type":["Card"],"build_version":"2020-12-22","purchased_purges":2,"victory":false,"max_hp_per_floor":[70,70,70,70,70,70,70,70,70,70,70,70,70,70,70,70,70,70,70,70,70,70,70,70,70,70,70,70],"card_choices":[{"not_picked":["theMarked:Panic","theMarked:ElectricStrings"],"picked":"theMarked:ShockingTouch","floor":1},{"not_picked":["theMarked:RepellingDischarge","theMarked:LightningStrikesTwice"],"picked":"theMarked:StartUp","floor":3},{"not_picked":["theMarked:MaelstromOfLightning","theMarked:ChainLightning","theMarked:TwofoldDefense"],"picked":"SKIP","floor":7},{"not_picked":["theMarked:KeepCalmAndFightOn","theMarked:ChainLightning","theMarked:Frustration"],"picked":"SKIP","floor":10},{"not_picked":["theMarked:ElectricStrings","theMarked:TwofoldDefense"],"picked":"theMarked:ParalyzingBlade","floor":12},{"not_picked":["theMarked:MaelstromOfLightning","theMarked:Improvise","theMarked:RepellingDischarge"],"picked":"SKIP","floor":13},{"not_picked":["theMarked:Abjuration","theMarked:SummonStrength"],"picked":"theMarked:BindingBlade","floor":16},{"not_picked":["theMarked:ContemptForTheProud","theMarked:Improvise"],"picked":"theMarked:TwofoldDefense","floor":18},{"not_picked":["theMarked:WastefulDefense+1","theMarked:RepellingDischarge","theMarked:ResourceFulStrike"],"picked":"SKIP","floor":19},{"not_picked":["theMarked:WardOff+1","theMarked:Indomitable","theMarked:Reabsorb"],"picked":"SKIP","floor":21},{"not_picked":["theMarked:RepellingDischarge","theMarked:EmpowerWeapon"],"picked":"theMarked:ElementalBlade+1","floor":22},{"not_picked":["theMarked:ThrowWeapon","theMarked:Frustration","theMarked:Parkour"],"picked":"SKIP","floor":25}],"player_experience":1744017,"relics_obtained":[{"floor":9,"key":"Juzu Bracelet"},{"floor":11,"key":"Odd Mushroom"},{"floor":25,"key":"PreservedInsect"},{"floor":26,"key":"Onion Ring"}],"event_choices":[{"damage_healed":0,"gold_gain":0,"player_choice":"Ignored","damage_taken":0,"max_hp_gain":0,"max_hp_loss":0,"event_name":"Liars Game","floor":5,"gold_loss":0},{"damage_healed":0,"gold_gain":0,"player_choice":"Fought Mushrooms","damage_taken":0,"max_hp_gain":0,"max_hp_loss":0,"event_name":"Mushrooms","floor":11,"gold_loss":0},{"damage_healed":0,"gold_gain":200,"player_choice":"Gold","damage_taken":0,"max_hp_gain":0,"max_hp_loss":0,"event_name":"Wheel of Change","floor":24,"gold_loss":0}],"is_beta":false,"boss_relics":[{"not_picked":["theMarked:Eyepatch","Velvet Choker"],"picked":"StSpp:PileOfSugar"}],"items_purged_floors":[14,20],"is_endless":false,"potions_floor_spawned":[1,11,12,18,21],"killed_by":"Slavers","ascension_level":0}}