{"host":"v54ek091sdz7ha6h","time":1611158490,"event":{"mods":["BaseMod","Better Vampires","Colored Map","Colored Powertips","Custom Start","DeckTracker","Friendly Minions","Highlight Path","KOR Keyword Fix","Minty Spire (QoL Compilation)","Relic Stats","StSLib","The Animator"],"gold_per_floor":[124,144,53,53,5,5,33,63,87,33,57,73,73,113,113,226,226,244,256,256,267,55,85,85,97,168,196,196,196],"floor_reached":28,"language":"KOR","playtime":4051,"items_purged":["animator:Tet"],"score":291,"play_id":"bfa83c70-f422-4643-89f1-f9db7751e7ad","local_time":"20210121010130","is_ascension_mode":false,"campfire_choices":[{"data":"animator:Aqua","floor":6.0,"key":"SMITH"},{"data":"animator:YunYun","floor":13.0,"key":"SMITH"},{"data":"animator:Nanami","floor":15.0,"key":"SMITH"},{"data":"animator:GazelDwargon","floor":24.0,"key":"SMITH"}],"circlet_count":0,"master_deck":["animator:Defend_Konosuba+1","animator:Kazuma+1","animator:Aqua+1","animator:Mitsurugi","animator:Vanir","animator:Strike_NoGameNoLife","animator:Strike_Fate","animator:Defend_Fate","animator:Defend_Elsword+1","animator:DolaRiku","animator:Nanami+1","animator:YunYun+1","animator:GazelDwargon+1","animator:Saitama","animator:Kaijin","animator:Millim+3","animator:GazelDwargon","animator:Shuna+1","animator:DolaSchwi","animator:Emonzaemon+1","animator:Megumin"],"relics":["animator:LivingPicture","animator:TheMissingPiece","NeowsBlessing","The Courier","Odd Mushroom","Bag of Marbles","animator:RacePiece","OrangePellets","Question Card","Letter Opener","Bottled Flame"],"acts_visited":["Exordium","TheCity"],"potions_floor_usage":[27,28],"damage_taken":[{"damage":0.0,"enemies":"Jaw Worm","floor":1.0,"turns":1.0},{"damage":0.0,"enemies":"2 Louse","floor":2.0,"turns":1.0},{"damage":0.0,"enemies":"Lagavulin","floor":7.0,"turns":1.0},{"damage":1.0,"enemies":"Cultist","floor":8.0,"turns":3.0},{"damage":13.0,"enemies":"The Mushroom Lair","floor":11.0,"turns":5.0},{"damage":10.0,"enemies":"Exordium Thugs","floor":12.0,"turns":5.0},{"damage":13.0,"enemies":"Gremlin Nob","floor":14.0,"turns":4.0},{"damage":18.0,"enemies":"Slime Boss","floor":16.0,"turns":15.0},{"damage":2.0,"enemies":"Chosen","floor":18.0,"turns":6.0},{"damage":8.0,"enemies":"Shell Parasite","floor":19.0,"turns":4.0},{"damage":9.0,"enemies":"Cultist and Chosen","floor":21.0,"turns":7.0},{"damage":18.0,"enemies":"Book of Stabbing","floor":23.0,"turns":4.0},{"damage":7.0,"enemies":"Snake Plant","floor":25.0,"turns":4.0},{"damage":35,"enemies":"Slavers","floor":27,"turns":6},{"damage":14,"enemies":"3 Cultists","floor":28,"turns":3}],"seed_played":"-6776997735569741658","potions_obtained":[{"floor":1.0,"key":"BlessingOfTheForge"},{"floor":7.0,"key":"DistilledChaos"},{"floor":12.0,"key":"GamblersBrew"},{"floor":23.0,"key":"GamblersBrew"},{"floor":25.0,"key":"Swift Potion"}],"is_trial":false,"path_per_floor":["M","M","?","?","$","R","E","M","T","$","?","M","R","E","R","B",null,"M","M","?","M","$","E","R","M","T","E","M"],"character_chosen":"THE_ANIMATOR","items_purchased":["animator:DolaRiku","animator:GazelDwargon","OrangePellets","PowerPotion"],"campfire_rested":0,"item_purchase_floors":[5,10,22,22],"current_hp_per_floor":[66,67,67,54,54,54,54,56,56,56,46,39,39,26,26,11,67,67,60,60,54,54,40,40,36,36,5,0,0],"gold":196,"neow_bonus":"THREE_ENEMY_KILL","is_daily":false,"chose_seed":false,"campfire_upgraded":4,"win_rate":0.0,"timestamp":1611158490,"path_taken":["M","M","?","?","?","R","E","?","T","$","?","M","R","E","R","BOSS","M","M","?","M","?","E","R","?","T","E","M"],"items_purchased_type":["Card","Card","Relic","Potion"],"build_version":"2020-12-22","purchased_purges":1,"victory":false,"max_hp_per_floor":[66,67,67,67,67,67,67,67,67,67,67,67,67,67,67,67,67,67,67,67,67,67,68,68,68,68,69,69,69],"relic_stats":{"OrangePellets":[1],"counters":[15,69],"Letter Opener":[25],"Question Card":8,"obtain_stats":[{"OrangePellets":22,"Bottled Flame":27,"NeowsBlessing":0,"animator:TheMissingPiece":0,"animator:LivingPicture":0,"The Courier":7,"Bag of Marbles":14,"Letter Opener":26,"Odd Mushroom":11,"animator:RacePiece":17,"Question Card":23},{"OrangePellets":11,"Bottled Flame":14,"NeowsBlessing":0,"animator:TheMissingPiece":0,"animator:LivingPicture":0,"The Courier":3,"Bag of Marbles":7,"Letter Opener":13,"Odd Mushroom":5,"animator:RacePiece":8,"Question Card":12},{"OrangePellets":52,"Bottled Flame":66,"NeowsBlessing":0,"animator:TheMissingPiece":0,"animator:LivingPicture":0,"The Courier":3,"Bag of Marbles":20,"Letter Opener":60,"Odd Mushroom":11,"animator:RacePiece":35,"Question Card":56}]},"card_choices":[{"not_picked":["animator:Souei","animator:Guy"],"picked":"animator:Mitsurugi","floor":1.0},{"not_picked":["animator:ZankiKiguchi","animator:MumenRider"],"picked":"animator:Vanir","floor":2.0},{"not_picked":["animator:Laby","animator:Togame"],"picked":"animator:Nanami","floor":7.0},{"not_picked":["animator:Vanir","animator:Aqua"],"picked":"animator:YunYun","floor":8.0},{"not_picked":["animator:Ara","animator:Viivi","animator:Nanami"],"picked":"SKIP","floor":12.0},{"not_picked":["animator:Add","animator:Gillette"],"picked":"animator:Tet","floor":14.0},{"not_picked":["animator:Hans","animator:Elesis"],"picked":"animator:Saitama","floor":16.0},{"not_picked":["animator:Genos+1","animator:TsurugaMeisai"],"picked":"animator:Millim+1","floor":18.0},{"not_picked":["animator:Shuna","animator:Kaijin"],"picked":"animator:GazelDwargon","floor":19.0},{"not_picked":["animator:TsurugaMeisai","animator:Ciel"],"picked":"animator:Shuna+1","floor":21.0},{"not_picked":["animator:Ciel+1","animator:Eris"],"picked":"animator:DolaSchwi","floor":23.0},{"not_picked":["animator:Tatsumaki+1","animator:Chung","animator:YunYun"],"picked":"animator:Emonzaemon+1","floor":25.0},{"not_picked":["animator:Darkness","animator:Chris","animator:Vanir"],"picked":"animator:Megumin","floor":27}],"player_experience":1456949,"relics_obtained":[{"floor":7.0,"key":"The Courier"},{"floor":11.0,"key":"Odd Mushroom"},{"floor":14.0,"key":"Bag of Marbles"},{"floor":23.0,"key":"Question Card"},{"floor":26.0,"key":"Letter Opener"},{"floor":27,"key":"Bottled Flame"}],"event_choices":[{"damage_healed":0.0,"max_hp_gain":0.0,"max_hp_loss":0.0,"gold_gain":0.0,"event_name":"Shining Light","player_choice":"Entered Light","floor":4.0,"gold_loss":0.0,"damage_taken":13.0,"cards_upgraded":["animator:Defend_Elsword","animator:Kazuma"]},{"damage_healed":0.0,"max_hp_gain":0.0,"max_hp_loss":0.0,"gold_gain":0.0,"event_name":"Mushrooms","player_choice":"Fought Mushrooms","floor":11.0,"gold_loss":0.0,"damage_taken":0.0},{"damage_healed":0.0,"max_hp_gain":0.0,"max_hp_loss":0.0,"gold_gain":0.0,"event_name":"N\u0027loth","player_choice":"Ignored","floor":20.0,"gold_loss":0.0,"damage_taken":0.0}],"is_beta":false,"boss_relics":[{"not_picked":["Busted Crown","Mark of Pain"],"picked":"animator:RacePiece"}],"items_purged_floors":[22],"is_endless":false,"potions_floor_spawned":[1,7,12,23,25],"killed_by":"3 Cultists","ascension_level":0}}