{"host":"coel31jtabpraq8l","time":1611167363,"event":{"mods":["BaseMod","Highlight Path","Minty Spire (QoL Compilation)","SuperFastMode"],"gold_per_floor":[114,114,389,399,418,453,453,453,453],"floor_reached":8,"language":"ENG","playtime":304,"items_purged":[],"score":59,"play_id":"d0b99621-d063-49a9-8d5a-9506312c2361","local_time":"20210120132923","is_ascension_mode":true,"campfire_choices":[{"floor":7,"key":"REST"}],"circlet_count":0,"master_deck":["Strike_P","Strike_P","Strike_P","Strike_P","Defend_P","Defend_P","Defend_P","Defend_P","Eruption","Vigilance","JustLucky+1","Regret","FollowUp","Swivel","Prostrate"],"relics":["PureWater","NeowsBlessing","Letter Opener"],"acts_visited":["Exordium"],"potions_floor_usage":[8],"damage_taken":[{"damage":0,"enemies":"2 Louse","floor":1,"turns":1},{"damage":0,"enemies":"Small Slimes","floor":4,"turns":1},{"damage":0,"enemies":"Cultist","floor":5,"turns":1},{"damage":50,"enemies":"3 Sentries","floor":6,"turns":14},{"damage":43,"enemies":"Gremlin Nob","floor":8,"turns":3}],"seed_played":"7800915503773994229","potions_obtained":[{"floor":5,"key":"StancePotion"}],"is_trial":false,"path_per_floor":["M","?","?","M","M","E","R","E"],"character_chosen":"WATCHER","items_purchased":[],"campfire_rested":1,"item_purchase_floors":[],"current_hp_per_floor":[72,72,72,72,72,22,43,0,0],"gold":453,"neow_bonus":"THREE_ENEMY_KILL","is_daily":false,"chose_seed":false,"campfire_upgraded":0,"win_rate":0.0,"timestamp":1611167363,"path_taken":["M","?","?","?","M","E","R","E"],"items_purchased_type":[],"build_version":"2020-12-22","purchased_purges":0,"victory":false,"max_hp_per_floor":[72,72,72,72,72,72,72,72,72],"card_choices":[{"not_picked":["Consecrate","Worship"],"picked":"JustLucky","floor":1},{"not_picked":["Tantrum","Meditate"],"picked":"FollowUp","floor":4},{"not_picked":["FlurryOfBlows","BowlingBash"],"picked":"Swivel","floor":5},{"not_picked":["BattleHymn","Omniscience"],"picked":"Prostrate","floor":6}],"player_experience":630167,"relics_obtained":[{"floor":6,"key":"Letter Opener"}],"event_choices":[{"damage_healed":0,"gold_gain":0,"player_choice":"Grow","damage_taken":0,"max_hp_gain":0,"max_hp_loss":0,"event_name":"Living Wall","floor":2,"gold_loss":0,"cards_upgraded":["JustLucky"]},{"damage_healed":0,"gold_gain":275,"player_choice":"Desecrate","damage_taken":0,"max_hp_gain":0,"max_hp_loss":0,"event_name":"Golden Shrine","floor":3,"gold_loss":0,"cards_obtained":["Regret"]}],"is_beta":false,"boss_relics":[],"items_purged_floors":[],"is_endless":false,"potions_floor_spawned":[5],"killed_by":"Gremlin Nob","ascension_level":1}}