{"host":"k8m8rgjz9e2or23k","time":1611145110,"event":{"mods":["Act Like it!","BaseMod","Better Sensory Stone","Hallownest","Minty Spire (QoL Compilation)","Pale of the Ancients","StSLib","The Bug Knight","Waifu the Spire"],"gold_per_floor":[119,119,119,65,80,80,107,127,202,202,237,237,249,274,274,371,371,387,240,240,719,735,735,885,920,920,920,820,839,759,778,778,778,778],"floor_reached":33,"language":"ZHS","playtime":1159,"items_purged":["HollowMod:NailStrikeStart","HollowMod:NailStrikeStart"],"score":346,"play_id":"de485535-916c-46c4-bf63-08c70dd8b9f4","local_time":"20210120201830","is_ascension_mode":false,"campfire_choices":[{"data":"HollowMod:SoulStrike","floor":6.0,"key":"SMITH"},{"data":"HollowMod:SoulSplash","floor":10.0,"key":"SMITH"},{"data":"HollowMod:SoulStrike","floor":12.0,"key":"SMITH"},{"data":"HollowMod:CloakDash","floor":15.0,"key":"SMITH"},{"data":"HollowMod:PureNailStrike","floor":23.0,"key":"SMITH"},{"floor":27.0,"key":"REST"},{"data":"HollowMod:SoulEater","floor":32.0,"key":"SMITH"}],"circlet_count":0,"master_deck":["HollowMod:NailStrikeStart","HollowMod:NailStrikeStart","HollowMod:QuickDashStart","HollowMod:QuickDashStart","HollowMod:QuickDashStart","HollowMod:QuickDashStart","HollowMod:FocusHealStart","HollowMod:PogoStrike","HollowMod:HowlingWraiths+1","HollowMod:SoulSplash+1","HollowMod:SoulStrike+1","HollowMod:CloakDash+1","HollowMod:NewLittleFool","HollowMod:SoulStrike+1","HollowMod:PureNailStrike+1","HollowMod:DashSlash+1","HollowMod:SoulEater+1","Hallownest:skillCityofTearsMap","HollowMod:GoodIntentions+1"],"relics":["HollowMod:VesselMask","NeowsBlessing","Orichalcum","Gremlin Horn","HollowMod:PaleOreRelic","Happy Flower","SlaversCollar","Boot","Eternal Feather"],"acts_visited":["Hallownest:Greenpath","Hallownest:CityofTears"],"potions_floor_usage":[33],"damage_taken":[{"damage":0.0,"enemies":"Hallownest:monsterHuskWarrior","floor":1.0,"turns":1.0},{"damage":0.0,"enemies":"Hallownest:2_Tiktiks_and_1_Crawlid","floor":5.0,"turns":1.0},{"damage":0.0,"enemies":"Hallownest:eliteVengeflyKing","floor":7.0,"turns":1.0},{"damage":2.0,"enemies":"Hallownest:monsterHuskGuard","floor":8.0,"turns":2.0},{"damage":0.0,"enemies":"Hallownest:eliteMossKnight","floor":11.0,"turns":4.0},{"damage":3.0,"enemies":"Hallownest:MossCreep_and_Mosskin","floor":13.0,"turns":4.0},{"damage":44.0,"enemies":"Hallownest:BossHornet","floor":16.0,"turns":10.0},{"damage":2.0,"enemies":"Hallownest:Guard_and_Sentry","floor":18.0,"turns":3.0},{"damage":0.0,"enemies":"Hallownest:Flukemon_and_Top","floor":22.0,"turns":3.0},{"damage":51.0,"enemies":"Hallownest:eliteWatcherKnight","floor":25.0,"turns":8.0},{"damage":6.0,"enemies":"Hallownest:Warrior_and_Youth","floor":29.0,"turns":3.0},{"damage":15.0,"enemies":"Hallownest:monsterMisterMushroom","floor":31.0,"turns":6.0},{"damage":68,"enemies":"Hallownest:BossGrimm","floor":33,"turns":7}],"seed_played":"-3844551845688906273","potions_obtained":[{"floor":1.0,"key":"LiquidMemories"},{"floor":7.0,"key":"DistilledChaos"},{"floor":11.0,"key":"GamblersBrew"},{"floor":25.0,"key":"SmokeBomb"}],"is_trial":false,"path_per_floor":["M","?","?","$","M","R","E","M","T","R","?","R","M","T","R","B",null,"M","$","?","?","M","R","?","E","T","R","$","M","?","M","R","B"],"character_chosen":"THE_BUGKNIGHT","items_purchased":["HollowMod:SoulSplash","HollowMod:PureNailStrike"],"campfire_rested":1,"item_purchase_floors":[4,19],"current_hp_per_floor":[75,75,75,75,75,75,75,73,73,73,73,73,72,72,72,38,75,75,75,75,75,75,75,75,30,30,61,61,55,55,46,55,0,0],"gold":778,"neow_bonus":"THREE_ENEMY_KILL","is_daily":false,"chose_seed":false,"campfire_upgraded":6,"win_rate":0.0,"timestamp":1611145110,"path_taken":["M","?","?","$","?","R","E","M","T","R","?","R","M","?","R","BOSS","M","$","?","?","M","R","?","E","T","R","$","?","?","M","R","BOSS"],"items_purchased_type":["Card","Card"],"build_version":"2020-12-22","purchased_purges":2,"victory":false,"max_hp_per_floor":[75,75,75,75,75,75,75,75,75,75,75,75,75,75,75,75,75,75,75,75,75,75,75,75,75,75,75,75,75,75,75,75,75,75],"card_choices":[{"not_picked":["HollowMod:GrimmsGift","HollowMod:InfectedAttack"],"picked":"HollowMod:HowlingWraiths","floor":1.0},{"not_picked":["HollowMod:LifebloodCocoon","HollowMod:NewJinnsSoul"],"picked":"HollowMod:SoulStrike","floor":5.0},{"not_picked":["HollowMod:PerfectDash","HollowMod:SoulShaman"],"picked":"HollowMod:CloakDash","floor":7.0},{"not_picked":["HollowMod:HowlingWraiths","HollowMod:DoubleDash"],"picked":"HollowMod:NewLittleFool","floor":8.0},{"not_picked":["HollowMod:InfectionAssault","HollowMod:Weaversong"],"picked":"HollowMod:SoulStrike","floor":11.0},{"not_picked":["HollowMod:VengefulVoid","HollowMod:TaintedHusks","HollowMod:CrystalDash"],"picked":"SKIP","floor":13.0},{"not_picked":["HollowMod:CloakDash","HollowMod:HeavyBlow","HollowMod:DoubleDash"],"picked":"SKIP","floor":18.0},{"not_picked":["HollowMod:SharpenedNail+1","HollowMod:CloakDash"],"picked":"HollowMod:DashSlash+1","floor":22.0},{"not_picked":["HollowMod:LifebloodCore","HollowMod:TaintedHusks+1","HollowMod:DescendingDark+1"],"picked":"SKIP","floor":25.0},{"not_picked":["HollowMod:RecoilStrike","HollowMod:NewJinnsSoul+1"],"picked":"HollowMod:SoulEater","floor":29.0},{"not_picked":["HollowMod:LifebloodCocoon","HollowMod:NewGlowingWomb"],"picked":"HollowMod:GoodIntentions+1","floor":31.0}],"player_experience":390212,"relics_obtained":[{"floor":7.0,"key":"Orichalcum"},{"floor":9.0,"key":"Gremlin Horn"},{"floor":11.0,"key":"HollowMod:PaleOreRelic"},{"floor":14.0,"key":"Happy Flower"},{"floor":25.0,"key":"Boot"},{"floor":26.0,"key":"Eternal Feather"}],"event_choices":[],"is_beta":false,"boss_relics":[{"not_picked":["Snecko Eye","Ectoplasm"],"picked":"SlaversCollar"}],"items_purged_floors":[19,28],"is_endless":false,"potions_floor_spawned":[1,7,11,13,18,25],"killed_by":"Hallownest:BossGrimm","ascension_level":0}}