{"host":"mcmecz6ns48biz64","time":1611170128,"event":{"mods":["A Penny For Your Troubles","AchievementEnabler","Act Like it!","AlwaysNeverKeys","Ascension Unlocker","Aspiration","BaseMod","Better Note","Better Third Choice","BetterRewards","Conspire","Downfall","Energized Spire","Friendly Minions","GifTheSpireLib","Halation","Hermit","Hubris","Infinite Spire","Mimic Mod","Minty Spire (QoL Compilation)","Permanent Neow","Quick Restart","Reorder Act Four","Retaliation","Shop Mod","Spikes Relics","StSLib","Stuff the Spire","SuperFastMode","The Construct","The Necromancer","Trackpad","Transform Curses","Uncapped","vexMod"],"gold_per_floor":[118,137,137,53,117,117,145,420,420,451,469,469,482,482,482,559,559,574,574,574,593,593,626,626,657,657,677,729,740,740,740,740,819,769,818,129,144,144,162,190,190,190,190,201,220,235,263,263,263,263,264,264,564,564,592,592],"floor_reached":57,"language":"ENG","playtime":1575,"items_purged":["Strike_W","Strike_W","Strike_W","Strike_W","Defend_W","Regret","Strike_W"],"score":3699,"play_id":"8a0706cb-ec8e-4485-85e5-81d88b27e1c2","local_time":"20210120141528","is_ascension_mode":true,"campfire_choices":[{"data":"Necrotic_Claws","floor":15,"key":"SMITH"},{"data":"hubris:Fate","floor":24,"key":"SMITH"},{"data":"Siphon_Strength","floor":30,"key":"SMITH"},{"data":"Summon_Lich","floor":32,"key":"SMITH"},{"data":"Panache","floor":49,"key":"SMITH"},{"data":"Mayhem","floor":54,"key":"SMITH"}],"circlet_count":0,"master_deck":["AscendersBane","Defend_W","Defend_W","Negative_Energy_Arrows+1","Bone_Wall","Corrupt","Necrotic_Claws+1","Spectral_Armor","Summon_Undead_Army","Summon_Undead","Negative_Energy_Shield","Negative_Energy_Mist","Summon_Undead_Army","Summon_Lich+1","Siphon_Strength+1","Pandemic","Blood_Curse+1","Summon_Vampire_Lady+1","Vampiric_Strike+1","hubris:Fate+1","Finger_Of_Death+1","Bone_Prison","Spectral_Walk+1","Grasp_Heart","Death_Coil","Violent_Necrosis+1","Toxic_Smoke_Screen","Negative_Energy_Burst","StuffTheSpire:Perfection","Bone_Prison+1","Uncharnel+1","Panache+1","Mayhem+1"],"relics":["Vampire_Amulet","Bag of Marbles","halation:BottledLove","Du-Vu Doll","trackpad:DisasterInABottle","vexMod:InvisibilityCloak","ClockworkSouvenir","aspiration:ArtOfWarUpgrade","SnailShell","trackpad:HandOfMidas","Matryoshka","StuffTheSpire:Barrel","Anchor","trackpad:Coffee","aspiration:PoetsPen","Lee\u0027s Waffle","vexMod:ScavengeHelm","Whetstone","Smiling Mask","LugNut","energizedSpire:HugeHouse","halation:Diary","hubris:GlazedTorus","Happy Flower","trackpad:ByrdCharm","aspiration:ChemicalBlood","hubris:Icosahedron","Bag of Preparation","BicycleWheel","Lantern","hubris:NiceRug","halation:LostSnail","hubris:Zylophone","Bottled Tornado","Sundial"],"acts_visited":["Exordium","TheCity","TheBeyond","TheEnding"],"potions_floor_usage":[16,44,44,51,56,56,56],"damage_taken":[{"damage":0,"enemies":"Jaw Worm","floor":1,"turns":3},{"damage":0,"enemies":"2 Louse","floor":2,"turns":3},{"damage":0,"enemies":"Cultist","floor":5,"turns":1},{"damage":16,"enemies":"Gremlin Nob","floor":7,"turns":4},{"damage":19,"enemies":"Lagavulin","floor":10,"turns":6},{"damage":2,"enemies":"3 Louse","floor":11,"turns":3},{"damage":1,"enemies":"Exordium Thugs","floor":13,"turns":4},{"damage":3,"enemies":"Slime Boss","floor":16,"turns":3},{"damage":3,"enemies":"Chosen","floor":18,"turns":3},{"damage":0,"enemies":"3 Byrds","floor":21,"turns":2},{"damage":2,"enemies":"Gremlin Leader","floor":23,"turns":4},{"damage":5,"enemies":"conspire:Head Lice","floor":25,"turns":4},{"damage":0,"enemies":"Snecko","floor":27,"turns":1},{"damage":0,"enemies":"3 Cultists","floor":28,"turns":3},{"damage":0,"enemies":"Centurion and Healer","floor":29,"turns":4},{"damage":25,"enemies":"Collector","floor":33,"turns":5},{"damage":29,"enemies":"3 Darklings","floor":35,"turns":3},{"damage":0,"enemies":"Orb Walker","floor":37,"turns":4},{"damage":0,"enemies":"3 Darklings","floor":39,"turns":3},{"damage":39,"enemies":"Reptomancer","floor":40,"turns":4},{"damage":2,"enemies":"4 Shapes","floor":44,"turns":3},{"damage":0,"enemies":"Spire Growth","floor":45,"turns":2},{"damage":0,"enemies":"Transient","floor":46,"turns":3},{"damage":0,"enemies":"Nemesis","floor":47,"turns":1},{"damage":0,"enemies":"Donu and Deca","floor":50,"turns":4},{"damage":18,"enemies":"Awakened One","floor":51,"turns":6},{"damage":0,"enemies":"hubris:Merchant","floor":53,"turns":5},{"damage":0,"enemies":"Shield and Spear","floor":55,"turns":6},{"damage":38,"enemies":"The Heart","floor":56,"turns":7}],"seed_played":"511458065173098766","potions_obtained":[{"floor":7,"key":"bronze:BurnAndBuffPotion"},{"floor":10,"key":"FearPotion"},{"floor":23,"key":"Dexterity Potion"},{"floor":25,"key":"DDmod:CleansePotion"},{"floor":29,"key":"champ:CounterPotion"},{"floor":35,"key":"SkillPotion"},{"floor":45,"key":"Weak Potion"},{"floor":46,"key":"DistilledChaos"},{"floor":51,"key":"DistilledChaos"},{"floor":56,"key":"Slimebound:ThreeZeroPotion"}],"is_trial":false,"path_per_floor":["M","M","?","$","M","R","E","?","T","E","M","R","M","?","R","B",null,"M","?","AVR","M","?","E","R","E","T","M","M","M","R","?","R","B",null,"M","$","M","?","M","E","?","?","T","M","M","M","E","?","R","B","B",null,"$","R","E","B",null],"character_chosen":"NECROMANCER","items_purchased":["vexMod:BerryBomb","Corrupt","Bag of Marbles","Necrotic_Claws","halation:BottledLove","Du-Vu Doll","trackpad:DisasterInABottle","vexMod:InvisibilityCloak","ClockworkSouvenir","Art of War","Spectral_Armor","Summon_Undead_Army","Summon_Undead","Negative_Energy_Shield","SnailShell","trackpad:HandOfMidas","Summon_Lich","Summon_Lich","halation:Diary","hubris:GlazedTorus","Happy Flower","Toxic_Smoke_Screen"],"campfire_rested":0,"item_purchase_floors":[0,0,0,0,0,0,0,0,0,0,0,0,0,0,0,0,0,4,36,36,36,36],"current_hp_per_floor":[72,76,77,77,77,77,63,63,63,49,56,56,59,59,59,60,73,77,77,84,84,84,84,84,84,84,84,84,84,84,84,84,83,79,55,55,63,63,65,40,40,40,40,49,66,78,79,79,79,79,79,79,79,79,79,75],"gold":592,"neow_bonus":"","is_daily":false,"chose_seed":false,"campfire_upgraded":6,"win_rate":0.0,"timestamp":1611170128,"path_taken":["M","M","?","$","M","R","E","?","T","E","M","R","?","?","R","BOSS","M","?","AVR","M","?","E","R","E","T","M","?","M","R","?","R","BOSS","M","$","M","?","M","E","?","?","T","M","M","M","E","?","R","BOSS","BOSS","$","R","E","BOSS"],"items_purchased_type":["Relic","Card","Relic","Card","Relic","Relic","Relic","Relic","Relic","Relic","Card","Card","Card","Card","Relic","Relic","Card","Card","Relic","Relic","Relic","Card"],"build_version":"2020-12-22","purchased_purges":7,"victory":true,"max_hp_per_floor":[77,77,77,77,77,77,77,77,77,77,77,77,77,77,77,77,77,77,77,84,84,84,84,84,84,84,84,84,84,84,84,84,84,79,79,79,79,79,79,79,79,79,79,79,79,79,79,79,79,79,79,79,79,79,79,79],"card_choices":[{"not_picked":["Bone_Shift","Negative_Energy_Mist","Bone_Bullets"],"picked":"SKIP","floor":1},{"not_picked":["Bone_Shift","Bone_Bullets"],"picked":"Negative_Energy_Mist","floor":1},{"not_picked":["Negative_Energy_Mist","Negative_Energy_Javelin"],"picked":"Summon_Undead_Army","floor":2},{"not_picked":["Bone_Spikes","Bones_to_Steel"],"picked":"Siphon_Strength","floor":5},{"not_picked":["Blood_Shield","Toxic_Smoke_Screen"],"picked":"Pandemic","floor":7},{"not_picked":["Blood_Curse","Summon_Undead_Army","Blood_Magic"],"picked":"SKIP","floor":10},{"not_picked":["Summon_Undead_Army","Blood_Magic"],"picked":"Blood_Curse","floor":10},{"not_picked":["Negative_Energy_Mist","Chill_Blood","Death_Coil"],"picked":"SKIP","floor":11},{"not_picked":["Finger_Of_Death","Scare","Reap_The_Weak"],"picked":"SKIP","floor":13},{"not_picked":["Negative_Energy_Bomb","Grasp_Heart"],"picked":"Summon_Vampire_Lady","floor":16},{"not_picked":["Consume_Illness","Negative_Energy_Sphere"],"picked":"Vampiric_Strike","floor":18},{"not_picked":["Summon_Undead_Army","Blood_Is_Power"],"picked":"Finger_Of_Death+1","floor":21},{"not_picked":["Skeleton_Dragon","Death_March_Dance","Shackles_Of_Pain"],"picked":"SKIP","floor":23},{"not_picked":["Bone_Spikes","Blood_Shield","Summon_Undead_Army"],"picked":"SKIP","floor":25},{"not_picked":["Negative_Energy_Sphere+1","Vampiric_Strike","Finger_Of_Death"],"picked":"SKIP","floor":27},{"not_picked":["Bones_to_Steel","Negative_Energy_Mist","Shackles_Of_Pain+1"],"picked":"SKIP","floor":28},{"not_picked":["Bone_Armory","Bone_Spikes"],"picked":"Bone_Prison","floor":29},{"not_picked":["Summon_Death_Knight","Reap_The_Weak"],"picked":"Grasp_Heart","floor":33},{"not_picked":["Negative_Energy_Javelin","Vampiric_Strike+1"],"picked":"Violent_Necrosis","floor":35},{"not_picked":["Bones_to_Steel+1","Plague_Bolt"],"picked":"Negative_Energy_Burst","floor":37},{"not_picked":["Scare","Whirlwind_of_Bones","Bone_Bullets"],"picked":"SKIP","floor":39},{"not_picked":["Death_Coil","Blood_Curse+1","Negative_Energy_Mist"],"picked":"SKIP","floor":40},{"not_picked":["StuffTheSpire:Innocence","StuffTheSpire:Ambrosia"],"picked":"StuffTheSpire:Perfection","floor":42},{"not_picked":["Scare","Chill_Blood"],"picked":"Bone_Prison+1","floor":44},{"not_picked":["Bone_Armor","Negative_Energy_Shield","Bone_Bullets"],"picked":"SKIP","floor":45},{"not_picked":["Bone_Armor","Negative_Energy_Mist"],"picked":"Uncharnel+1","floor":46},{"not_picked":["Blood_Whip","Pandemic","Death_March_Dance"],"picked":"SKIP","floor":47},{"not_picked":["Magnetism","HandOfGreed"],"picked":"Panache","floor":48},{"not_picked":[],"picked":"Mayhem","floor":53},{"not_picked":["Death_Knell"],"picked":"SKIP","floor":53},{"not_picked":["Slay_Living"],"picked":"SKIP","floor":53},{"not_picked":["Toxic_Smoke_Screen"],"picked":"SKIP","floor":53},{"not_picked":["Chill_Blood"],"picked":"SKIP","floor":53},{"not_picked":["Bone_Armory"],"picked":"SKIP","floor":53},{"not_picked":["StuffTheSpire:PlasmaPunch"],"picked":"SKIP","floor":53},{"not_picked":["Death_Coil","Whirlwind_of_Bones+1","Negative_Energy_Shield"],"picked":"SKIP","floor":55}],"player_experience":910899,"relics_obtained":[{"floor":7,"key":"aspiration:Lifesprig"},{"floor":9,"key":"Matryoshka"},{"floor":10,"key":"StuffTheSpire:Barrel"},{"floor":23,"key":"vexMod:ScavengeHelm"},{"floor":25,"key":"Whetstone"},{"floor":26,"key":"Smiling Mask"},{"floor":26,"key":"LugNut"},{"floor":40,"key":"aspiration:ChemicalBlood"},{"floor":43,"key":"Bag of Preparation"},{"floor":43,"key":"BicycleWheel"},{"floor":47,"key":"Lantern"},{"floor":53,"key":"halation:LostSnail"},{"floor":53,"key":"hubris:Zylophone"},{"floor":53,"key":"Bottled Tornado"},{"floor":55,"key":"Sundial"}],"event_choices":[{"damage_healed":0,"gold_gain":275,"player_choice":"Desecrate","damage_taken":0,"max_hp_gain":0,"max_hp_loss":0,"event_name":"Golden Shrine","floor":8,"gold_loss":0,"cards_obtained":["Regret"]},{"damage_healed":0,"gold_gain":0,"player_choice":"Gave Potion","damage_taken":0,"relics_obtained":["Anchor"],"max_hp_gain":0,"max_hp_loss":0,"event_name":"WeMeetAgain","floor":14,"gold_loss":0},{"cards_removed":["Defend_W"],"damage_healed":0,"gold_gain":0,"player_choice":"Purged","damage_taken":0,"max_hp_gain":0,"max_hp_loss":0,"event_name":"Purifier","floor":22,"gold_loss":0},{"damage_healed":0,"gold_gain":0,"player_choice":"Read","damage_taken":0,"max_hp_gain":0,"max_hp_loss":0,"event_name":"The Library","floor":31,"gold_loss":0,"cards_obtained":["Spectral_Walk"]},{"damage_healed":0,"gold_gain":0,"player_choice":"Memory 1","damage_taken":0,"max_hp_gain":0,"max_hp_loss":0,"event_name":"SensoryStone","floor":48,"gold_loss":0}],"is_beta":false,"boss_relics":[{"not_picked":["aspiration:WatcherSkillbook","expansioncontent:StudyCardRelic"],"picked":"trackpad:Coffee"},{"not_picked":["Runic Pyramid","halation:PinkAlligatorPlush"],"picked":"energizedSpire:HugeHouse"}],"items_purged_floors":[0,0,0,0,0,20,36],"is_endless":false,"potions_floor_spawned":[7,10,13,23,25,29,35,37,44,45,46],"ascension_level":20}}