{"host":"atu1skz5iq69e5lr","time":1611161940,"event":{"mods":["AchievementEnabler","Aspiration","BaseMod","Better Third Choice","Colored Map","Evolution","Friendly Minions","Highlight Path","Hubris","Infinite Spire","Keyboard Shortcuts","Lobotomy","Minty Spire (QoL Compilation)","Replay The Spire","Shop Mod","StSLib"],"gold_per_floor":[111,36,36,49,116,143,154,154,154,154,204,24,57,69,69,167,267,278,352,352,365,375,404,404,394,394,394,394],"floor_reached":27,"language":"ENG","playtime":1491,"items_purged":["Strike_G","CherryBlossoms","FairyFestival"],"score":266,"play_id":"f8479798-771f-42d6-9415-2c94ff54c1c0","local_time":"20210120175900","is_ascension_mode":false,"campfire_choices":[{"data":"Deadly Poison","floor":8,"key":"SMITH"},{"data":"Deadly Poison","floor":10,"key":"SMITH"},{"floor":15,"key":"REST"},{"data":"Noxious Fumes","floor":24,"key":"SMITH"}],"circlet_count":0,"master_deck":["Dagger Spray","Poisoned Stab","Strike_G","Strike_G","Defend_G","Defend_G","Defend_G","Defend_G","Defend_G","Survivor","Neutralize","UniverseFragment","Deadly Poison+1","Deadly Poison+1","Noxious Fumes+1","MHz","Replay:Bag of Tricks","NakedNest","ReplayTheSpireMod:Speed Training+1"],"relics":["Ring of the Snake","EVO:Axolotl","CogitoBucket","SsserpentHead","infinitespire:Satchel","Mercury Hourglass","Strawberry","AspirationHeart","Replay:Wanted Poster","Replay:Wax Seal","Black Star","Letter Opener","aspiration:FetidBarrel","infinitespire:PuzzleCube","hubris:DisguiseKit"],"acts_visited":["Exordium","TheCity"],"potions_floor_usage":[14,21,23],"damage_taken":[{"damage":0,"enemies":"Cultist","floor":1,"turns":3},{"damage":9,"enemies":"infinitespire:Voidling","floor":4,"turns":4},{"damage":2,"enemies":"Small Slimes","floor":5,"turns":4},{"damage":6,"enemies":"Replay:BlueRogue","floor":6,"turns":6},{"damage":14,"enemies":"Exordium Thugs","floor":7,"turns":5},{"damage":18,"enemies":"Lagavulin","floor":13,"turns":5},{"damage":27,"enemies":"Red Slaver","floor":14,"turns":4},{"damage":12,"enemies":"The Guardian","floor":16,"turns":8},{"damage":0,"enemies":"Chosen","floor":18,"turns":4},{"damage":16,"enemies":"2 Thieves","floor":21,"turns":4},{"damage":15,"enemies":"Shelled Parasite and Fungi","floor":22,"turns":5},{"damage":33,"enemies":"Book of Stabbing","floor":23,"turns":6},{"damage":24,"enemies":"Snake Plant","floor":27,"turns":4}],"seed_played":"-3492550806952738754","potions_obtained":[{"floor":1,"key":"Dexterity Potion"},{"floor":4,"key":"Ancient Potion"},{"floor":7,"key":"SteroidPotion"},{"floor":13,"key":"Fire Potion"},{"floor":22,"key":"Adrenaline Potion"},{"floor":23,"key":"Elixir"}],"is_trial":false,"path_per_floor":["M","$","?","M","M","E","M","R","T","R","?","$","E","M","R","B",null,"M","T","AVR","M","M","E","R","?","T","M"],"character_chosen":"THE_SILENT","items_purchased":["Noxious Fumes"],"campfire_rested":1,"item_purchase_floors":[12],"current_hp_per_floor":[70,70,70,70,68,62,54,54,54,54,54,54,50,36,62,57,87,87,87,87,71,56,23,23,23,23,0,0],"gold":394,"neow_bonus":"","is_daily":false,"chose_seed":false,"campfire_upgraded":3,"win_rate":0.0,"timestamp":1611161940,"path_taken":["M","$","?","M","?","E","M","R","T","R","?","$","E","M","R","BOSS","M","?","AVR","M","M","E","R","?","T","M"],"items_purchased_type":["Card"],"build_version":"2020-12-22","purchased_purges":3,"victory":false,"max_hp_per_floor":[70,70,70,70,70,70,70,70,70,70,70,70,77,87,87,87,87,87,87,87,87,87,87,87,87,87,87,87],"card_choices":[{"not_picked":["BeautyBeast","OldLady"],"picked":"UniverseFragment","floor":1},{"not_picked":["Leg Sweep","Poisoned Stab","Infinite Blades"],"picked":"SKIP","floor":1},{"not_picked":["Dagger Spray","Slice","Underhanded Strike"],"picked":"SKIP","floor":4},{"not_picked":["FieryBird","Scorched"],"picked":"CherryBlossoms","floor":5},{"not_picked":["hubris:SlightOfHand","Outmaneuver"],"picked":"Deadly Poison","floor":5},{"not_picked":["Masterful Stab","Slice"],"picked":"Deadly Poison","floor":6},{"not_picked":["LittleHelper","VoidDream"],"picked":"FairyFestival","floor":6},{"not_picked":["Deadly Poison","Footwork","Quick Slash"],"picked":"SKIP","floor":7},{"not_picked":["Bloodbath","MeatLantern","CherryBlossoms"],"picked":"Singing Bowl","floor":13},{"not_picked":["BeautyBeast","OldLady"],"picked":"MHz","floor":13},{"not_picked":["ReplayTheSpireMod:Shiv Toss","Poisoned Stab","Backflip"],"picked":"SKIP","floor":13},{"not_picked":["ReplayTheSpireMod:Shiv Toss","Poisoned Stab","Backflip"],"picked":"SKIP","floor":13},{"not_picked":["Distraction","Flying Knee","Skewer"],"picked":"SKIP","floor":14},{"not_picked":["Tools of the Trade","Burst"],"picked":"Replay:Bag of Tricks","floor":16},{"not_picked":["ShyLook","OldLady"],"picked":"NakedNest","floor":18},{"not_picked":["Dodge and Roll","Bane","Slice"],"picked":"SKIP","floor":18},{"not_picked":["Dodge and Roll","Bane","Slice"],"picked":"SKIP","floor":18},{"not_picked":["Deadly Poison","Escape Plan","Slice"],"picked":"SKIP","floor":21},{"not_picked":["Deadly Poison","Escape Plan","Slice"],"picked":"SKIP","floor":21},{"not_picked":["Sucker Punch","ReplayTheSpireMod:Shiv Toss","Poisoned Stab+1"],"picked":"SKIP","floor":22},{"not_picked":["Quick Slash","Eviscerate"],"picked":"ReplayTheSpireMod:Speed Training+1","floor":23}],"player_experience":10686,"relics_obtained":[{"floor":6,"key":"infinitespire:Satchel"},{"floor":9,"key":"Mercury Hourglass"},{"floor":13,"key":"Strawberry"},{"floor":19,"key":"Replay:Wax Seal"},{"floor":23,"key":"aspiration:FetidBarrel"},{"floor":23,"key":"infinitespire:PuzzleCube"},{"floor":26,"key":"hubris:DisguiseKit"}],"event_choices":[{"damage_healed":0,"gold_gain":0,"player_choice":"Trade","damage_taken":0,"relics_obtained":["SsserpentHead"],"max_hp_gain":0,"max_hp_loss":0,"event_name":"FaceTrader","floor":3,"gold_loss":0},{"damage_healed":0,"gold_gain":0,"player_choice":"Ignored","damage_taken":0,"max_hp_gain":0,"max_hp_loss":0,"event_name":"Transmorgrifier","floor":11,"gold_loss":0}],"is_beta":false,"boss_relics":[{"not_picked":["aspiration:RunicSpoon","hubris:Stopwatch"],"picked":"Replay:Wanted Poster"}],"items_purged_floors":[2,12,20],"is_endless":false,"potions_floor_spawned":[1,4,7,13,22,23],"killed_by":"Snake Plant","ascension_level":0}}