{"host":"sav7uxregyirlf69","time":1611156106,"event":{"mods":["AchievementEnabler","BaseMod","Colored Map","DeckTracker","Keyboard Shortcuts","Minty Spire (QoL Compilation)","READ ME - Guardian Mod","StSLib","SuperFastMode"],"gold_per_floor":[118,118,128,138,19,19,45,45,99,24,40,73,85,97,97,175,175,193,207,122,122,122,154,154,154,154,15,28,28,45,58,58,135,135,149,162,162,62,80,108,108,138,138,156,156,191,207,207,207,207,207,207,207,51,77,77,77],"floor_reached":56,"language":"KOR","playtime":1508,"items_purged":["Strike_G","Strike_G"],"score":2259,"play_id":"f7556eac-e197-4804-ab08-2b802c678520","local_time":"20210121002146","is_ascension_mode":true,"campfire_choices":[{"data":"Blade Dance","floor":6,"key":"SMITH"},{"data":"Accuracy","floor":15,"key":"SMITH"},{"data":"Adrenaline","floor":25,"key":"SMITH"},{"data":"Calculated Gamble","floor":29,"key":"SMITH"},{"data":"Well Laid Plans","floor":32,"key":"SMITH"},{"data":"Neutralize","floor":45,"key":"SMITH"},{"floor":49,"key":"RECALL"},{"data":"Adrenaline","floor":53,"key":"SMITH"}],"circlet_count":0,"master_deck":["AscendersBane","Defend_G","Defend_G","Defend_G","Defend_G","Defend_G","Survivor","Neutralize+1","Dagger Spray","Blade Dance+1","Masterful Stab","Accuracy+1","Die Die Die","Infinite Blades","Well Laid Plans+1","Adrenaline+1","CurseOfTheBell","Blur","Adrenaline+1","Calculated Gamble+1","Dodge and Roll","Cloak And Dagger+1","Deflect+1","Accuracy"],"relics":["Ring of the Snake","PreservedInsect","Pen Nib","Ornamental Fan","Calling Bell","Bag of Preparation","Pear","Tough Bandages","Omamori","Lantern","HornCleat","WarpedTongs","Kunai","SacredBark","Pocketwatch","MealTicket","Toxic Egg 2","Meat on the Bone","Bag of Marbles"],"acts_visited":["Exordium","TheCity","TheBeyond","TheEnding"],"potions_floor_usage":[7,12,16,16,23,33,40,47,51,56],"damage_taken":[{"damage":0,"enemies":"2 Louse","floor":1,"turns":3},{"damage":4,"enemies":"Small Slimes","floor":3,"turns":3},{"damage":1,"enemies":"Jaw Worm","floor":4,"turns":5},{"damage":6,"enemies":"Gremlin Nob","floor":7,"turns":3},{"damage":0,"enemies":"2 Fungi Beasts","floor":11,"turns":2},{"damage":10,"enemies":"Lagavulin","floor":12,"turns":5},{"damage":6,"enemies":"Large Slime","floor":13,"turns":4},{"damage":0,"enemies":"Gremlin Gang","floor":14,"turns":1},{"damage":0,"enemies":"Slime Boss","floor":16,"turns":4},{"damage":7,"enemies":"Shell Parasite","floor":18,"turns":3},{"damage":8,"enemies":"Chosen","floor":19,"turns":4},{"damage":0,"enemies":"Gremlin Leader","floor":23,"turns":2},{"damage":0,"enemies":"Centurion and Healer","floor":28,"turns":3},{"damage":0,"enemies":"3 Cultists","floor":30,"turns":3},{"damage":0,"enemies":"Shelled Parasite and Fungi","floor":31,"turns":3},{"damage":0,"enemies":"Collector","floor":33,"turns":12},{"damage":0,"enemies":"Orb Walker","floor":35,"turns":4},{"damage":0,"enemies":"3 Darklings","floor":36,"turns":3},{"damage":6,"enemies":"Maw","floor":39,"turns":8},{"damage":0,"enemies":"Reptomancer","floor":40,"turns":6},{"damage":1,"enemies":"Nemesis","floor":42,"turns":7},{"damage":0,"enemies":"Jaw Worm Horde","floor":44,"turns":3},{"damage":0,"enemies":"Giant Head","floor":46,"turns":7},{"damage":17,"enemies":"Writhing Mass","floor":47,"turns":9},{"damage":27,"enemies":"Awakened One","floor":50,"turns":21},{"damage":32,"enemies":"Donu and Deca","floor":51,"turns":18},{"damage":3,"enemies":"Shield and Spear","floor":55,"turns":5},{"damage":86,"enemies":"The Heart","floor":56,"turns":5}],"seed_played":"7462200317924809680","potions_obtained":[{"floor":4,"key":"Poison Potion"},{"floor":7,"key":"PowerPotion"},{"floor":11,"key":"FearPotion"},{"floor":14,"key":"Swift Potion"},{"floor":16,"key":"SteroidPotion"},{"floor":28,"key":"ColorlessPotion"},{"floor":33,"key":"Regen Potion"},{"floor":35,"key":"SteroidPotion"},{"floor":40,"key":"Explosive Potion"},{"floor":44,"key":"DistilledChaos"}],"is_trial":false,"path_per_floor":["M","?","M","M","$","R","E","?","T","?","M","E","M","M","R","B",null,"M","M","?","?","?","E","?","R","T","$","M","R","M","M","R","B",null,"M","M","?","$","M","E","?","E","T","M","R","E","M","T","R","B","B",null,"R","$","E","B"],"character_chosen":"THE_SILENT","items_purchased":["Accuracy","Calculated Gamble","PowerPotion","Accuracy","DuplicationPotion"],"campfire_rested":0,"item_purchase_floors":[5,27,27,54,54],"current_hp_per_floor":[65,70,66,65,65,65,59,52,52,52,52,42,36,36,36,36,77,70,62,62,62,62,62,62,62,62,62,62,62,62,62,62,62,81,81,81,81,81,75,75,75,74,74,74,74,74,57,57,57,42,65,82,82,87,84,0,0],"gold":77,"neow_bonus":"TEN_PERCENT_HP_BONUS","is_daily":false,"chose_seed":false,"campfire_upgraded":7,"win_rate":0.0,"timestamp":1611156106,"path_taken":["M","?","M","M","$","R","E","?","T","?","M","E","M","M","R","BOSS","M","M","?","?","?","E","?","R","T","$","M","R","M","M","R","BOSS","M","?","?","$","?","E","?","E","T","?","R","E","M","?","R","BOSS","BOSS","R","$","E","BOSS"],"items_purchased_type":["Card","Card","Potion","Card","Potion"],"build_version":"2020-12-22","purchased_purges":2,"victory":false,"max_hp_per_floor":[72,77,77,77,77,77,77,77,77,77,77,77,77,77,77,77,87,87,87,87,87,87,87,87,87,87,87,87,87,87,87,87,87,87,87,87,87,87,87,87,87,87,87,87,87,87,87,87,87,87,87,87,87,87,87,87,87],"card_choices":[{"not_picked":["Acrobatics","Calculated Gamble"],"picked":"Dagger Spray","floor":1},{"not_picked":["PiercingWail","Caltrops"],"picked":"Blade Dance","floor":3},{"not_picked":["Well Laid Plans","Outmaneuver"],"picked":"Masterful Stab","floor":4},{"not_picked":["Dash","Poisoned Stab"],"picked":"Die Die Die","floor":7},{"not_picked":["Well Laid Plans","Choke"],"picked":"Infinite Blades","floor":11},{"not_picked":["Footwork","Acrobatics","Sucker Punch"],"picked":"SKIP","floor":12},{"not_picked":["Eviscerate","Prepared","Skewer"],"picked":"SKIP","floor":13},{"not_picked":["Quick Slash","Dash"],"picked":"Well Laid Plans","floor":14},{"not_picked":["Tools of the Trade","Venomology"],"picked":"Adrenaline","floor":16},{"not_picked":["Expertise","All Out Attack"],"picked":"Blur","floor":18},{"not_picked":["Slice","Backflip","Flying Knee"],"picked":"SKIP","floor":19},{"not_picked":["Prepared","Dodge and Roll"],"picked":"Adrenaline","floor":23},{"not_picked":["Skewer","Deflect","Finisher"],"picked":"SKIP","floor":28},{"not_picked":["Outmaneuver","Acrobatics","Deadly Poison"],"picked":"SKIP","floor":30},{"not_picked":["Dagger Spray","Deflect"],"picked":"Dodge and Roll","floor":31},{"not_picked":["Dodge and Roll","Backstab"],"picked":"Cloak And Dagger","floor":35},{"not_picked":["Backflip","Sucker Punch"],"picked":"Deflect+1","floor":36},{"not_picked":["Acrobatics+1","Dagger Throw","Flying Knee"],"picked":"SKIP","floor":39},{"not_picked":["Infinite Blades","Caltrops","Deadly Poison+1"],"picked":"SKIP","floor":40},{"not_picked":["Quick Slash","Distraction","Deadly Poison+1"],"picked":"SKIP","floor":42},{"not_picked":["Quick Slash","Distraction","Deadly Poison+1"],"picked":"SKIP","floor":42},{"not_picked":["Deadly Poison+1","Sucker Punch+1","Skewer"],"picked":"SKIP","floor":44},{"not_picked":["Poisoned Stab","PiercingWail+1","Deadly Poison+1"],"picked":"SKIP","floor":46},{"not_picked":["Leg Sweep+1","Bane","Dagger Spray"],"picked":"SKIP","floor":47},{"not_picked":["Well Laid Plans","Acrobatics+1","Outmaneuver+1"],"picked":"SKIP","floor":55}],"player_experience":1334720,"relics_obtained":[{"floor":7,"key":"PreservedInsect"},{"floor":9,"key":"Pen Nib"},{"floor":12,"key":"Ornamental Fan"},{"floor":17,"key":"Bag of Preparation"},{"floor":17,"key":"Pear"},{"floor":17,"key":"Tough Bandages"},{"floor":23,"key":"HornCleat"},{"floor":26,"key":"Kunai"},{"floor":40,"key":"Pocketwatch"},{"floor":42,"key":"MealTicket"},{"floor":46,"key":"Toxic Egg 2"},{"floor":48,"key":"Meat on the Bone"},{"floor":55,"key":"Bag of Marbles"}],"event_choices":[{"damage_healed":0,"gold_gain":0,"player_choice":"Donut","damage_taken":0,"max_hp_gain":5,"max_hp_loss":0,"event_name":"Big Fish","floor":2,"gold_loss":0},{"cards_removed":["Strike_G"],"damage_healed":0,"gold_gain":0,"player_choice":"Card Removal","damage_taken":7,"max_hp_gain":0,"max_hp_loss":0,"event_name":"Golden Wing","floor":8,"gold_loss":0},{"cards_removed":["Strike_G"],"damage_healed":0,"gold_gain":0,"player_choice":"Card Removal","damage_taken":0,"max_hp_gain":0,"max_hp_loss":0,"event_name":"The Cleric","floor":10,"gold_loss":75},{"damage_healed":0,"gold_gain":0,"player_choice":"Obtained Relic","damage_taken":0,"relics_obtained":["Omamori"],"max_hp_gain":0,"max_hp_loss":0,"event_name":"Addict","floor":20,"gold_loss":85},{"damage_healed":0,"gold_gain":0,"player_choice":"Opened","damage_taken":0,"relics_obtained":["Lantern"],"max_hp_gain":0,"max_hp_loss":0,"event_name":"The Mausoleum","floor":21,"gold_loss":0,"cards_obtained":["Writhe"]},{"damage_healed":0,"gold_gain":0,"player_choice":"Ignored","damage_taken":0,"max_hp_gain":0,"max_hp_loss":0,"event_name":"Vampires","floor":22,"gold_loss":0},{"damage_healed":0,"gold_gain":0,"player_choice":"Rummage","damage_taken":0,"relics_obtained":["WarpedTongs"],"max_hp_gain":0,"max_hp_loss":0,"event_name":"Accursed Blacksmith","floor":24,"gold_loss":0,"cards_obtained":["Pain"]},{"damage_healed":0,"gold_gain":0,"player_choice":"Upgraded","damage_taken":0,"max_hp_gain":0,"max_hp_loss":0,"event_name":"Upgrade Shrine","floor":37,"gold_loss":0,"cards_upgraded":["Cloak And Dagger"]},{"cards_removed":["Strike_G"],"damage_healed":0,"gold_gain":0,"player_choice":"Purged","damage_taken":0,"max_hp_gain":0,"max_hp_loss":0,"event_name":"Purifier","floor":41,"gold_loss":0}],"is_beta":false,"boss_relics":[{"not_picked":["Ectoplasm","HoveringKite"],"picked":"Calling Bell"},{"not_picked":["Snecko Eye","Velvet Choker"],"picked":"SacredBark"}],"items_purged_floors":[5,38],"is_endless":false,"potions_floor_spawned":[4,7,11,14,16,28,30,31,33,35,40,44,46],"killed_by":"The Heart","ascension_level":20}}