{"host":"c59jaj2b7ki1imdm","time":1611176177,"event":{"mods":["AchievementEnabler","BaseMod","Hermit","Hubris","Minty Spire (QoL Compilation)","StSLib","The Construct","The Hierophant"],"gold_per_floor":[113,126,142,142,154,179,193,193,243,263,273,273,273,306,306,402,402,421,437,437,43,57,91,91,107,107,142,142,159,174,174,174,273,273,284,294,27,41,0,30,47,61,109,121,121,121,141,157,157,157,157],"floor_reached":50,"language":"ENG","playtime":4906,"items_purged":[],"score":557,"play_id":"dc0fb8c3-bb20-41ef-93a4-fdf783be064b","local_time":"20210120215617","is_ascension_mode":false,"campfire_choices":[{"floor":8,"key":"REST"},{"data":"Static Discharge","floor":12,"key":"SMITH"},{"data":"Biased Cognition","floor":15,"key":"SMITH"},{"floor":24,"key":"REST"},{"floor":28,"key":"REST"},{"floor":32,"key":"REST"},{"floor":46,"key":"REST"},{"floor":49,"key":"REST"}],"circlet_count":0,"master_deck":["Strike_B","Strike_B","Strike_B","Strike_B","Defend_B","Defend_B","Defend_B","Zap","Dualcast","Compile Driver","Cold Snap","Biased Cognition+1","Go for the Eyes","Static Discharge+1","Compile Driver","Coolheaded","Streamline","Ball Lightning","Rainbow","Fusion","Barrage","Mind Blast","Stack","Beam Cell+1","Sweeping Beam","Lockon+1","Beam Cell+1","Turbo+1","Stack+1","Electrodynamics","BootSequence","Loop","Dramatic Entrance","Darkness","Sunder","Lockon","Lockon+1","Stack+1","Glacier","Go for the Eyes","Self Repair","Enlightenment","Sunder+1","Blizzard+1","Coolheaded+1","Barrage"],"relics":["Cracked Core","Darkstone Periapt","PreservedInsect","hubris:Spice","Mango","Anchor","construct:ClawGrip","Red Mask","Dream Catcher","Pen Nib"],"acts_visited":["Exordium","TheCity","TheBeyond"],"potions_floor_usage":[11,16,16,22,25,29,42,50,50],"damage_taken":[{"damage":0,"enemies":"Cultist","floor":1,"turns":3},{"damage":0,"enemies":"Small Slimes","floor":2,"turns":3},{"damage":0,"enemies":"2 Louse","floor":3,"turns":2},{"damage":0,"enemies":"Exordium Thugs","floor":5,"turns":4},{"damage":12,"enemies":"3 Sentries","floor":6,"turns":8},{"damage":10,"enemies":"Blue Slaver","floor":7,"turns":3},{"damage":1,"enemies":"Large Slime","floor":10,"turns":5},{"damage":13,"enemies":"3 Louse","floor":11,"turns":2},{"damage":7,"enemies":"Lagavulin","floor":14,"turns":4},{"damage":22,"enemies":"Hexaghost","floor":16,"turns":4},{"damage":3,"enemies":"Chosen","floor":18,"turns":4},{"damage":17,"enemies":"2 Thieves","floor":19,"turns":4},{"damage":15,"enemies":"Sentry and Sphere","floor":22,"turns":6},{"damage":47,"enemies":"Slavers","floor":23,"turns":4},{"damage":23,"enemies":"Centurion and Healer","floor":25,"turns":6},{"damage":10,"enemies":"Book of Stabbing","floor":27,"turns":3},{"damage":11,"enemies":"Snake Plant","floor":29,"turns":3},{"damage":6,"enemies":"Sentry and Sphere","floor":30,"turns":4},{"damage":13,"enemies":"Champ","floor":33,"turns":8},{"damage":5,"enemies":"Orb Walker","floor":35,"turns":2},{"damage":13,"enemies":"3 Shapes","floor":36,"turns":3},{"damage":24,"enemies":"Writhing Mass","floor":38,"turns":4},{"damage":41,"enemies":"Nemesis","floor":40,"turns":5},{"damage":8,"enemies":"3 Darklings","floor":41,"turns":4},{"damage":21,"enemies":"Maw","floor":42,"turns":6},{"damage":0,"enemies":"Jaw Worm Horde","floor":44,"turns":3},{"damage":16,"enemies":"Spire Growth","floor":47,"turns":3},{"damage":13,"enemies":"Writhing Mass","floor":48,"turns":3},{"damage":45,"enemies":"Donu and Deca","floor":50,"turns":6}],"seed_played":"-2438889894190490209","potions_obtained":[{"floor":3,"key":"Dexterity Potion"},{"floor":4,"key":"LiquidBronze"},{"floor":4,"key":"GamblersBrew"},{"floor":4,"key":"FairyPotion"},{"floor":10,"key":"Block Potion"},{"floor":14,"key":"Weak Potion"},{"floor":16,"key":"DuplicationPotion"},{"floor":19,"key":"Ancient Potion"},{"floor":25,"key":"Fruit Juice"},{"floor":27,"key":"Swift Potion"},{"floor":41,"key":"Block Potion"},{"floor":44,"key":"PotionOfCapacity"},{"floor":48,"key":"Block Potion"}],"is_trial":false,"path_per_floor":["M","M","M","?","M","E","M","R","T","M","M","R","T","E","R","B",null,"M","M","?","$","M","E","R","M","T","E","R","M","M","?","R","B",null,"M","M","$","M","?","E","M","M","T","M","?","R","M","M","R","B"],"character_chosen":"DEFECT","items_purchased":["hubris:Spice","Mind Blast","Stack","Dramatic Entrance","Darkness","Sunder","Lockon"],"campfire_rested":6,"item_purchase_floors":[21,21,21,37,37,37,37],"current_hp_per_floor":[82,82,82,82,82,70,60,82,82,81,68,68,76,83,83,61,112,109,92,92,92,77,30,61,43,43,33,60,49,43,43,68,55,85,80,67,67,43,43,2,24,3,3,3,3,28,19,6,31,0,0],"gold":157,"neow_bonus":"TEN_PERCENT_HP_BONUS","is_daily":false,"chose_seed":false,"campfire_upgraded":2,"win_rate":0.0,"timestamp":1611176177,"path_taken":["M","M","M","?","M","E","M","R","T","?","M","R","?","E","R","BOSS","M","M","?","?","M","E","R","M","T","E","R","M","M","?","R","BOSS","M","M","$","M","?","E","M","M","T","M","?","R","M","M","R","BOSS"],"items_purchased_type":["Relic","Card","Card","Card","Card","Card","Card"],"build_version":"2020-12-22","purchased_purges":0,"victory":false,"max_hp_per_floor":[82,82,82,82,82,82,82,82,82,82,82,82,90,104,104,104,112,112,112,112,104,104,104,104,109,101,93,93,93,93,85,85,85,85,85,85,85,85,85,85,85,85,85,85,85,85,85,85,85,85,85],"card_choices":[{"not_picked":["Gash","Rebound"],"picked":"Compile Driver","floor":1},{"not_picked":["Stack","Sweeping Beam"],"picked":"Cold Snap","floor":2},{"not_picked":["hubris:Ukulele","Gash"],"picked":"Biased Cognition","floor":3},{"not_picked":["Barrage","Turbo"],"picked":"Go for the Eyes","floor":5},{"not_picked":["Steam Power","hubris:PowerSurge"],"picked":"Static Discharge","floor":6},{"not_picked":["Consume","Turbo"],"picked":"Compile Driver","floor":7},{"not_picked":["Reprogram","Leap"],"picked":"Coolheaded","floor":10},{"not_picked":["Steam","Turbo"],"picked":"Streamline","floor":11},{"not_picked":["Consume","Leap"],"picked":"Ball Lightning","floor":14},{"not_picked":["hubris:SpecializedCircuitry","Biased Cognition"],"picked":"Rainbow","floor":16},{"not_picked":["Steam+1","Reprogram+1"],"picked":"Fusion","floor":18},{"not_picked":["hubris:SpiceAddiction","Ball Lightning"],"picked":"Barrage","floor":19},{"not_picked":["Stack","Turbo"],"picked":"Beam Cell+1","floor":22},{"not_picked":["Hello World","Genetic Algorithm"],"picked":"Sweeping Beam","floor":23},{"not_picked":["Rip and Tear","Gash"],"picked":"Lockon+1","floor":25},{"not_picked":["Hello World","Melter+1"],"picked":"Beam Cell+1","floor":27},{"not_picked":["Compile Driver","Conserve Battery"],"picked":"Turbo+1","floor":29},{"not_picked":["hubris:SpiceAddiction","Machine Learning"],"picked":"Stack+1","floor":30},{"not_picked":["Rainbow","Creative AI"],"picked":"Electrodynamics","floor":33},{"not_picked":["Turbo","Ball Lightning"],"picked":"BootSequence","floor":35},{"not_picked":["Genetic Algorithm","Chaos"],"picked":"Loop","floor":36},{"not_picked":["Barrage+1","hubris:SpiceAddiction"],"picked":"Lockon+1","floor":38},{"not_picked":["Rebound+1","Steam"],"picked":"Stack+1","floor":40},{"not_picked":["Cold Snap+1","Ball Lightning+1"],"picked":"Glacier","floor":41},{"not_picked":["Scrape+1","Coolheaded"],"picked":"Go for the Eyes","floor":42},{"not_picked":["Defragment+1","Ball Lightning"],"picked":"Self Repair","floor":44},{"not_picked":["hubris:EnhanceAbility","Madness"],"picked":"Enlightenment","floor":45},{"not_picked":["Sweeping Beam","Redo+1"],"picked":"Sunder+1","floor":46},{"not_picked":["Rebound","Streamline+1"],"picked":"Blizzard+1","floor":47},{"not_picked":["Go for the Eyes+1","Ball Lightning+1"],"picked":"Coolheaded+1","floor":48},{"not_picked":["hubris:SpiceAddiction","Hello World"],"picked":"Barrage","floor":49}],"player_experience":142141,"relics_obtained":[{"floor":6,"key":"Darkstone Periapt"},{"floor":9,"key":"PreservedInsect"},{"floor":13,"key":"hubris:Spice"},{"floor":14,"key":"Mango"},{"floor":23,"key":"Anchor"},{"floor":26,"key":"hubris:Spice"},{"floor":27,"key":"hubris:Spice"},{"floor":40,"key":"Dream Catcher"},{"floor":43,"key":"Pen Nib"}],"event_choices":[{"damage_healed":0,"gold_gain":0,"player_choice":"Got Potions","damage_taken":0,"max_hp_gain":0,"max_hp_loss":0,"event_name":"Lab","floor":4,"gold_loss":0},{"cards_removed":["Defend_B"],"damage_healed":0,"gold_gain":0,"player_choice":"Purged","damage_taken":0,"max_hp_gain":0,"max_hp_loss":0,"event_name":"Purifier","floor":20,"gold_loss":0},{"damage_healed":0,"gold_gain":0,"player_choice":"Gave Potion","damage_taken":0,"relics_obtained":["hubris:Spice"],"max_hp_gain":0,"max_hp_loss":0,"event_name":"WeMeetAgain","floor":31,"gold_loss":0},{"damage_healed":0,"gold_gain":0,"player_choice":"Paid","damage_taken":0,"relics_obtained":["Red Mask"],"max_hp_gain":0,"max_hp_loss":0,"event_name":"Tomb of Lord Red Mask","floor":39,"gold_loss":41},{"damage_healed":0,"gold_gain":0,"player_choice":"Memory 1","damage_taken":0,"max_hp_gain":0,"max_hp_loss":0,"event_name":"SensoryStone","floor":45,"gold_loss":0}],"is_beta":false,"boss_relics":[{"not_picked":["hubris:Spice","hubris:CrackedHourglass"],"picked":"hubris:Spice"},{"not_picked":["hubris:Spice","Runic Pyramid"],"picked":"construct:ClawGrip"}],"items_purged_floors":[],"is_endless":false,"potions_floor_spawned":[3,7,10,14,16,19,25,27,41,44,48],"killed_by":"Donu and Deca","ascension_level":0}}