{"host":"xzk9bt2l7avnb6n5","time":1611117901,"event":{"mods":["Aspiration","BaseMod","Conspire","Downfall","Highlight Path","Infinite Spire","Minty Spire (QoL Compilation)","Shop Mod","StSLib","The Wild Card"],"gold_per_floor":[99,118,193,193,207,107,107,126,146,146,177,194,5,5,15,115,115,15,34,44,44,44,59,82,93,93,127,127,127,127,127,147,249,299,299,314,329,329,348,348,373,391,391,391,391],"floor_reached":43,"language":"ENG","playtime":1919,"items_purged":[],"score":450,"play_id":"70adf94c-c4c2-49fa-85c4-92fb8476d788","local_time":"20210119214501","is_ascension_mode":false,"campfire_choices":[{"floor":1,"key":"RECALL"},{"data":"Slimebound:Split","floor":6,"key":"SMITH"},{"data":"Slimebound:ItLooksTasty","floor":10,"key":"SMITH"},{"data":"expansioncontent:DashGenerateEvil","floor":18,"key":"SMITH"},{"floor":26,"key":"REST"},{"floor":28,"key":"REST"},{"data":"Slimebound:LeechLife","floor":30,"key":"SMITH"},{"data":"Slimebound:MassFeed","floor":35,"key":"SMITH"},{"floor":40,"key":"REST"}],"circlet_count":0,"master_deck":["Slimebound:Strike_Slimebound","Slimebound:Strike_Slimebound","Slimebound:Strike_Slimebound","Slimebound:Tackle","Slimebound:Defend_Slimebound","Slimebound:Defend_Slimebound","Slimebound:Defend_Slimebound+1","Slimebound:Defend_Slimebound","Slimebound:Split+1","Slimebound:CorrosiveSpit","Slimebound:PressTheAttack","Slimebound:ItLooksTasty+1","Slimebound:SamplingLick","Slimebound:LeechEnergy","Slimebound:RainOfGoop","expansioncontent:DashGenerateEvil+1","Parasite","Slimebound:LeechEnergy","Slimebound:LeechLife+1","Slimebound:HungryTackle+1","Slimebound:Schlurp+1","Pride","Slimebound:Gluttony+1","Slimebound:SamplingLick+1","Slimebound:GoopSpray","Slimebound:DisruptingSlam","Slimebound:SpikyOuterGoop+1","Slimebound:RejuvenatingLick","Slimebound:MassFeed+1","Slimebound:GrowthPunch+1","Slimebound:DivideAndConquer+1","Slimebound:LeadByExample","Slimebound:LevelUp+1","Slimebound:ForwardTackle+1","Slimebound:MegaLick+1"],"relics":["Slimebound:AbsorbEndCombat","Dream Catcher","downfall:HeartBlessingRed","Incense Burner","Regal Pillow","downfall:HeartBlessingGreen","Lantern","Ancient Tea Set","conspire:Dentures","Philosopher\u0027s Stone","conspire:TopHat","Tiny House"],"acts_visited":["Exordium","TheCity","TheBeyond"],"potions_floor_usage":[5,11,13,15,16,20,27,27,36,43],"damage_taken":[{"damage":3,"enemies":"conspire:RoseBush","floor":2,"turns":4},{"damage":0,"enemies":"Small Slimes","floor":5,"turns":4},{"damage":6,"enemies":"Jaw Worm","floor":8,"turns":2},{"damage":0,"enemies":"2 Fungi Beasts","floor":9,"turns":2},{"damage":6,"enemies":"Gremlin Nob","floor":11,"turns":4},{"damage":2,"enemies":"3 Louse","floor":12,"turns":3},{"damage":3,"enemies":"downfall:FleeingMerchant","floor":13,"turns":4},{"damage":13,"enemies":"conspire:2 RoseBushes","floor":15,"turns":3},{"damage":31,"enemies":"WA_ARCHETYPE_RETAIN","floor":16,"turns":6},{"damage":6,"enemies":"conspire:FuzzyDice","floor":19,"turns":5},{"damage":24,"enemies":"Shell Parasite","floor":20,"turns":4},{"damage":8,"enemies":"Snecko","floor":23,"turns":4},{"damage":19,"enemies":"Sentry and Sphere","floor":25,"turns":5},{"damage":13,"enemies":"conspire:SneckoGhost","floor":27,"turns":6},{"damage":1,"enemies":"Cultist and Chosen","floor":32,"turns":6},{"damage":63,"enemies":"IC_MUSHROOM_ARCHETYPE","floor":33,"turns":10},{"damage":3,"enemies":"3 Shapes","floor":36,"turns":3},{"damage":12,"enemies":"Orb Walker","floor":37,"turns":3},{"damage":35,"enemies":"4 Shapes","floor":39,"turns":4},{"damage":34,"enemies":"Spire Growth","floor":42,"turns":4},{"damage":48,"enemies":"Reptomancer","floor":43,"turns":2}],"seed_played":"-3025510571061260323","potions_obtained":[{"floor":5,"key":"EntropicBrew"},{"floor":8,"key":"Dexterity Potion"},{"floor":11,"key":"PowerPotion"},{"floor":15,"key":"SkillPotion"},{"floor":19,"key":"AttackPotion"},{"floor":20,"key":"Weak Potion"},{"floor":23,"key":"SkillPotion"},{"floor":34,"key":"AttackPotion"},{"floor":42,"key":"SkillPotion"}],"is_trial":false,"path_per_floor":["R","M","?","?","M","R","T","M","M","R","E","M","$","?","M","B",null,"R","M","M","?","?","M","T","M","R","E","R","?","R","AVR","M","B",null,"R","M","M","?","M","R","T","M","E"],"character_chosen":"SLIMEBOUND","items_purchased":["expansioncontent:DashGenerateEvil"],"campfire_rested":3,"item_purchase_floors":[13],"current_hp_per_floor":[65,65,65,65,65,65,65,63,65,65,61,61,60,65,60,35,65,65,60,40,40,40,40,40,33,65,54,65,65,65,65,65,21,70,70,70,66,66,43,74,74,42,0,0,0],"gold":391,"neow_bonus":"RANDOM_COMMON_RELIC","is_daily":false,"chose_seed":false,"campfire_upgraded":5,"win_rate":0.0,"timestamp":1611117901,"path_taken":["R","M","?","?","?","R","T","M","M","R","E","M","$","?","M","BOSS","R","M","M","?","?","?","T","M","R","E","R","?","R","AVR","M","BOSS","R","M","M","?","M","R","T","M","E"],"items_purchased_type":["Card"],"build_version":"2020-12-22","purchased_purges":0,"victory":false,"max_hp_per_floor":[65,65,65,65,65,65,65,65,65,65,65,65,65,65,65,65,65,65,65,65,65,65,65,65,65,65,65,65,65,65,65,65,65,70,70,70,70,70,74,74,74,74,74,74,74],"card_choices":[{"not_picked":["Slimebound:GoopSpray","Slimebound:LeechEnergy"],"picked":"Slimebound:PressTheAttack","floor":2},{"not_picked":["Slimebound:ViciousTackle","Slimebound:FlameTackle"],"picked":"Slimebound:ItLooksTasty","floor":5},{"not_picked":["Slimebound:LeadByExample","Slimebound:SplitAcid"],"picked":"Slimebound:SamplingLick","floor":8},{"not_picked":["Slimebound:ProtectTheBoss","Slimebound:DivideAndConquer","Slimebound:Dissolve"],"picked":"SKIP","floor":9},{"not_picked":["Slimebound:SplitAcid","Slimebound:SplitBruiser"],"picked":"Slimebound:LeechEnergy","floor":11},{"not_picked":["Slimebound:Recollect","Slimebound:LeechEnergy"],"picked":"Slimebound:RainOfGoop","floor":12},{"not_picked":["Slimebound:ComboTackle","Slimebound:LeechingTouch"],"picked":"Slimebound:SplitMire","floor":13},{"not_picked":["Slimebound:SplitLeeching","Slimebound:LeadByExample"],"picked":"Slimebound:LeechEnergy","floor":15},{"not_picked":["Slimebound:DuplicatedForm","Slimebound:DouseInSlime"],"picked":"Slimebound:LeechLife","floor":16},{"not_picked":["Slimebound:SplitAcid","Slimebound:SplitMire"],"picked":"Slimebound:HungryTackle+1","floor":19},{"not_picked":["Slimebound:PressTheAttack","Slimebound:SplitLeeching"],"picked":"Slimebound:Schlurp","floor":20},{"not_picked":["Slimebound:Gluttony+1","Slimebound:Equalize","Slimebound:FinishingTackle"],"picked":"SKIP","floor":23},{"not_picked":["Slimebound:Equalize","Slimebound:FinishingTackle"],"picked":"Slimebound:Gluttony+1","floor":23},{"not_picked":["Slimebound:LeechingTouch","Slimebound:ForwardTackle+1"],"picked":"Slimebound:SamplingLick+1","floor":25},{"not_picked":["Slimebound:LeechEnergy+1","Slimebound:SplitLeeching+1"],"picked":"Slimebound:GoopSpray","floor":26},{"not_picked":["Slimebound:LivingWall","Slimebound:AcidTongue"],"picked":"Slimebound:DisruptingSlam","floor":27},{"not_picked":["Slimebound:SplitAcid+1","Slimebound:LeechEnergy+1"],"picked":"Slimebound:SpikyOuterGoop+1","floor":28},{"not_picked":["Slimebound:Dissolve","Slimebound:Gluttony"],"picked":"Slimebound:RejuvenatingLick","floor":32},{"not_picked":["Slimebound:TagTeam","Slimebound:CheckThePlaybook"],"picked":"Slimebound:MassFeed","floor":33},{"not_picked":["Slimebound:ServeAndProtect+1","Slimebound:AcidTongue"],"picked":"Slimebound:GrowthPunch+1","floor":34},{"not_picked":["Slimebound:LeechEnergy+1","Slimebound:PressTheAttack"],"picked":"Slimebound:DivideAndConquer+1","floor":36},{"not_picked":["Slimebound:GoopTackle+1","Slimebound:SplitMire+1"],"picked":"Slimebound:LeadByExample","floor":37},{"not_picked":["Slimebound:FlameTackle","Slimebound:Gluttony"],"picked":"Slimebound:LevelUp+1","floor":39},{"not_picked":["Slimebound:RollThrough","Slimebound:GrowthPunch"],"picked":"Slimebound:ForwardTackle+1","floor":40},{"not_picked":["Slimebound:SlimeSpikes+1","Slimebound:SplitBruiser"],"picked":"Slimebound:MegaLick+1","floor":42}],"player_experience":479290,"relics_obtained":[{"floor":7,"key":"Incense Burner"},{"floor":11,"key":"Regal Pillow"},{"floor":24,"key":"Ancient Tea Set"},{"floor":27,"key":"conspire:Dentures"}],"event_choices":[{"damage_healed":16,"gold_gain":0,"player_choice":"Healed and dodged fight","damage_taken":0,"max_hp_gain":0,"max_hp_loss":0,"event_name":"Mushrooms","floor":14,"gold_loss":0,"cards_obtained":["Parasite"]},{"damage_healed":0,"gold_gain":0,"player_choice":"Stole Relic","damage_taken":0,"relics_obtained":["Lantern"],"max_hp_gain":0,"max_hp_loss":0,"event_name":"Addict","floor":21,"gold_loss":0,"cards_obtained":["Pride"]},{"damage_healed":0,"gold_gain":0,"player_choice":"Ignored","damage_taken":0,"max_hp_gain":0,"max_hp_loss":0,"event_name":"Vampires","floor":29,"gold_loss":0},{"cards_removed":["Slimebound:SplitMire"],"damage_healed":0,"gold_gain":0,"player_choice":"Removed Skill","damage_taken":0,"max_hp_gain":0,"max_hp_loss":0,"event_name":"Falling","floor":38,"gold_loss":0}],"is_beta":false,"boss_relics":[{"not_picked":["Sozu","aspiration:DefectSkillbook","aspiration:RitualDagger"]},{"not_picked":["aspiration:SecretTechniqueScroll","conspire:SeveredTorchhead"],"picked":"Tiny House"}],"items_purged_floors":[],"is_endless":false,"potions_floor_spawned":[5,8,11,15,19,20,23,27,42],"killed_by":"Reptomancer","ascension_level":0}}