{"host":"vfh4a5lsno7fg1vy","time":1611161368,"event":{"mods":["BaseMod","Minty Spire (QoL Compilation)","StSLib","Synergy Search"],"gold_per_floor":[119,12,12,12,37,74,86,133,145,183,206,218,116,116,116,220,220,231,231,251,266,266,266,266],"floor_reached":23,"language":"KOR","playtime":911,"items_purged":[],"score":281,"play_id":"774a5fc3-062c-4478-b7c9-28c6cafbd225","local_time":"20210121014928","is_ascension_mode":true,"campfire_choices":[{"data":"Jack Of All Trades","floor":7.0,"key":"SMITH"},{"data":"Armaments","floor":12.0,"key":"SMITH"},{"floor":15.0,"key":"REST"}],"circlet_count":0,"master_deck":["Strike_R","Strike_R","Strike_R","Strike_R","Strike_R","Bash","Uppercut","Jack Of All Trades+1","Shrug It Off","Heavy Blade","Inflame","Perfected Strike","Armaments+1","Spot Weakness","Rupture","Double Tap","Sword Boomerang+1","Heavy Blade+1","Warcry+1","Flex","Heavy Blade+1","Clothesline"],"relics":["Burning Blood","NeowsBlessing","Anchor","MawBank","Vajra","Pantograph","War Paint","Pear","Astrolabe","Toy Ornithopter"],"acts_visited":["Exordium","TheCity"],"potions_floor_usage":[],"damage_taken":[{"damage":0.0,"enemies":"Jaw Worm","floor":1.0,"turns":1.0},{"damage":3.0,"enemies":"3 Sentries","floor":6.0,"turns":2.0},{"damage":0.0,"enemies":"Gremlin Nob","floor":8.0,"turns":1.0},{"damage":43.0,"enemies":"3 Sentries","floor":10.0,"turns":9.0},{"damage":6.0,"enemies":"2 Louse","floor":11.0,"turns":3.0},{"damage":79.0,"enemies":"The Guardian","floor":16.0,"turns":10.0},{"damage":23.0,"enemies":"Shell Parasite","floor":18.0,"turns":4.0},{"damage":30.0,"enemies":"Spheric Guardian","floor":20.0,"turns":4.0},{"damage":6,"enemies":"Cultist and Chosen","floor":21,"turns":5},{"damage":51,"enemies":"Book of Stabbing","floor":23,"turns":4}],"seed_played":"-8334365557457433365","potions_obtained":[{"floor":1.0,"key":"SpeedPotion"},{"floor":16.0,"key":"SkillPotion"},{"floor":18.0,"key":"SteroidPotion"},{"floor":21,"key":"PowerPotion"}],"is_trial":false,"path_per_floor":["M","$","?","?","T","E","R","E","T","E","M","R","$","?","R","B",null,"M","?","M","M","?","E"],"character_chosen":"IRONCLAD","items_purchased":["Jack Of All Trades","Shrug It Off","Spot Weakness","Rupture"],"campfire_rested":1,"item_purchase_floors":[2,2,13,13],"current_hp_per_floor":[80,80,80,64,64,67,67,73,73,46,46,46,46,39,66,17,90,73,73,49,49,49,0,0],"gold":266,"neow_bonus":"THREE_ENEMY_KILL","is_daily":false,"chose_seed":false,"campfire_upgraded":2,"win_rate":0.0,"timestamp":1611161368,"path_taken":["M","$","?","?","?","E","R","E","T","E","M","R","$","?","R","BOSS","M","?","M","?","?","E"],"items_purchased_type":["Card","Card","Card","Card"],"build_version":"2020-12-22","purchased_purges":0,"victory":false,"max_hp_per_floor":[80,80,80,80,80,80,80,80,80,90,90,90,90,90,90,90,90,90,90,90,90,90,90,90],"card_choices":[{"not_picked":["Sever Soul","Shrug It Off"],"picked":"Uppercut","floor":1.0},{"not_picked":["Feel No Pain","Anger"],"picked":"Heavy Blade","floor":6.0},{"not_picked":["Seeing Red","Shrug It Off"],"picked":"Inflame","floor":8.0},{"not_picked":["Burning Pact","Anger"],"picked":"Perfected Strike","floor":10.0},{"not_picked":["Sever Soul","Thunderclap"],"picked":"Armaments","floor":11.0},{"not_picked":["Fiend Fire","Exhume"],"picked":"Double Tap","floor":16.0},{"not_picked":["Disarm","Reckless Charge"],"picked":"Flex","floor":18.0},{"not_picked":["Thunderclap","Pommel Strike+1"],"picked":"Heavy Blade+1","floor":20.0},{"not_picked":["Exhume","Clash"],"picked":"Clothesline","floor":21}],"player_experience":218605,"relics_obtained":[{"floor":5.0,"key":"MawBank"},{"floor":6.0,"key":"Vajra"},{"floor":8.0,"key":"Pantograph"},{"floor":9.0,"key":"War Paint"},{"floor":10.0,"key":"Pear"}],"event_choices":[{"damage_healed":0.0,"max_hp_gain":0.0,"max_hp_loss":0.0,"gold_gain":0.0,"event_name":"Big Fish","player_choice":"Box","floor":3.0,"gold_loss":0.0,"damage_taken":0.0,"relics_obtained":["Anchor"],"cards_obtained":["Regret"]},{"damage_healed":0.0,"max_hp_gain":0.0,"max_hp_loss":0.0,"gold_gain":0.0,"event_name":"Shining Light","player_choice":"Entered Light","floor":4.0,"gold_loss":0.0,"damage_taken":16.0,"cards_upgraded":["Defend_R","Defend_R"]},{"cards_removed":["Regret"],"damage_healed":0.0,"max_hp_gain":0.0,"max_hp_loss":0.0,"gold_gain":0.0,"event_name":"Golden Wing","player_choice":"Card Removal","floor":14.0,"gold_loss":0.0,"damage_taken":7.0},{"cards_removed":["Defend_R"],"damage_healed":0.0,"max_hp_gain":0.0,"max_hp_loss":0.0,"gold_gain":0.0,"event_name":"Purifier","player_choice":"Purged","floor":19.0,"gold_loss":0.0,"damage_taken":0.0},{"damage_healed":0,"gold_gain":0,"player_choice":"Opened","damage_taken":0,"relics_obtained":["Toy Ornithopter"],"max_hp_gain":0,"max_hp_loss":0,"event_name":"The Mausoleum","floor":22,"gold_loss":0}],"is_beta":false,"boss_relics":[{"not_picked":["Busted Crown","Coffee Dripper"],"picked":"Astrolabe"}],"items_purged_floors":[],"is_endless":false,"potions_floor_spawned":[1,16,18,21],"killed_by":"Book of Stabbing","ascension_level":2}}