{"host":"xi8yg1ddhptuxb9d","time":1611108095,"event":{"mods":["AchievementEnabler","AlwaysNeverKeys","BaseMod","Block Reminder","Minty Spire (QoL Compilation)","Relic Sorter","StSLib"],"gold_per_floor":[109,109,134,134,157,198,198,40,40,60,60,83,83,116,116,116,116],"floor_reached":16,"language":"ENG","playtime":587,"items_purged":[],"score":220,"play_id":"e22e3dc1-bb07-4b70-bfc3-536ee0323ed8","local_time":"20210119210135","is_ascension_mode":true,"campfire_choices":[{"floor":11.0,"key":"REST"},{"floor":13,"key":"REST"},{"floor":15,"key":"REST"}],"circlet_count":0,"master_deck":["AscendersBane","Strike_P","Strike_P","Strike_P","Strike_P","Defend_P","Defend_P","Defend_P","Defend_P","Eruption+1","Vigilance+1","Consecrate","Injury","FlyingSleeves","Judgement","EmptyFist","DeceiveReality"],"relics":["PureWater","Golden Idol","Centennial Puzzle","Calipers","Omamori","Darkstone Periapt","Gremlin Horn"],"acts_visited":["Exordium"],"potions_floor_usage":[16],"damage_taken":[{"damage":5.0,"enemies":"2 Louse","floor":1.0,"turns":3.0},{"damage":6.0,"enemies":"Small Slimes","floor":3.0,"turns":5.0},{"damage":7.0,"enemies":"Jaw Worm","floor":5.0,"turns":4.0},{"damage":25.0,"enemies":"3 Sentries","floor":6.0,"turns":11.0},{"damage":0.0,"enemies":"Exordium Thugs","floor":10.0,"turns":2.0},{"damage":20,"enemies":"Gremlin Gang","floor":12,"turns":4},{"damage":23,"enemies":"Lagavulin","floor":14,"turns":7},{"damage":26,"enemies":"The Guardian","floor":16,"turns":13}],"seed_played":"8398232129313988130","potions_obtained":[{"floor":1.0,"key":"Strength Potion"},{"floor":3.0,"key":"StancePotion"},{"floor":12,"key":"Ancient Potion"}],"is_trial":false,"path_per_floor":["M","?","M","?","M","E","?","$","T","M","R","M","R","E","R","B"],"character_chosen":"WATCHER","items_purchased":["Omamori"],"campfire_rested":3,"item_purchase_floors":[8],"current_hp_per_floor":[56,56,50,50,43,18,7,7,7,7,27,7,27,4,24,0,0],"gold":116,"neow_bonus":"UPGRADE_CARD","is_daily":false,"chose_seed":false,"campfire_upgraded":0,"win_rate":0.0,"timestamp":1611108095,"path_taken":["M","?","M","?","M","E","?","?","T","M","R","?","R","E","R","BOSS"],"items_purchased_type":["Relic"],"build_version":"2020-12-22","purchased_purges":0,"victory":false,"max_hp_per_floor":[68,68,68,68,68,68,68,68,68,68,68,68,68,68,68,68,68],"card_choices":[{"not_picked":["InnerPeace","WindmillStrike"],"picked":"Consecrate","floor":1.0},{"not_picked":["WindmillStrike","Study","Halt"],"picked":"SKIP","floor":3.0},{"not_picked":["CrushJoints","SashWhip"],"picked":"FlyingSleeves","floor":5.0},{"not_picked":["FollowUp","EmptyBody"],"picked":"Judgement","floor":6.0},{"not_picked":["Weave","SashWhip"],"picked":"EmptyFist","floor":10.0},{"not_picked":["Nirvana","Indignation","FlyingSleeves"],"picked":"SKIP","floor":12},{"not_picked":["Protect","Prostrate"],"picked":"DeceiveReality","floor":14}],"player_experience":651926,"relics_obtained":[{"floor":6.0,"key":"Centennial Puzzle"},{"floor":9.0,"key":"Darkstone Periapt"},{"floor":14,"key":"Gremlin Horn"}],"event_choices":[{"damage_healed":0.0,"max_hp_gain":0.0,"max_hp_loss":0.0,"gold_gain":0.0,"event_name":"Golden Idol","player_choice":"Take Wound","floor":2.0,"gold_loss":0.0,"damage_taken":0.0,"relics_obtained":["Golden Idol"],"cards_obtained":["Injury"]},{"damage_healed":0.0,"max_hp_gain":0.0,"max_hp_loss":0.0,"gold_gain":0.0,"event_name":"Living Wall","player_choice":"Grow","floor":4.0,"gold_loss":0.0,"damage_taken":0.0,"cards_upgraded":["Vigilance"]},{"damage_healed":0.0,"max_hp_gain":0.0,"max_hp_loss":0.0,"gold_gain":0.0,"event_name":"Scrap Ooze","player_choice":"Success","floor":7.0,"gold_loss":0.0,"damage_taken":11.0,"relics_obtained":["Calipers"]}],"is_beta":false,"boss_relics":[],"items_purged_floors":[],"is_endless":false,"potions_floor_spawned":[1,3,5,12,14],"killed_by":"The Guardian","ascension_level":20}}