{"host":"1a3cjta80tad0aqj","time":1611104189,"event":{"mods":["2.2 Compatiblity","AchievementEnabler","BaseMod","Colored Map","DeckTracker","KOR Keyword Fix","Keyboard Shortcuts","Minty Spire (QoL Compilation)","Permanent Neow","Quick Restart","Random Character Button","StSLib","SuperFastMode","everything is the same but u backflip on backflip"],"gold_per_floor":[112,68,68,84,101,101,121,136,181,181,25,60,60,60,60,136,136,154,173,191,91,107,107,107,107,131,131,147,207,268,268,268],"floor_reached":31,"language":"KOR","playtime":1307,"items_purged":["Defend_P","Strike_P"],"score":478,"play_id":"afac359c-816a-41ab-bac0-83606eec5b2d","local_time":"20210120095629","is_ascension_mode":true,"campfire_choices":[{"data":"Wallop","floor":6.0,"key":"SMITH"},{"data":"InnerPeace","floor":10.0,"key":"SMITH"},{"data":"EmptyMind","floor":15.0,"key":"SMITH"},{"floor":23.0,"key":"REST"},{"floor":27.0,"key":"REST"}],"circlet_count":0,"master_deck":["AscendersBane","Strike_P","Strike_P","Strike_P+1","Defend_P","Defend_P+1","Defend_P+1","Eruption+1","Vigilance","InnerPeace+1","Wallop+1","CutThroughFate","FlurryOfBlows","EmptyMind+1","TalkToTheHand","LessonLearned","CurseOfTheBell","Tantrum+1"],"relics":["PureWater","Lantern","Blue Candle","Calling Bell","Vajra","Darkstone Periapt","Torii","SsserpentHead","Pen Nib"],"acts_visited":["Exordium","TheCity"],"potions_floor_usage":[],"damage_taken":[{"damage":5.0,"enemies":"Small Slimes","floor":1.0,"turns":3.0},{"damage":5.0,"enemies":"Jaw Worm","floor":4.0,"turns":4.0},{"damage":0.0,"enemies":"Cultist","floor":5.0,"turns":3.0},{"damage":7.0,"enemies":"Gremlin Gang","floor":7.0,"turns":3.0},{"damage":0.0,"enemies":"Looter","floor":8.0,"turns":1.0},{"damage":12.0,"enemies":"3 Sentries","floor":12.0,"turns":5.0},{"damage":38.0,"enemies":"Hexaghost","floor":16.0,"turns":9.0},{"damage":9.0,"enemies":"Chosen","floor":18.0,"turns":4.0},{"damage":18.0,"enemies":"Spheric Guardian","floor":19.0,"turns":4.0},{"damage":0.0,"enemies":"Snecko","floor":20.0,"turns":4.0},{"damage":22.0,"enemies":"Cultist and Chosen","floor":22.0,"turns":6.0},{"damage":22.0,"enemies":"Snake Plant","floor":28.0,"turns":7.0},{"damage":1.0,"enemies":"Centurion and Healer","floor":29.0,"turns":4.0},{"damage":27,"enemies":"Shelled Parasite and Fungi","floor":30,"turns":4},{"damage":0,"enemies":"Snecko","floor":31,"turns":2}],"seed_played":"5138708087295025462","potions_obtained":[{"floor":4.0,"key":"SpeedPotion"},{"floor":7.0,"key":"Energy Potion"},{"floor":22.0,"key":"BottledMiracle"},{"floor":28.0,"key":"Fruit Juice"},{"floor":30,"key":"GamblersBrew"}],"is_trial":false,"path_per_floor":["M","$","?","M","M","R","M","M","T","R","$","E","$","?","R","B",null,"M","M","M","$","M","R","?","?","T","R","M","M","M","M"],"character_chosen":"WATCHER","items_purchased":["Wallop","TalkToTheHand"],"campfire_rested":2,"item_purchase_floors":[2,11],"current_hp_per_floor":[56,56,56,51,51,51,44,44,44,44,44,32,32,54,54,16,55,46,28,28,28,6,26,26,26,26,46,29,28,1,1,1],"gold":268,"neow_bonus":"UPGRADE_CARD","is_daily":false,"chose_seed":false,"campfire_upgraded":3,"win_rate":0.0,"timestamp":1611104189,"path_taken":["M","$","?","M","M","R","M","M","T","R","$","E","$","?","R","BOSS","M","M","M","$","M","R","?","?","T","R","M","?","?","M"],"items_purchased_type":["Card","Card"],"build_version":"2020-12-22","purchased_purges":2,"victory":false,"max_hp_per_floor":[68,68,68,68,68,68,68,68,68,68,68,68,68,68,68,68,68,68,68,68,68,68,68,68,68,68,68,73,73,73,73,73],"card_choices":[{"not_picked":["CrushJoints","EmptyBody"],"picked":"InnerPeace","floor":1.0},{"not_picked":["BattleHymn","CarveReality"],"picked":"CutThroughFate","floor":4.0},{"not_picked":["CutThroughFate","BowlingBash"],"picked":"FlurryOfBlows","floor":5.0},{"not_picked":["FlyingSleeves","Prostrate"],"picked":"EmptyMind","floor":7.0},{"not_picked":["Prostrate","BowlingBash","Brilliance"],"picked":"SKIP","floor":8.0},{"not_picked":["Crescendo","Devotion","FlurryOfBlows"],"picked":"SKIP","floor":12.0},{"not_picked":["Establishment","ConjureBlade"],"picked":"LessonLearned","floor":16.0},{"not_picked":["JustLucky","FollowUp","Evaluate"],"picked":"SKIP","floor":18.0},{"not_picked":["ForeignInfluence","PathToVictory","Crescendo"],"picked":"SKIP","floor":19.0},{"not_picked":["Evaluate","BowlingBash","FollowUp"],"picked":"SKIP","floor":20.0},{"not_picked":["Crescendo","Prostrate","Protect"],"picked":"SKIP","floor":22.0},{"not_picked":["Protect+1","WreathOfFlame","EmptyFist"],"picked":"SKIP","floor":28.0},{"not_picked":["WaveOfTheHand","LessonLearned","ReachHeaven"],"picked":"SKIP","floor":29.0},{"not_picked":["Vengeance","PathToVictory"],"picked":"Tantrum+1","floor":30}],"player_experience":802532,"relics_obtained":[{"floor":9.0,"key":"Lantern"},{"floor":12.0,"key":"Blue Candle"},{"floor":17.0,"key":"Vajra"},{"floor":17.0,"key":"Darkstone Periapt"},{"floor":17.0,"key":"Torii"},{"floor":26.0,"key":"Pen Nib"}],"event_choices":[{"damage_healed":0.0,"max_hp_gain":0.0,"max_hp_loss":0.0,"gold_gain":0.0,"event_name":"Shining Light","player_choice":"Ignored","floor":3.0,"gold_loss":0.0,"damage_taken":0.0},{"damage_healed":22.0,"max_hp_gain":0.0,"max_hp_loss":0.0,"gold_gain":0.0,"event_name":"Big Fish","player_choice":"Banana","floor":14.0,"gold_loss":0.0,"damage_taken":0.0},{"damage_healed":0.0,"max_hp_gain":0.0,"max_hp_loss":0.0,"gold_gain":0.0,"event_name":"Vampires","player_choice":"Ignored","floor":24.0,"gold_loss":0.0,"damage_taken":0.0},{"damage_healed":0.0,"max_hp_gain":0.0,"max_hp_loss":0.0,"gold_gain":0.0,"event_name":"FaceTrader","player_choice":"Trade","floor":25.0,"gold_loss":0.0,"damage_taken":0.0,"relics_obtained":["SsserpentHead"]}],"is_beta":false,"boss_relics":[{"not_picked":["Busted Crown","Tiny House"],"picked":"Calling Bell"}],"items_purged_floors":[11,21],"is_endless":false,"potions_floor_spawned":[4,7,8,12,22,28,30],"killed_by":"Snecko","ascension_level":20}}