{"host":"3j2m8n0ywf988fwb","time":1611135130,"event":{"mods":["2.2 Compatiblity","AchievementEnabler","Act Like it!","Aspiration","Astrologer","BaseMod","Beaked The Cultist","Better Altar","Better Match","Better Note","Better Sensory Stone","Better Skull","Better Third Choice","CCEM","ChefMod","Colored Map","Colored Powertips","Conspire","Dark Map","Energized Spire","Evolution","Fireblade Mod","GifTheSpireLib","Googly Eyes","Halation","Hallownest","Highlight Path","Hubris","Infinite Spire","Jedi Mod","Marisa????????","Marked Mod","Mimic Mod","Minty Spire (QoL Compilation)","Random Character Button","Relic Stats","Replay The Spire","Robot Space Explorer","Shop Mod","Somnambulant","Spire Arcade","StSLib","Stuff the Spire","The Bug Knight","The Hierophant","The Kombatant","The Marked","The Runesmith","TheFirefly","Unceasing Turn Reminder","everything is the same but u backflip on backflip"],"gold_per_floor":[115,129,129,129,140,140,140],"floor_reached":6,"language":"ENG","playtime":303,"items_purged":[],"score":54,"play_id":"a528493c-b0a5-4192-ba70-e41ed0a9201d","local_time":"20210120033210","is_ascension_mode":true,"campfire_choices":[],"circlet_count":0,"master_deck":["AscendersBane","Strike_G","Strike_G","Strike_G","Strike_G","Defend_G","Defend_G","Defend_G","Defend_G","Defend_G","Survivor","Neutralize","Accuracy","hubris:SlightOfHand","Slice"],"relics":["Ring of the Snake","EVO:Axolotl","jedi:rubbersling"],"acts_visited":["Exordium"],"potions_floor_usage":[],"damage_taken":[{"damage":1,"enemies":"2 Louse","floor":1,"turns":5},{"damage":2,"enemies":"Small Slimes","floor":2,"turns":8},{"damage":3,"enemies":"Jaw Worm","floor":5,"turns":7},{"damage":59,"enemies":"Lagavulin","floor":6,"turns":9}],"seed_played":"-8385513206901604815","potions_obtained":[],"is_trial":false,"path_per_floor":["M","M","?","?","M","E"],"character_chosen":"THE_SILENT","items_purchased":[],"campfire_rested":0,"item_purchase_floors":[],"current_hp_per_floor":[62,60,48,48,45,0,0],"gold":140,"neow_bonus":"REMOVE_CARD","is_daily":false,"chose_seed":false,"campfire_upgraded":0,"win_rate":0.0,"timestamp":1611135130,"path_taken":["M","M","?","?","?","E"],"items_purchased_type":[],"build_version":"2020-12-22","purchased_purges":0,"victory":false,"max_hp_per_floor":[70,70,70,70,70,70,70],"relic_stats":{"counters":[4,29],"obtain_stats":[{"jedi:rubbersling":3,"EVO:Axolotl":0,"Ring of the Snake":0},{"jedi:rubbersling":2,"EVO:Axolotl":0,"Ring of the Snake":0},{"jedi:rubbersling":13,"EVO:Axolotl":0,"Ring of the Snake":0}],"Ring of the Snake":[8]},"card_choices":[{"not_picked":["Leg Sweep","jedi:pocketpoison"],"picked":"Accuracy","floor":1},{"not_picked":["Dodge and Roll","jedi:pocketpoison"],"picked":"hubris:SlightOfHand","floor":2},{"not_picked":["Skewer","Outmaneuver"],"picked":"Slice","floor":5}],"player_experience":1095497,"relics_obtained":[],"event_choices":[{"damage_healed":0,"gold_gain":0,"player_choice":"Relic ","damage_taken":12,"max_hp_gain":0,"max_hp_loss":0,"event_name":"betterThird:BetterScrap","floor":3,"gold_loss":0,"cards_obtained":["Ghostly Armor"]}],"is_beta":false,"boss_relics":[],"items_purged_floors":[],"is_endless":false,"potions_floor_spawned":[],"killed_by":"Lagavulin","ascension_level":10}}