{"host":"2yhbarjh4s9lrrzt","time":1611114449,"event":{"mods":["BaseMod","Better Third Choice","Minty Spire (QoL Compilation)","Replay The Spire","StSLib"],"gold_per_floor":[115,0,16,0,15,15,41,41,41,41,53,72,72,92,92,192,192,209,209,209],"floor_reached":19,"language":"ENG","playtime":1658,"items_purged":[],"score":169,"play_id":"a05a8a1c-2f0f-47ed-93a5-67c309b5cebd","local_time":"20210119224729","is_ascension_mode":false,"campfire_choices":[{"floor":6,"key":"REST"},{"floor":8,"key":"REST"},{"floor":10,"key":"RECALL"},{"floor":13,"key":"REST"},{"floor":15,"key":"REST"}],"circlet_count":0,"master_deck":["Strike_P","Strike_P","Strike_P","Strike_P","Defend_P","Defend_P","Defend_P","Defend_P","Eruption","Vigilance","CutThroughFate","SignatureMove","Nirvana","PathToVictory","LikeWater","WreathOfFlame","Replay:Battleflow","FlurryOfBlows","EmptyBody","DevaForm","DeceiveReality"],"relics":["PureWater","betterThird:SlimedRelic","Sundial","ReplayTheSpireMod:TigerMarble","ChewingGum"],"acts_visited":["Exordium","TheCity"],"potions_floor_usage":[4,7,7,16,16,16],"damage_taken":[{"damage":7,"enemies":"Cultist","floor":1,"turns":6},{"damage":1,"enemies":"2 Louse","floor":3,"turns":4},{"damage":6,"enemies":"Jaw Worm","floor":5,"turns":5},{"damage":27,"enemies":"Gremlin Nob","floor":7,"turns":5},{"damage":15,"enemies":"Large Slime","floor":11,"turns":5},{"damage":6,"enemies":"2 Fungi Beasts","floor":12,"turns":4},{"damage":13,"enemies":"Lots of Slimes","floor":14,"turns":6},{"damage":30,"enemies":"The Guardian","floor":16,"turns":12},{"damage":15,"enemies":"3 Byrds","floor":18,"turns":7},{"damage":62,"enemies":"Masked Bandits","floor":19,"turns":7}],"seed_played":"559519277238907559","potions_obtained":[{"floor":0,"key":"DistilledChaos"},{"floor":0,"key":"BottledMiracle"},{"floor":0,"key":"Fire Potion"},{"floor":3,"key":"Fruit Juice"},{"floor":5,"key":"Toxic Potion"},{"floor":11,"key":"Swift Potion"},{"floor":14,"key":"EssenceOfSteel"}],"is_trial":false,"path_per_floor":["M","$","M","?","M","R","E","R","T","R","M","M","R","M","R","B",null,"M","?"],"character_chosen":"WATCHER","items_purchased":["SignatureMove","Nirvana"],"campfire_rested":4,"item_purchase_floors":[2,2],"current_hp_per_floor":[65,65,64,58,52,75,48,71,71,71,56,50,73,60,77,47,77,62,0,0],"gold":209,"neow_bonus":"THREE_SMALL_POTIONS","is_daily":false,"chose_seed":false,"campfire_upgraded":0,"win_rate":0.0,"timestamp":1611114449,"path_taken":["M","?","M","?","M","R","E","R","T","R","M","M","R","M","R","BOSS","M","?"],"items_purchased_type":["Card","Card"],"build_version":"2020-12-22","purchased_purges":0,"victory":false,"max_hp_per_floor":[72,72,72,77,77,77,77,77,77,77,77,77,77,77,77,77,77,77,77,77],"card_choices":[{"not_picked":["Replay:BluntJabs","Worship"],"picked":"CutThroughFate","floor":1},{"not_picked":["Protect","SignatureMove"],"picked":"PathToVictory","floor":3},{"not_picked":["FollowUp","Protect"],"picked":"LikeWater","floor":5},{"not_picked":["Nirvana","Pray"],"picked":"WreathOfFlame","floor":7},{"not_picked":["WheelKick","EmptyFist"],"picked":"Replay:Battleflow","floor":11},{"not_picked":["FlyingSleeves","Replay:Vibes"],"picked":"FlurryOfBlows","floor":12},{"not_picked":["Worship","Crescendo"],"picked":"EmptyBody","floor":14},{"not_picked":["Wish","Brilliance"],"picked":"DevaForm","floor":16},{"not_picked":["FollowUp","Replay:Cycle"],"picked":"DeceiveReality","floor":18}],"player_experience":228731,"relics_obtained":[{"floor":7,"key":"Sundial"},{"floor":9,"key":"ReplayTheSpireMod:TigerMarble"}],"event_choices":[{"damage_healed":0,"gold_gain":0,"player_choice":"Slimed","damage_taken":11,"max_hp_gain":0,"max_hp_loss":0,"event_name":"betterThird:BetterGoop","floor":4,"gold_loss":16},{"damage_healed":0,"gold_gain":0,"player_choice":"Fought Bandits","damage_taken":0,"max_hp_gain":0,"max_hp_loss":0,"event_name":"Masked Bandits","floor":19,"gold_loss":0}],"is_beta":false,"boss_relics":[{"not_picked":["Runic Dome","Velvet Choker"],"picked":"ChewingGum"}],"items_purged_floors":[],"is_endless":false,"potions_floor_spawned":[3,5,11,14],"killed_by":"Masked Bandits","ascension_level":0}}