{"host":"d85gwtocd8go8gx0","time":1611181287,"event":{"mods":["AchievementEnabler","BaseMod","Better Altar","Better Skull","Better Third Choice","Block Reminder","Colored Powertips","Curses Come First","Dark Map","Filter the Spire","Highlight Path","Minty Spire (QoL Compilation)","Permanent Neow","Quick Restart","RNG Fix","Shop Mod","StSLib","SuperFastMode","UnlockEverythingMod"],"gold_per_floor":[14,28,43,56,68,101,101,130,157,231,231,261,261,288,288,361,361,375,375,449,449,449,492,504,547,641,9,9,9,9,28,28,28,28],"floor_reached":33,"language":"ENG","playtime":1164,"items_purged":[],"score":723,"play_id":"f3c0bd3c-e1ac-4c3e-a9e4-29d1c1674d60","local_time":"20210120142127","is_ascension_mode":true,"campfire_choices":[{"floor":7.0,"key":"REST"},{"floor":11.0,"key":"DIG"},{"floor":13.0,"key":"REST"},{"floor":15.0,"key":"REST"},{"floor":24.0,"key":"DIG"},{"data":"1","floor":28.0,"key":"LIFT"},{"floor":30.0,"key":"DIG"},{"floor":32.0,"key":"DIG"}],"circlet_count":0,"master_deck":["AscendersBane","Defend_P+1","Defend_P+1","Defend_P+1","Defend_P+1","Eruption","Vigilance","Conclude","Protect","CutThroughFate","InnerPeace","Crescendo","Brilliance","Prostrate","FlurryOfBlows","Blasphemy","SashWhip","Bite","Bite","Bite","Bite","Bite","EmptyFist+1","Prostrate","Devotion","CutThroughFate+1","EmptyFist+1"],"relics":["PureWater","Lizard Tail","TeardropLocket","Shovel","Unceasing Top","Tiny Chest","Omamori","Sozu","Letter Opener","MawBank","Torii","Molten Egg 2","Girya","Kunai","HornCleat","PreservedInsect","Regal Pillow","Dream Catcher"],"acts_visited":["Exordium","TheCity"],"potions_floor_usage":[],"damage_taken":[{"damage":4.0,"enemies":"2 Louse","floor":1.0,"turns":4.0},{"damage":4.0,"enemies":"Jaw Worm","floor":2.0,"turns":4.0},{"damage":4.0,"enemies":"Small Slimes","floor":3.0,"turns":3.0},{"damage":1.0,"enemies":"Exordium Thugs","floor":4.0,"turns":4.0},{"damage":22.0,"enemies":"Gremlin Gang","floor":5.0,"turns":4.0},{"damage":24.0,"enemies":"Lagavulin","floor":6.0,"turns":7.0},{"damage":15.0,"enemies":"3 Sentries","floor":8.0,"turns":3.0},{"damage":0.0,"enemies":"Gremlin Nob","floor":14.0,"turns":2.0},{"damage":83.0,"enemies":"Hexaghost","floor":16.0,"turns":10.0},{"damage":0.0,"enemies":"Spheric Guardian","floor":18.0,"turns":1.0},{"damage":0.0,"enemies":"Gremlin Leader","floor":23.0,"turns":4.0},{"damage":41.0,"enemies":"Book of Stabbing","floor":25.0,"turns":6.0},{"damage":0.0,"enemies":"Chosen","floor":31.0,"turns":3.0},{"damage":24,"enemies":"Collector","floor":33,"turns":5}],"seed_played":"-7612701167650556653","potions_obtained":[{"floor":2.0,"key":"BlessingOfTheForge"},{"floor":3.0,"key":"PowerPotion"},{"floor":8.0,"key":"Strength Potion"},{"floor":16.0,"key":"SteroidPotion"}],"is_trial":false,"path_per_floor":["M","M","M","M","M","E","R","E","T","?","R","?","R","E","R","B",null,"M","?","T","?","T","E","R","E","T","$","R","$","R","M","R","B"],"character_chosen":"WATCHER","items_purchased":["HornCleat","Devotion","PreservedInsect","CutThroughFate+1"],"campfire_rested":3,"item_purchase_floors":[27,27,27,27],"current_hp_per_floor":[57,53,49,48,26,2,22,7,7,7,7,7,27,29,49,4,52,54,54,54,54,54,68,68,39,39,39,39,39,39,45,45,31,31],"gold":28,"neow_bonus":"ONE_RARE_RELIC","is_daily":false,"chose_seed":false,"campfire_upgraded":0,"win_rate":0.0,"timestamp":1611181287,"path_taken":["M","M","M","M","M","E","R","E","T","?","R","?","R","E","R","BOSS","M","?","?","?","?","E","R","E","T","$","R","?","R","M","R","BOSS"],"items_purchased_type":["Relic","Card","Relic","Card"],"build_version":"2020-12-22","purchased_purges":0,"victory":false,"max_hp_per_floor":[68,68,68,68,68,68,68,68,68,68,68,68,68,68,68,68,68,68,68,68,68,68,68,68,68,68,68,68,68,68,68,68,68,68],"card_choices":[{"not_picked":["EmptyBody","LikeWater"],"picked":"Conclude","floor":1.0},{"not_picked":["ReachHeaven","CarveReality"],"picked":"Protect","floor":2.0},{"not_picked":["Consecrate","FlyingSleeves"],"picked":"CutThroughFate","floor":3.0},{"not_picked":["PathToVictory","ThirdEye"],"picked":"InnerPeace","floor":4.0},{"not_picked":["Devotion","Sanctity"],"picked":"Crescendo","floor":5.0},{"not_picked":["JustLucky","Crescendo"],"picked":"Brilliance","floor":6.0},{"not_picked":["Tantrum","DeceiveReality"],"picked":"Prostrate","floor":8.0},{"not_picked":["Nirvana","PathToVictory"],"picked":"FlurryOfBlows","floor":14.0},{"not_picked":["Omniscience","MasterReality"],"picked":"Blasphemy","floor":16.0},{"not_picked":["InnerPeace","TalkToTheHand"],"picked":"SashWhip","floor":18.0},{"not_picked":["MentalFortress","WaveOfTheHand"],"picked":"EmptyFist+1","floor":23.0},{"not_picked":["Protect","BowlingBash+1"],"picked":"Prostrate","floor":25.0},{"not_picked":["ThirdEye","WheelKick+1"],"picked":"EmptyFist+1","floor":31.0}],"player_experience":18479,"relics_obtained":[{"floor":6.0,"key":"TeardropLocket"},{"floor":8.0,"key":"Shovel"},{"floor":9.0,"key":"Blood Vial"},{"floor":11.0,"key":"Unceasing Top"},{"floor":14.0,"key":"Omamori"},{"floor":20.0,"key":"Letter Opener"},{"floor":22.0,"key":"MawBank"},{"floor":23.0,"key":"Torii"},{"floor":24.0,"key":"Molten Egg 2"},{"floor":25.0,"key":"Girya"},{"floor":26.0,"key":"Kunai"},{"floor":30.0,"key":"Regal Pillow"},{"floor":32.0,"key":"Dream Catcher"}],"event_choices":[{"damage_healed":0.0,"max_hp_gain":0.0,"max_hp_loss":0.0,"gold_gain":74.0,"event_name":"Golden Wing","player_choice":"Gained Gold","floor":10.0,"gold_loss":0.0,"damage_taken":0.0},{"damage_healed":0.0,"max_hp_gain":0.0,"max_hp_loss":0.0,"gold_gain":30.0,"event_name":"Dead Adventurer","player_choice":"Searched \u00272\u0027 times","floor":12.0,"gold_loss":0.0,"damage_taken":0.0,"relics_obtained":["Tiny Chest"]},{"damage_healed":0.0,"max_hp_gain":0.0,"max_hp_loss":0.0,"gold_gain":0.0,"event_name":"Vampires","player_choice":"Became a vampire (Vial)","floor":19.0,"relics_lost":["Blood Vial"],"gold_loss":0.0,"damage_taken":0.0,"cards_obtained":["Bite","Bite","Bite","Bite","Bite"]},{"damage_healed":0.0,"max_hp_gain":0.0,"max_hp_loss":4.0,"gold_gain":0.0,"event_name":"betterThird:BetterWriting","player_choice":"Simplicity","floor":21.0,"gold_loss":0.0,"damage_taken":0.0}],"is_beta":false,"boss_relics":[{"not_picked":["Runic Dome","SacredBark"],"picked":"Sozu"}],"items_purged_floors":[],"is_endless":false,"potions_floor_spawned":[2,3,8,16,25],"killed_by":"Collector","ascension_level":20}}