{"host":"52zmxm0oht7x0uft","time":1611183213,"event":{"mods":["AchievementEnabler","BaseMod","Colored Map","Minty Spire (QoL Compilation)","Quick Restart"],"gold_per_floor":[112,62,62,62,62,97,97,130,130,130,165,165,180,105,105,208,208,227,245,145,157,172,172,272,300,300,300,319,339,418,433,433,529,529,539,589,589,0,0,32,45,45,91,91,104,132,32,32,32,32,32],"floor_reached":50,"language":"ENG","playtime":3016,"items_purged":["Strike_P","SpiritShield","Strike_P"],"score":697,"play_id":"2e052c88-cacc-49de-873f-3843ad20b3e2","local_time":"20210120235333","is_ascension_mode":true,"campfire_choices":[{"data":"FollowUp","floor":7,"key":"SMITH"},{"data":"Crescendo","floor":10,"key":"SMITH"},{"floor":12,"key":"REST"},{"data":"Eruption","floor":15,"key":"SMITH"},{"floor":23,"key":"REST"},{"floor":27,"key":"REST"},{"floor":32,"key":"REST"},{"floor":42,"key":"REST"},{"floor":44,"key":"REST"},{"floor":49,"key":"RECALL"}],"circlet_count":0,"master_deck":["Strike_P+1","Defend_P","Defend_P","Defend_P","Eruption+1","Vigilance+1","FollowUp+1","Crescendo+1","FlyingSleeves","Protect+1","Scrawl+1","SandsOfTime+1","FearNoEvil+1","TalkToTheHand+1"],"relics":["PureWater","NeowsBlessing","CloakClasp","Dream Catcher","Pantograph","Pen Nib","Black Star","The Courier","War Paint","Yang","Runic Pyramid","Pocketwatch","Red Mask","Question Card","Art of War","Happy Flower","Juzu Bracelet","Dead Branch"],"acts_visited":["Exordium","TheCity","TheBeyond"],"potions_floor_usage":[21],"damage_taken":[{"damage":0,"enemies":"Jaw Worm","floor":1,"turns":1},{"damage":0,"enemies":"Lagavulin","floor":6,"turns":1},{"damage":0,"enemies":"3 Sentries","floor":8,"turns":1},{"damage":28,"enemies":"Lagavulin","floor":11,"turns":3},{"damage":0,"enemies":"2 Louse","floor":13,"turns":2},{"damage":40,"enemies":"The Guardian","floor":16,"turns":11},{"damage":14,"enemies":"Shell Parasite","floor":18,"turns":5},{"damage":0,"enemies":"Chosen","floor":19,"turns":4},{"damage":19,"enemies":"Centurion and Healer","floor":21,"turns":6},{"damage":4,"enemies":"3 Cultists","floor":22,"turns":4},{"damage":50,"enemies":"Book of Stabbing","floor":25,"turns":5},{"damage":0,"enemies":"Snecko","floor":28,"turns":2},{"damage":11,"enemies":"Centurion and Healer","floor":29,"turns":4},{"damage":3,"enemies":"3 Cultists","floor":31,"turns":4},{"damage":88,"enemies":"Champ","floor":33,"turns":8},{"damage":1,"enemies":"3 Shapes","floor":35,"turns":3},{"damage":0,"enemies":"Mind Bloom Boss Battle","floor":36,"turns":3},{"damage":58,"enemies":"Giant Head","floor":40,"turns":8},{"damage":0,"enemies":"Orb Walker","floor":41,"turns":2},{"damage":4,"enemies":"Writhing Mass","floor":45,"turns":4},{"damage":25,"enemies":"Nemesis","floor":46,"turns":5},{"damage":57,"enemies":"Awakened One","floor":50,"turns":12}],"seed_played":"42048479576231997","potions_obtained":[{"floor":1,"key":"SteroidPotion"},{"floor":6,"key":"DuplicationPotion"},{"floor":16,"key":"FairyPotion"},{"floor":22,"key":"LiquidMemories"},{"floor":33,"key":"PowerPotion"},{"floor":35,"key":"Fire Potion"}],"is_trial":false,"path_per_floor":["M","?","?","?","?","E","R","E","T","R","E","R","M","$","R","B",null,"M","M","$","M","M","R","?","E","T","R","M","M","T","M","R","B",null,"M","?","?","?","?","E","M","R","T","R","M","E","$","?","R","B"],"character_chosen":"WATCHER","items_purchased":[],"campfire_rested":6,"item_purchase_floors":[],"current_hp_per_floor":[72,72,72,58,58,58,58,58,58,58,30,51,51,51,51,32,72,58,58,58,39,35,56,56,6,6,27,27,16,16,13,34,21,72,71,72,68,68,68,10,10,30,30,50,46,21,21,21,21,0,0],"gold":32,"neow_bonus":"THREE_ENEMY_KILL","is_daily":false,"chose_seed":false,"campfire_upgraded":3,"win_rate":0.0,"timestamp":1611183213,"path_taken":["M","?","?","?","?","E","R","E","T","R","E","R","?","$","R","BOSS","M","?","$","?","M","R","?","E","T","R","?","M","?","M","R","BOSS","M","?","?","?","?","E","M","R","T","R","?","E","$","?","R","BOSS"],"items_purchased_type":[],"build_version":"2020-12-22","purchased_purges":3,"victory":false,"max_hp_per_floor":[72,72,72,72,72,72,72,72,72,72,72,72,72,72,72,72,72,72,72,72,72,72,72,72,72,72,72,72,72,72,72,72,72,72,72,72,68,68,68,68,68,68,68,68,68,68,68,65,65,65,65],"card_choices":[{"not_picked":["MentalFortress","FlurryOfBlows"],"picked":"FollowUp","floor":1},{"not_picked":["EmptyBody","CrushJoints"],"picked":"ReachHeaven","floor":6},{"not_picked":["Adaptation","Blasphemy","Perseverance"],"picked":"SKIP","floor":8},{"not_picked":["ForeignInfluence","EmptyFist","PathToVictory"],"picked":"SKIP","floor":11},{"not_picked":["Nirvana","Prostrate"],"picked":"FlyingSleeves","floor":12},{"not_picked":["Alpha","Evaluate"],"picked":"Protect","floor":13},{"not_picked":["Omniscience","Blasphemy"],"picked":"Scrawl","floor":16},{"not_picked":["BowlingBash","EmptyFist"],"picked":"SandsOfTime+1","floor":18},{"not_picked":["Crescendo","Wireheading+1","PathToVictory"],"picked":"SKIP","floor":19},{"not_picked":["CutThroughFate","Halt","EmptyFist"],"picked":"SKIP","floor":21},{"not_picked":["TalkToTheHand","MasterReality","Wireheading"],"picked":"SKIP","floor":22},{"not_picked":["EmptyFist+1","FollowUp+1"],"picked":"FearNoEvil+1","floor":23},{"not_picked":["JustLucky","Meditate+1","Crescendo+1"],"picked":"SKIP","floor":25},{"not_picked":["FearNoEvil","Prostrate+1","Consecrate"],"picked":"SKIP","floor":28},{"not_picked":["BowlingBash+1","Adaptation+1","FlurryOfBlows"],"picked":"SKIP","floor":29},{"not_picked":["Conclude+1","Nirvana","Evaluate"],"picked":"SKIP","floor":31},{"not_picked":["JustLucky+1","ThirdEye+1","BowlingBash"],"picked":"SKIP","floor":35},{"not_picked":["Scrawl","FlurryOfBlows+1","CrushJoints"],"picked":"SKIP","floor":40},{"not_picked":["BowlingBash","EmptyBody+1","Fasting2+1","JustLucky+1"],"picked":"SKIP","floor":41},{"not_picked":["CrushJoints+1","FollowUp","WindmillStrike+1"],"picked":"TalkToTheHand+1","floor":45},{"not_picked":["Nirvana","FollowUp","BowlingBash+1","Vengeance+1"],"picked":"SKIP","floor":46}],"player_experience":360045,"relics_obtained":[{"floor":6,"key":"CloakClasp"},{"floor":8,"key":"Dream Catcher"},{"floor":9,"key":"Pantograph"},{"floor":11,"key":"Pen Nib"},{"floor":25,"key":"The Courier"},{"floor":25,"key":"War Paint"},{"floor":26,"key":"Yang"},{"floor":36,"key":"Pocketwatch"},{"floor":40,"key":"Question Card"},{"floor":40,"key":"Art of War"},{"floor":43,"key":"Happy Flower"},{"floor":46,"key":"Juzu Bracelet"},{"floor":46,"key":"Dead Branch"}],"event_choices":[{"cards_removed":["Strike_P"],"damage_healed":0,"gold_gain":0,"player_choice":"Card Removal","damage_taken":0,"max_hp_gain":0,"max_hp_loss":0,"event_name":"The Cleric","floor":2,"gold_loss":50},{"cards_removed":["Defend_P"],"damage_healed":0,"gold_gain":0,"player_choice":"Forget","damage_taken":0,"max_hp_gain":0,"max_hp_loss":0,"event_name":"Living Wall","floor":3,"gold_loss":0},{"damage_healed":0,"gold_gain":0,"player_choice":"Entered Light","damage_taken":14,"max_hp_gain":0,"max_hp_loss":0,"event_name":"Shining Light","floor":4,"gold_loss":0,"cards_upgraded":["Vigilance","Strike_P"]},{"damage_healed":0,"gold_gain":0,"player_choice":"2 cards matched","damage_taken":0,"max_hp_gain":0,"max_hp_loss":0,"event_name":"Match and Keep!","floor":5,"gold_loss":0,"cards_obtained":["SpiritShield","Crescendo"]},{"damage_healed":0,"gold_gain":100,"player_choice":"Pray","damage_taken":0,"max_hp_gain":0,"max_hp_loss":0,"event_name":"Golden Shrine","floor":24,"gold_loss":0},{"damage_healed":0,"gold_gain":0,"player_choice":"Fight","damage_taken":0,"max_hp_gain":0,"max_hp_loss":0,"event_name":"MindBloom","floor":36,"gold_loss":0},{"damage_healed":0,"gold_gain":0,"player_choice":"Max HP","damage_taken":0,"max_hp_gain":0,"max_hp_loss":4,"event_name":"Winding Halls","floor":37,"gold_loss":0},{"damage_healed":0,"gold_gain":0,"player_choice":"Paid","damage_taken":0,"relics_obtained":["Red Mask"],"max_hp_gain":0,"max_hp_loss":0,"event_name":"Tomb of Lord Red Mask","floor":38,"gold_loss":589},{"cards_removed":["ReachHeaven"],"damage_healed":0,"gold_gain":0,"player_choice":"Removed Attack","damage_taken":0,"max_hp_gain":0,"max_hp_loss":0,"event_name":"Falling","floor":39,"gold_loss":0},{"cards_removed":["Parasite"],"damage_healed":0,"gold_gain":0,"player_choice":"Purged","damage_taken":0,"max_hp_gain":0,"max_hp_loss":0,"event_name":"Purifier","floor":48,"gold_loss":0}],"is_beta":false,"boss_relics":[{"not_picked":["Philosopher\u0027s Stone","Pandora\u0027s Box"],"picked":"Black Star"},{"not_picked":["VioletLotus","Empty Cage"],"picked":"Runic Pyramid"}],"items_purged_floors":[14,20,47],"is_endless":false,"potions_floor_spawned":[1,6,16,18,22,33,35,36,45],"killed_by":"Awakened One","ascension_level":3}}