{"host":"6jrnojxwearbrjzo","time":1611159643,"event":{"mods":["BaseMod","Conspire","Downfall","Highlight Path","Marisa（F雨　魔理沙）","Minty Spire (QoL Compilation)","Quick Restart","Random Character Button","Shop Mod","Spicy Shops","StSLib","The Construct","The Servant 0.9.4","Yuyuko","[功能]功能增强和修复MOD","vexMod"],"gold_per_floor":[109,109,109,63,76,76,76,76,146,164,194,110,158,158,158,257,257,275,275,255,255,225,260,260,271,339,339,351,332,332,332,332,436,436,448,432,432,448,392,392,404,404,430,430,430,430,430,430,430,430,430],"floor_reached":50,"language":"ZHS","playtime":1337,"items_purged":["Strike_B","Defend_B","Defend_B","Defend_B","Strike_B","Strike_B","Strike_B","Electrodynamics","Core Surge","Aggregate","Decay"],"score":623,"play_id":"e2899630-7059-431c-9a26-eae83c1bd32d","local_time":"20210121002043","is_ascension_mode":true,"campfire_choices":[{"data":"Static Discharge","floor":6.0,"key":"SMITH"},{"data":"Thunder Strike","floor":8.0,"key":"SMITH"},{"data":"Double Energy","floor":15.0,"key":"SMITH"},{"data":"Double Energy","floor":24.0,"key":"SMITH"},{"floor":32.0,"key":"REST"},{"data":"Buffer","floor":40.0,"key":"SMITH"},{"floor":42.0,"key":"REST"},{"floor":49.0,"key":"REST"}],"circlet_count":0,"master_deck":["Zap+1","Thunder Strike+1","Heatsinks","Static Discharge+1","Conserve Battery","Genetic Algorithm","Double Energy+1","Electrodynamics","White Noise","Core Surge","Double Energy+1","Defragment","Buffer+1","Reboot","Coolheaded+1","Seek","Enlightenment","Capacitor"],"relics":["Cracked Core"],"acts_visited":["Exordium","TheCity","TheBeyond"],"potions_floor_usage":[50,50,50],"damage_taken":[{"damage":9.0,"enemies":"Jaw Worm","floor":1.0,"turns":3.0},{"damage":7.0,"enemies":"2 Louse","floor":5.0,"turns":2.0},{"damage":0.0,"enemies":"Cultist","floor":10.0,"turns":2.0},{"damage":23.0,"enemies":"Lagavulin","floor":11.0,"turns":5.0},{"damage":0.0,"enemies":"Slime Boss","floor":16.0,"turns":5.0},{"damage":6.0,"enemies":"3 Byrds","floor":18.0,"turns":1.0},{"damage":16.0,"enemies":"Book of Stabbing","floor":23.0,"turns":3.0},{"damage":15.0,"enemies":"2 Thieves","floor":25.0,"turns":2.0},{"damage":12.0,"enemies":"Snake Plant","floor":28.0,"turns":2.0},{"damage":23.0,"enemies":"Champ","floor":33.0,"turns":7.0},{"damage":21.0,"enemies":"3 Shapes","floor":35.0,"turns":5.0},{"damage":15.0,"enemies":"Orb Walker","floor":38.0,"turns":3.0},{"damage":34.0,"enemies":"3 Darklings","floor":41.0,"turns":1.0},{"damage":50,"enemies":"conspire:OrnateMirror","floor":50,"turns":5}],"seed_played":"-8218911206121518067","potions_obtained":[{"floor":1.0,"key":"FocusPotion"},{"floor":1.0,"key":"Dexterity Potion"},{"floor":5.0,"key":"GamblersBrew"},{"floor":7.0,"key":"LiquidMemories"},{"floor":11.0,"key":"Guardian:BlockOnCardUsePotion"},{"floor":16.0,"key":"FocusPotion"},{"floor":23.0,"key":"DuplicationPotion"},{"floor":33.0,"key":"Swift Potion"},{"floor":33.0,"key":"EssenceOfSteel"},{"floor":41.0,"key":"SkillPotion"}],"is_trial":false,"path_per_floor":["M","?","?","$","M","R","?","R","T","M","E","$","T","?","R","B",null,"M","?","$","?","$","E","R","M","T","?","M","$","?","$","R","B",null,"M","$","?","M","$","R","M","R","T","?","?","?","$","M","R","B"],"character_chosen":"DEFECT","items_purchased":["Static Discharge","Conserve Battery","Electrodynamics","Aggregate","DuplicationPotion","Gash","DistilledChaos","Defragment","Reboot","Seek","Enlightenment","Capacitor"],"campfire_rested":3,"item_purchase_floors":[4,4,12,12,12,20,22,29,36,39,39,39],"current_hp_per_floor":[66,66,66,66,59,59,59,59,59,59,36,36,36,36,36,36,75,69,69,69,69,69,53,53,38,38,38,26,26,26,26,48,25,75,54,54,54,39,39,39,5,27,27,27,27,27,27,27,49,0,0],"gold":430,"neow_bonus":"ONE_RANDOM_RARE_CARD","is_daily":false,"chose_seed":false,"campfire_upgraded":5,"win_rate":0.0,"timestamp":1611159643,"path_taken":["M","?","?","$","?","R","?","R","T","?","E","$","?","?","R","BOSS","M","?","$","?","$","E","R","?","T","?","?","$","?","$","R","BOSS","M","$","?","?","$","R","?","R","T","?","?","?","?","?","R","BOSS"],"items_purchased_type":["Card","Card","Card","Card","Potion","Card","Potion","Card","Card","Card","Card","Card"],"build_version":"2020-12-22","purchased_purges":11,"victory":false,"max_hp_per_floor":[75,75,75,75,75,75,75,75,75,75,75,75,75,75,75,75,75,75,75,75,75,75,75,75,75,75,75,75,75,75,75,75,75,75,75,75,75,75,75,75,75,75,75,75,75,75,75,75,75,75,75],"card_choices":[{"not_picked":["Recycle","Cold Snap"],"picked":"Heatsinks","floor":1.0},{"not_picked":["conspire:SharedLibrary","Steam Power"],"picked":"Turbo","floor":5.0},{"not_picked":["Stack","Conserve Battery"],"picked":"Genetic Algorithm","floor":10.0},{"not_picked":["Compile Driver","Cold Snap"],"picked":"Double Energy","floor":11.0},{"not_picked":["Echo Form","Machine Learning"],"picked":"Core Surge","floor":16.0},{"not_picked":["Coolheaded","Go for the Eyes"],"picked":"White Noise","floor":18.0},{"not_picked":["Force Field+1","Hologram"],"picked":"Double Energy","floor":23.0},{"not_picked":["Static Discharge","Glacier+1","Barrage"],"picked":"SKIP","floor":25.0},{"not_picked":["Genetic Algorithm","Reprogram","Conserve Battery+1"],"picked":"SKIP","floor":28.0},{"not_picked":["Electrodynamics","Core Surge"],"picked":"Buffer","floor":33.0},{"not_picked":["Redo","Barrage","Rip and Tear"],"picked":"SKIP","floor":35.0},{"not_picked":["Ball Lightning+1","Beam Cell"],"picked":"Coolheaded+1","floor":38.0},{"not_picked":["Coolheaded+1","Conserve Battery+1","BootSequence"],"picked":"SKIP","floor":41.0}],"player_experience":92290,"relics_obtained":[],"event_choices":[{"damage_healed":0.0,"max_hp_gain":0.0,"max_hp_loss":0.0,"gold_gain":0.0,"event_name":"Golden Idol","player_choice":"Ignored","floor":2.0,"gold_loss":0.0,"damage_taken":0.0},{"damage_healed":0.0,"max_hp_gain":0.0,"max_hp_loss":0.0,"gold_gain":0.0,"event_name":"Accursed Blacksmith","player_choice":"Forge","floor":3.0,"gold_loss":0.0,"damage_taken":0.0,"cards_upgraded":["Zap"]},{"damage_healed":0.0,"max_hp_gain":0.0,"max_hp_loss":0.0,"gold_gain":0.0,"event_name":"Lab","player_choice":"Got Potions","floor":7.0,"gold_loss":0.0,"damage_taken":0.0},{"damage_healed":0.0,"max_hp_gain":0.0,"max_hp_loss":0.0,"gold_gain":0.0,"event_name":"Scrap Ooze","player_choice":"Fled","floor":14.0,"gold_loss":0.0,"damage_taken":0.0},{"damage_healed":0.0,"max_hp_gain":0.0,"max_hp_loss":0.0,"gold_gain":0.0,"cards_transformed":["Defend_B","Turbo"],"event_name":"Drug Dealer","player_choice":"Became Test Subject","floor":19.0,"gold_loss":0.0,"damage_taken":0.0,"cards_obtained":["Core Surge","Electrodynamics"]},{"cards_removed":["Dualcast"],"damage_healed":0.0,"max_hp_gain":0.0,"max_hp_loss":0.0,"gold_gain":0.0,"event_name":"Back to Basics","player_choice":"Elegance","floor":21.0,"gold_loss":0.0,"damage_taken":0.0},{"damage_healed":0.0,"max_hp_gain":0.0,"max_hp_loss":0.0,"gold_gain":0.0,"event_name":"Wheel of Change","player_choice":"Cursed","floor":27.0,"gold_loss":0.0,"damage_taken":0.0,"cards_obtained":["Decay"]},{"damage_healed":0.0,"max_hp_gain":0.0,"max_hp_loss":0.0,"gold_gain":0.0,"event_name":"The Mausoleum","player_choice":"Ignored","floor":30.0,"gold_loss":0.0,"damage_taken":0.0},{"damage_healed":0.0,"max_hp_gain":0.0,"max_hp_loss":0.0,"gold_gain":0.0,"event_name":"The Woman in Blue","player_choice":"Bought 0 Potions","floor":37.0,"gold_loss":0.0,"damage_taken":0.0},{"cards_removed":["Gash"],"damage_healed":0.0,"max_hp_gain":0.0,"max_hp_loss":0.0,"gold_gain":0.0,"event_name":"Falling","player_choice":"Removed Attack","floor":44.0,"gold_loss":0.0,"damage_taken":0.0},{"damage_healed":0.0,"max_hp_gain":0.0,"max_hp_loss":0.0,"gold_gain":0.0,"event_name":"SensoryStone","player_choice":"Memory 1","floor":46.0,"gold_loss":0.0,"damage_taken":0.0},{"damage_healed":0.0,"max_hp_gain":0.0,"max_hp_loss":0.0,"gold_gain":0.0,"event_name":"The Moai Head","player_choice":"Ignored","floor":48.0,"gold_loss":0.0,"damage_taken":0.0}],"is_beta":false,"boss_relics":[{"not_picked":["vexMod:FluxCapacitor","Philosopher\u0027s Stone","FrozenCore"]},{"not_picked":["Empty Cage","vexMod:DeviousBotling","SlaversCollar"]}],"items_purged_floors":[4,4,4,4,4,12,12,20,20,20,29],"is_endless":false,"potions_floor_spawned":[1,1,5,11,11,11,16,16,23,23,25,28,28,33,33,35,35,41],"killed_by":"conspire:OrnateMirror","ascension_level":4}}