{"host":"7sni158j623xchr2","time":1611183779,"event":{"mods":["BaseMod","Colored Map","Highlight Path","Minty Spire (QoL Compilation)","Permanent Neow","Potion Indicator Mod","Rare Cards Sparkle","Relic Sorter","Relic Stats","StSLib","everything is the same but u backflip on backflip"],"gold_per_floor":[115,17,17,17,31,71,149,149,200,225,237,289,317,372,384,524,536,561,64,64,64,64,108,108,127,127,161,177,221,221,245,245,366,366,382,382,400,35,35,73,98,98,125,125,166,166,197,261,261,261,261,261,32,75,75],"floor_reached":56,"language":"ENG","playtime":1821,"items_purged":["Defend_G","Strike_G"],"score":1659,"play_id":"1521a368-3429-44b0-9980-c9eeda6f407d","local_time":"20210120170259","is_ascension_mode":true,"campfire_choices":[{"data":"Corpse Explosion","floor":8,"key":"SMITH"},{"floor":15,"key":"REST"},{"data":"Glass Knife","floor":24,"key":"SMITH"},{"data":"Bouncing Flask","floor":32,"key":"SMITH"},{"data":"Neutralize","floor":42,"key":"SMITH"},{"data":"Acrobatics","floor":44,"key":"SMITH"},{"data":"Dagger Spray","floor":46,"key":"SMITH"},{"floor":49,"key":"RECALL"},{"data":"PiercingWail","floor":52,"key":"SMITH"}],"circlet_count":0,"master_deck":["Strike_G+1","Defend_G+1","Defend_G+1","Defend_G+1","Defend_G+1","Survivor","Neutralize+1","Quick Slash","Flying Knee","Corpse Explosion+1","Bouncing Flask+1","Dagger Spray+1","Glass Knife+1","PiercingWail+1","Backflip+1","Footwork+1","Blur+1","Malaise+1","Acrobatics+1","Well Laid Plans+1","Dash+1","Deadly Poison+1","Wraith Form v2+1"],"relics":["Ring of the Snake","Tiny Chest","Golden Idol","Pear","Ornamental Fan","MawBank","Singing Bowl","Oddly Smooth Stone","Potion Belt","Coffee Dripper","Orichalcum","Bird Faced Urn","Frozen Egg 2","CaptainsWheel","White Beast Statue","Lantern","Darkstone Periapt","Empty Cage","PreservedInsect","OrangePellets","Juzu Bracelet","Anchor","Bag of Marbles","Blue Candle","Dead Branch","Thread and Needle"],"acts_visited":["Exordium","TheCity","TheBeyond","TheEnding"],"potions_floor_usage":[6,12,14,16,23,25,25,29,33,33,40,48,54,55,55,55,55,55],"damage_taken":[{"damage":2,"enemies":"Cultist","floor":1,"turns":4},{"damage":2,"enemies":"Small Slimes","floor":5,"turns":5},{"damage":5,"enemies":"Gremlin Nob","floor":6,"turns":4},{"damage":0,"enemies":"2 Louse","floor":10,"turns":1},{"damage":8,"enemies":"Lagavulin","floor":12,"turns":5},{"damage":13,"enemies":"Exordium Thugs","floor":13,"turns":3},{"damage":10,"enemies":"Gremlin Nob","floor":14,"turns":3},{"damage":30,"enemies":"Hexaghost","floor":16,"turns":8},{"damage":0,"enemies":"Chosen","floor":18,"turns":4},{"damage":6,"enemies":"Slavers","floor":23,"turns":4},{"damage":0,"enemies":"2 Thieves","floor":25,"turns":2},{"damage":21,"enemies":"Book of Stabbing","floor":27,"turns":4},{"damage":17,"enemies":"Snake Plant","floor":28,"turns":3},{"damage":5,"enemies":"Slavers","floor":29,"turns":2},{"damage":0,"enemies":"3 Cultists","floor":31,"turns":2},{"damage":64,"enemies":"Automaton","floor":33,"turns":13},{"damage":0,"enemies":"Orb Walker","floor":35,"turns":4},{"damage":0,"enemies":"3 Shapes","floor":37,"turns":3},{"damage":0,"enemies":"Giant Head","floor":40,"turns":9},{"damage":0,"enemies":"Reptomancer","floor":45,"turns":8},{"damage":3,"enemies":"Giant Head","floor":47,"turns":8},{"damage":4,"enemies":"2 Orb Walkers","floor":48,"turns":3},{"damage":64,"enemies":"Awakened One","floor":50,"turns":19},{"damage":0,"enemies":"Shield and Spear","floor":54,"turns":4},{"damage":73,"enemies":"The Heart","floor":55,"turns":13}],"seed_played":"8696822233717200207","potions_obtained":[{"floor":1,"key":"BlessingOfTheForge"},{"floor":6,"key":"LiquidBronze"},{"floor":10,"key":"Dexterity Potion"},{"floor":13,"key":"Energy Potion"},{"floor":23,"key":"Swift Potion"},{"floor":27,"key":"Regen Potion"},{"floor":28,"key":"SpeedPotion"},{"floor":29,"key":"Fire Potion"},{"floor":31,"key":"Explosive Potion"},{"floor":33,"key":"SkillPotion"},{"floor":35,"key":"Regen Potion"},{"floor":37,"key":"EssenceOfSteel"},{"floor":40,"key":"SteroidPotion"},{"floor":45,"key":"DistilledChaos"},{"floor":47,"key":"DuplicationPotion"},{"floor":48,"key":"Ancient Potion"},{"floor":54,"key":"Dexterity Potion"}],"is_trial":false,"path_per_floor":["M","$","?","?","M","E","T","R","T","M","?","E","M","E","R","B",null,"M","$","?","T","T","E","R","M","T","E","M","E","?","M","R","B",null,"M","?","M","$","?","E","T","R","T","R","E","R","E","?","R","B",null,"R","$","E","B",null],"character_chosen":"THE_SILENT","items_purchased":["Flying Knee","Energy Potion","ColorlessPotion","FairyPotion","Orichalcum","PiercingWail","PreservedInsect","OrangePellets","Well Laid Plans+1","LiquidBronze","Wraith Form v2+1"],"campfire_rested":1,"item_purchase_floors":[2,19,19,19,19,19,38,38,38,53,53],"current_hp_per_floor":[68,68,51,44,42,47,47,47,47,47,40,32,21,13,38,8,84,86,86,86,86,86,82,82,84,84,63,48,43,43,43,43,27,92,92,92,94,94,94,96,96,96,96,96,96,96,93,93,93,37,98,98,98,100,48],"gold":75,"neow_bonus":"RANDOM_COMMON_RELIC","is_daily":false,"chose_seed":false,"campfire_upgraded":7,"win_rate":0.0,"timestamp":1611183779,"path_taken":["M","$","?","?","?","E","?","R","T","M","?","E","M","E","R","BOSS","M","$","?","?","?","E","R","M","T","E","M","E","?","M","R","BOSS","M","?","M","$","?","E","?","R","T","R","E","R","E","?","R","BOSS","R","$","E","BOSS"],"items_purchased_type":["Card","Potion","Potion","Potion","Relic","Card","Relic","Relic","Card","Potion","Card"],"build_version":"2020-12-22","purchased_purges":2,"victory":true,"max_hp_per_floor":[70,70,70,70,70,80,80,80,80,80,80,80,82,84,84,84,84,86,86,86,86,86,88,88,90,90,90,92,92,92,92,92,92,92,92,92,94,94,94,96,96,96,96,96,96,96,96,98,98,98,98,98,98,100,100],"relic_stats":{"Darkstone Periapt":0,"Singing Bowl":20,"counters":[25,138],"Golden Idol":226,"Blue Candle":[0],"Dead Branch":[20],"PreservedInsect":378,"Juzu Bracelet":0,"Orichalcum":[60],"MawBank":120,"OrangePellets":[3],"Ornamental Fan":[132],"Bird Faced Urn":[18],"Tiny Chest":3,"obtain_stats":[{"Darkstone Periapt":29,"Lantern":27,"Singing Bowl":11,"Juzu Bracelet":40,"Empty Cage":34,"Tiny Chest":0,"Ring of the Snake":0,"Potion Belt":14,"Pear":6,"Golden Idol":3,"Blue Candle":47,"Dead Branch":48,"Oddly Smooth Stone":12,"Thread and Needle":54,"PreservedInsect":38,"Orichalcum":19,"Frozen Egg 2":22,"MawBank":9,"White Beast Statue":26,"OrangePellets":38,"CaptainsWheel":23,"Anchor":43,"Ornamental Fan":7,"Bird Faced Urn":21,"Coffee Dripper":17,"Bag of Marbles":45},{"Darkstone Periapt":14,"Lantern":12,"Singing Bowl":4,"Juzu Bracelet":19,"Empty Cage":16,"Tiny Chest":0,"Ring of the Snake":0,"Potion Belt":7,"Pear":3,"Golden Idol":1,"Blue Candle":21,"Dead Branch":22,"Oddly Smooth Stone":5,"Thread and Needle":24,"PreservedInsect":18,"Orichalcum":9,"Frozen Egg 2":9,"MawBank":3,"White Beast Statue":11,"OrangePellets":18,"CaptainsWheel":10,"Anchor":19,"Ornamental Fan":3,"Bird Faced Urn":9,"Coffee Dripper":8,"Bag of Marbles":20},{"Darkstone Periapt":52,"Lantern":47,"Singing Bowl":14,"Juzu Bracelet":83,"Empty Cage":67,"Tiny Chest":0,"Ring of the Snake":0,"Potion Belt":25,"Pear":13,"Golden Idol":4,"Blue Candle":99,"Dead Branch":102,"Oddly Smooth Stone":19,"Thread and Needle":125,"PreservedInsect":74,"Orichalcum":37,"Frozen Egg 2":37,"MawBank":13,"White Beast Statue":43,"OrangePellets":74,"CaptainsWheel":41,"Anchor":83,"Ornamental Fan":13,"Bird Faced Urn":37,"Coffee Dripper":33,"Bag of Marbles":91}],"Ring of the Snake":[50]},"card_choices":[{"not_picked":["Leg Sweep","Finisher"],"picked":"Quick Slash","floor":1},{"not_picked":["Bane","Acrobatics","Concentrate"],"picked":"SKIP","floor":5},{"not_picked":["Choke","Slice"],"picked":"Corpse Explosion","floor":6},{"not_picked":["Blade Dance","Slice"],"picked":"Bouncing Flask","floor":10},{"not_picked":["Acrobatics","Calculated Gamble"],"picked":"Dagger Spray","floor":12},{"not_picked":["Dodge and Roll","Calculated Gamble","Heel Hook"],"picked":"Singing Bowl","floor":13},{"not_picked":["Well Laid Plans","Dodge and Roll","Eviscerate"],"picked":"Singing Bowl","floor":14},{"not_picked":["Grand Finale","Doppelganger"],"picked":"Glass Knife","floor":16},{"not_picked":["Caltrops","Bane","Sucker Punch"],"picked":"Singing Bowl","floor":18},{"not_picked":["Backstab","Slice","Poisoned Stab+1"],"picked":"Singing Bowl","floor":23},{"not_picked":["Bouncing Flask+1","Bane","Acrobatics"],"picked":"Singing Bowl","floor":25},{"not_picked":["Riddle With Holes","Acrobatics"],"picked":"Backflip+1","floor":27},{"not_picked":["Grand Finale","Choke+1","Outmaneuver+1"],"picked":"Singing Bowl","floor":28},{"not_picked":["Acrobatics","Skewer"],"picked":"Footwork+1","floor":29},{"not_picked":["Acrobatics","Expertise"],"picked":"Blur+1","floor":31},{"not_picked":["Doppelganger","Night Terror"],"picked":"Malaise","floor":33},{"not_picked":["Flechettes","Quick Slash+1"],"picked":"Acrobatics","floor":35},{"not_picked":["Endless Agony+1","Accuracy+1","Reflex+1"],"picked":"Singing Bowl","floor":37},{"not_picked":["Backflip","Slice+1","Dagger Spray+1"],"picked":"Singing Bowl","floor":40},{"not_picked":["Finisher","Prepared+1"],"picked":"Dash+1","floor":45},{"not_picked":["Acrobatics","Backflip+1"],"picked":"Deadly Poison+1","floor":47},{"not_picked":["Quick Slash+1","Infinite Blades+1","Deadly Poison+1"],"picked":"Singing Bowl","floor":48},{"not_picked":["Choke","Flying Knee","Phantasmal Killer"],"picked":"Singing Bowl","floor":54}],"player_experience":1653473,"relics_obtained":[{"floor":6,"key":"Pear"},{"floor":7,"key":"Ornamental Fan"},{"floor":9,"key":"MawBank"},{"floor":12,"key":"Oddly Smooth Stone"},{"floor":14,"key":"Potion Belt"},{"floor":21,"key":"Bird Faced Urn"},{"floor":22,"key":"Frozen Egg 2"},{"floor":23,"key":"CaptainsWheel"},{"floor":26,"key":"White Beast Statue"},{"floor":27,"key":"Lantern"},{"floor":29,"key":"Darkstone Periapt"},{"floor":40,"key":"Juzu Bracelet"},{"floor":43,"key":"Anchor"},{"floor":45,"key":"Bag of Marbles"},{"floor":47,"key":"Blue Candle"},{"floor":48,"key":"Dead Branch"},{"floor":54,"key":"Thread and Needle"}],"event_choices":[{"damage_healed":0,"gold_gain":0,"player_choice":"Take Damage","damage_taken":17,"relics_obtained":["Golden Idol"],"max_hp_gain":0,"max_hp_loss":0,"event_name":"Golden Idol","floor":3,"gold_loss":0},{"damage_healed":0,"gold_gain":0,"player_choice":"Damaged","damage_taken":7,"max_hp_gain":0,"max_hp_loss":0,"event_name":"Wheel of Change","floor":4,"gold_loss":0},{"damage_healed":0,"gold_gain":0,"player_choice":"Success","damage_taken":7,"relics_obtained":["Singing Bowl"],"max_hp_gain":0,"max_hp_loss":0,"event_name":"Scrap Ooze","floor":11,"gold_loss":0},{"damage_healed":0,"gold_gain":0,"player_choice":"Simplicity","damage_taken":0,"max_hp_gain":0,"max_hp_loss":0,"event_name":"Back to Basics","floor":20,"gold_loss":0,"cards_upgraded":["Strike_G","Strike_G","Strike_G","Strike_G","Defend_G","Defend_G","Defend_G","Defend_G"]},{"damage_healed":0,"gold_gain":0,"player_choice":"Ignored","damage_taken":0,"max_hp_gain":0,"max_hp_loss":0,"event_name":"Ghosts","floor":30,"gold_loss":0},{"cards_removed":["Strike_G"],"damage_healed":0,"gold_gain":0,"player_choice":"Removed Attack","damage_taken":0,"max_hp_gain":0,"max_hp_loss":0,"event_name":"Falling","floor":36,"gold_loss":0},{"damage_healed":0,"gold_gain":0,"player_choice":"Forge","damage_taken":0,"max_hp_gain":0,"max_hp_loss":0,"event_name":"Accursed Blacksmith","floor":39,"gold_loss":0,"cards_upgraded":["Malaise"]},{"damage_healed":0,"gold_gain":0,"player_choice":"Fight","damage_taken":0,"max_hp_gain":0,"max_hp_loss":0,"event_name":"Mysterious Sphere","floor":48,"gold_loss":0}],"is_beta":false,"boss_relics":[{"not_picked":["WristBlade","Runic Dome"],"picked":"Coffee Dripper"},{"not_picked":["Velvet Choker","Ring of the Serpent"],"picked":"Empty Cage"}],"items_purged_floors":[2,19],"is_endless":false,"potions_floor_spawned":[1,6,10,13,23,27,28,29,31,33,35,37,40,45,47,48,54],"ascension_level":1}}