{"host":"28bpuzdckreop5i0","time":1611115321,"event":{"mods":["Aspiration","BaseMod","Challenge The Spire","Defuse TimeMaze Blight","Downfall","Energized Spire","GifTheSpireLib","Googly Eyes","Minty Spire (QoL Compilation)","Relic Stats","Shop Mod","Spicy Shops","StSLib","Stuff the Spire","The Awakened One except there are too many feathers","The IronCluck","Transform Curses","slay the spire mod where everything is the same but ironclad has a cowboy hat"],"gold_per_floor":[99,99,122,122,122,122,145,145,179,192,95,122,134,56,71,71,71,71],"floor_reached":16,"language":"ENG","playtime":719,"items_purged":["bronze:Strike"],"score":104,"play_id":"594d68f7-ef06-45bb-a604-526bffe86068","local_time":"20210119220201","is_ascension_mode":false,"campfire_choices":[{"data":"bronze:Replicate","floor":1,"key":"SMITH"},{"data":"bronze:MaxOutput","floor":6,"key":"SMITH"}],"circlet_count":0,"master_deck":["bronze:Strike","bronze:Strike","bronze:Defend","bronze:Defend","bronze:Defend","bronze:Defend","bronze:Replicate+1","bronze:Goto","bronze:MaxOutput+1","bronze:HardenedForm","bronze:Iterate","bronze:WildBeam","bronze:WildBeam","bronze:Mutator","bronze:Boost","bronze:MaxOutput","bronze:Boost"],"relics":["bronze:BronzeCore","downfall:HeartsMalice","Bronze Scales","Art of War","StuffTheSpire:SapphireSignet","MawBank","downfall:BrokenWingStatue"],"acts_visited":["Exordium"],"potions_floor_usage":[15,16],"damage_taken":[{"damage":0,"enemies":"Cultist","floor":2,"turns":1},{"damage":0,"enemies":"2 Louse","floor":5,"turns":1},{"damage":0,"enemies":"Jaw Worm","floor":8,"turns":1},{"damage":17,"enemies":"3 Sentries","floor":9,"turns":7},{"damage":12,"enemies":"Exordium Thugs","floor":10,"turns":3},{"damage":0,"enemies":"downfall:FleeingMerchant","floor":11,"turns":4},{"damage":21,"enemies":"Lagavulin","floor":12,"turns":5},{"damage":0,"enemies":"downfall:FleeingMerchant","floor":14,"turns":4},{"damage":3,"enemies":"Lots of Slimes","floor":15,"turns":4},{"damage":34,"enemies":"WA_ARCHETYPE_RETAIN","floor":16,"turns":7}],"seed_played":"9028087591876165583","potions_obtained":[{"floor":9,"key":"SpeedPotion"},{"floor":12,"key":"LiquidBronze"},{"floor":15,"key":"SteroidPotion"}],"is_trial":false,"path_per_floor":["R","M","T","?","M","R","T","M","E","M","$","E","?","$","M","B"],"character_chosen":"THE_AUTOMATON","items_purchased":["bronze:Boost"],"campfire_rested":0,"item_purchase_floors":[11],"current_hp_per_floor":[70,70,70,70,70,70,70,70,53,41,41,20,20,20,17,0,0,0],"gold":71,"neow_bonus":"THREE_ENEMY_KILL","is_daily":false,"chose_seed":false,"campfire_upgraded":2,"win_rate":0.0,"timestamp":1611115321,"path_taken":["R","M","?","?","?","R","T","M","E","M","$","E","?","$","M","BOSS"],"items_purchased_type":["Card"],"build_version":"2020-12-22","purchased_purges":1,"victory":false,"max_hp_per_floor":[70,70,70,70,70,70,70,70,70,70,70,70,70,70,70,70,70,70],"relic_stats":{"counters":[10,34],"Bronze Scales":[76],"Art of War":[3],"MawBank":24,"obtain_stats":[{"StuffTheSpire:SapphireSignet":9,"bronze:BronzeCore":0,"downfall:BrokenWingStatue":13,"Bronze Scales":3,"downfall:HeartsMalice":0,"Art of War":7,"MawBank":12},{"StuffTheSpire:SapphireSignet":4,"bronze:BronzeCore":0,"downfall:BrokenWingStatue":7,"Bronze Scales":1,"downfall:HeartsMalice":0,"Art of War":2,"MawBank":7},{"StuffTheSpire:SapphireSignet":7,"bronze:BronzeCore":0,"downfall:BrokenWingStatue":19,"Bronze Scales":0,"downfall:HeartsMalice":0,"Art of War":0,"MawBank":19}]},"card_choices":[{"not_picked":["bronze:Backtrace","bronze:DelayedGuard"],"picked":"bronze:MaxOutput","floor":2},{"not_picked":["bronze:BronzeArmor","bronze:CloningBeam"],"picked":"bronze:Iterate","floor":5},{"not_picked":["bronze:DelayedGuard","bronze:CutThrough"],"picked":"bronze:WildBeam","floor":8},{"not_picked":["bronze:DelayedGuard","bronze:BitShift","bronze:GetLatest"],"picked":"SKIP","floor":9},{"not_picked":["bronze:DelayedGuard","bronze:Deprecate"],"picked":"bronze:WildBeam","floor":10},{"not_picked":["bronze:BuggyMess","bronze:Boost"],"picked":"bronze:Mutator","floor":11},{"not_picked":["bronze:Optimize","bronze:BitShift","bronze:Invalidate"],"picked":"SKIP","floor":12},{"not_picked":["bronze:Invalidate","bronze:FineTuning"],"picked":"bronze:MaxOutput","floor":14},{"not_picked":["bronze:FineTuning","bronze:Deprecate"],"picked":"bronze:Boost","floor":15}],"player_experience":905032,"relics_obtained":[{"floor":3,"key":"Bronze Scales"},{"floor":7,"key":"Art of War"},{"floor":9,"key":"StuffTheSpire:SapphireSignet"},{"floor":12,"key":"MawBank"}],"event_choices":[],"is_beta":false,"boss_relics":[],"items_purged_floors":[14],"is_endless":false,"potions_floor_spawned":[9,12,15],"killed_by":"WA_ARCHETYPE_RETAIN","ascension_level":0}}