{"host":"5ezk7t18wcb10u1o","time":1611151908,"event":{"mods":["BaseMod","Bestiary","Colored Powertips","Minty Spire (QoL Compilation)","Relic Sorter"],"gold_per_floor":[109,126,126,152,167,167,183,183,252,252,268,343,343,358,358,433,433,453,467,392,392,392],"floor_reached":21,"language":"ENG","playtime":1014,"items_purged":["Strike_B"],"score":342,"play_id":"c8172a5f-075a-44b3-8155-7af2c1e43a14","local_time":"20210120141148","is_ascension_mode":true,"campfire_choices":[{"data":"Loop","floor":6.0,"key":"SMITH"},{"floor":8.0,"key":"REST"},{"data":"Dualcast","floor":10.0,"key":"SMITH"},{"data":"Go for the Eyes","floor":15.0,"key":"SMITH"}],"circlet_count":0,"master_deck":["AscendersBane","Strike_B","Strike_B","Strike_B","Defend_B","Defend_B","Defend_B","Defend_B","Zap","Dualcast+1","Auto Shields","Loop+1","Beam Cell","Scrape","Go for the Eyes+1","Conserve Battery","Seek","Hologram","Go for the Eyes"],"relics":["Cracked Core","Boot","Pen Nib","Pear","Black Star"],"acts_visited":["Exordium","TheCity"],"potions_floor_usage":[],"damage_taken":[{"damage":1.0,"enemies":"Cultist","floor":1.0,"turns":4.0},{"damage":14.0,"enemies":"Jaw Worm","floor":2.0,"turns":4.0},{"damage":7.0,"enemies":"Small Slimes","floor":5.0,"turns":4.0},{"damage":1.0,"enemies":"Looter","floor":7.0,"turns":3.0},{"damage":0.0,"enemies":"Blue Slaver","floor":11.0,"turns":1.0},{"damage":0.0,"enemies":"Lots of Slimes","floor":14.0,"turns":1.0},{"damage":28.0,"enemies":"Slime Boss","floor":16.0,"turns":10.0},{"damage":32.0,"enemies":"Shell Parasite","floor":18.0,"turns":6.0},{"damage":20.0,"enemies":"3 Byrds","floor":19.0,"turns":4.0},{"damage":24,"enemies":"Snecko","floor":21,"turns":4}],"seed_played":"1775958381072741670","potions_obtained":[{"floor":5.0,"key":"Explosive Potion"},{"floor":7.0,"key":"ColorlessPotion"},{"floor":11.0,"key":"PowerPotion"},{"floor":14.0,"key":"LiquidMemories"},{"floor":19.0,"key":"SpeedPotion"}],"is_trial":false,"path_per_floor":["M","M","$","T","M","R","M","R","T","R","M","?","?","M","R","B",null,"M","M","$","M"],"character_chosen":"DEFECT","items_purchased":[],"campfire_rested":1,"item_purchase_floors":[],"current_hp_per_floor":[63,49,49,49,42,42,41,62,72,72,72,61,66,66,66,38,74,42,22,22,0,0],"gold":392,"neow_bonus":"RANDOM_COMMON_RELIC","is_daily":false,"chose_seed":false,"campfire_upgraded":3,"win_rate":0.0,"timestamp":1611151908,"path_taken":["M","M","?","?","M","R","?","R","T","R","M","?","?","M","R","BOSS","M","M","$","M"],"items_purchased_type":[],"build_version":"2020-12-22","purchased_purges":1,"victory":false,"max_hp_per_floor":[71,71,71,71,71,71,71,71,81,81,81,81,86,86,86,86,86,86,86,86,86,86],"card_choices":[{"not_picked":["Stack","Force Field"],"picked":"Auto Shields","floor":1.0},{"not_picked":["Recycle","Steam Power"],"picked":"Loop","floor":2.0},{"not_picked":["White Noise","Reprogram"],"picked":"Beam Cell","floor":5.0},{"not_picked":["Blizzard","Leap"],"picked":"Scrape","floor":7.0},{"not_picked":["Ball Lightning","Redo"],"picked":"Go for the Eyes","floor":11.0},{"not_picked":["Streamline","Go for the Eyes"],"picked":"Conserve Battery","floor":14.0},{"not_picked":["Biased Cognition","Rainbow"],"picked":"Seek","floor":16.0},{"not_picked":["Redo","Steam Power"],"picked":"Hologram","floor":18.0},{"not_picked":["Storm+1","Barrage"],"picked":"Go for the Eyes","floor":19.0}],"player_experience":1150334,"relics_obtained":[{"floor":4.0,"key":"Pen Nib"},{"floor":9.0,"key":"Pear"}],"event_choices":[{"damage_healed":0.0,"max_hp_gain":0.0,"max_hp_loss":0.0,"gold_gain":75.0,"event_name":"World of Goop","player_choice":"Gather Gold","floor":12.0,"gold_loss":0.0,"damage_taken":11.0},{"damage_healed":0.0,"max_hp_gain":5.0,"max_hp_loss":0.0,"gold_gain":0.0,"event_name":"Big Fish","player_choice":"Donut","floor":13.0,"gold_loss":0.0,"damage_taken":0.0}],"is_beta":false,"boss_relics":[{"not_picked":["Calling Bell","Sozu"],"picked":"Black Star"}],"items_purged_floors":[20],"is_endless":false,"potions_floor_spawned":[5,7,11,14,19],"killed_by":"Snecko","ascension_level":20}}