{"host":"oz0i1fpezyhy8r2h","time":1611162920,"event":{"mods":["ATMod(∞¢Ë™Mod)","Act Like it!","Arknights The Spire","BaseMod","CapriCore","GifTheSpireLib","Hallownest","Luminous","Minty Spire (QoL Compilation)","Reimu£®≤©¿ˆ¡È√Œ£©","Remilia£®¿Ÿ√◊¿Ú—«£©","StSLib","The Construct","The Cursed","The Gatherer","The Immortal","The Marked","°æ“≈ŒÔø®≈∆°øREMEMod"],"gold_per_floor":[109,109,139,104,29,60,60,60,60,80,97,113,145,200,212,329,341,369,381,393,498,260,272,370,382,394,406,318,46,46,46,46,224,224,247,315,315,315,338,432,526,586,612,512,557,151,242,650,650,678,678,678,42,133,176],"floor_reached":56,"language":"ZHS","playtime":3021,"items_purged":["Defend_RM","Strike_RM","Defend_RM+1","Strike_RM+1"],"score":2134,"play_id":"044f6048-a6fe-479d-8fd6-ba9b569ed1fe","local_time":"20210121011520","is_ascension_mode":true,"campfire_choices":[{"data":"ScarletCoffin","floor":8,"key":"SMITH"},{"data":"HeartBreak","floor":15,"key":"SMITH"},{"floor":23,"key":"RECALL"},{"data":"EquivalentExchange","floor":25,"key":"SMITH"},{"data":"RedMoon","floor":27,"key":"SMITH"},{"floor":32,"key":"REST"}],"circlet_count":0,"master_deck":["AscendersBane","Strike_RM+1","Defend_RM+1","RedMoon+1","ScarletShoot+1","ScarletCoffin+1","HeartBreak+1","EquivalentExchange+1","CeilingFear+1","ForecastOfChange+1","EternalNight+1","NightLord+1"],"relics":["ScarletHat","AT_ATBox","REME_ComplimentaryCards","Bird Faced Urn","AT_SeraphEmbrace","Omamori","Hallownest:DreamNailRelic","REME_ArchaeologicalTools","MawBank","AT_TrinityForce","AT_MibuBalloonWealth","Hallownest:NailmastersGloryRelic","AT_ImmortalShieldbow","REME_IWantAll","Hallownest:UnbreakableCardRelic","Gungnir","construct:RocketBooster","REME_CardOfGreed","AT_BellowingDragoncrestRing","Coffee Dripper","REME_HourglassOfDeath","Ancient Tea Set","MealTicket","Hallownest:HeavyBlowRelic","REME_LimitBreaker","Ginger","Eternal Feather","Bag of Preparation","AT_ForceNature","Orrery","CrazyTorch:ReiMu","ScarletDevilRocket","Old Coin","AT_TimeSand","TheAbacus","AT_EbonyIvory"],"acts_visited":["Exordium","Hallownest:Greenpath","Hallownest:CityofTears","TheEnding"],"potions_floor_usage":[24,55],"damage_taken":[{"damage":3.0,"enemies":"Hallownest:2_Tiktiks_and_1_Crawlid","floor":1.0,"turns":6.0},{"damage":35,"enemies":"Hallownest:eliteMossKnight","floor":6,"turns":20},{"damage":0,"enemies":"Hallownest:2_Baldur","floor":10,"turns":6},{"damage":0,"enemies":"Hallownest:monsterHuskGuard","floor":11,"turns":4},{"damage":0,"enemies":"Hallownest:monsterFoolEater","floor":12,"turns":7},{"damage":8,"enemies":"Hallownest:eliteVengeflyKing","floor":13,"turns":9},{"damage":0,"enemies":"Hallownest:monsterAspidMother","floor":14,"turns":7},{"damage":32,"enemies":"Hallownest:BossBrokenVessel","floor":16,"turns":11},{"damage":0,"enemies":"Hallownest:Guard_and_Sentry","floor":18,"turns":4},{"damage":15,"enemies":"Hallownest:3_Youths","floor":21,"turns":10},{"damage":85,"enemies":"Hallownest:eliteWatcherKnight","floor":24,"turns":21},{"damage":25,"enemies":"Hallownest:BossMantisLord","floor":33,"turns":8},{"damage":0,"enemies":"Hallownest:2_Littles","floor":35,"turns":3},{"damage":0,"enemies":"Hallownest:Shield_Heavy","floor":36,"turns":6},{"damage":0,"enemies":"Hallownest:2_Great","floor":39,"turns":7},{"damage":0,"enemies":"Hallownest:eliteCollector","floor":40,"turns":4},{"damage":4,"enemies":"Hallownest:Xero_Hu_Marmu","floor":41,"turns":5},{"damage":0,"enemies":"Hallownest:StalkingDevout","floor":42,"turns":3},{"damage":0,"enemies":"Hallownest:monsterPrimalAspid","floor":45,"turns":3},{"damage":0,"enemies":"Hallownest:2_Soldiers_and_1_Guardian","floor":47,"turns":3},{"damage":1,"enemies":"Hallownest:2_Primals","floor":48,"turns":2},{"damage":0,"enemies":"Hallownest:Radiance","floor":50,"turns":3},{"damage":0,"enemies":"Shield and Spear","floor":54,"turns":2},{"damage":0,"enemies":"The Heart","floor":55,"turns":3}],"seed_played":"8500939764171144847","potions_obtained":[{"floor":1.0,"key":"Swift Potion"},{"floor":6,"key":"Regen Potion"},{"floor":18,"key":"FairyPotion"},{"floor":24,"key":"FearPotion"}],"is_trial":false,"path_per_floor":["M","$","?","?","$","E","?","R","T","M","M","M","E","M","R","B",null,"M","?","?","M","?","R","E","R","T","R","$","$","?","T","R","B",null,"M","M","?","?","M","E","M","E","T","?","M","$","M","?","R","B",null,"R","$","E","B",null],"character_chosen":"REMILIA","items_purchased":["REME_CardOfGreed","Orrery","CrazyTorch:ReiMu","AT_TimeSand","NightLord","TheAbacus"],"campfire_rested":1,"item_purchase_floors":[29,46,46,53,53,53],"current_hp_per_floor":[69,69,69,74,74,46,46,46,46,46,47,49,46,46,46,32,68,73,73,69,62,62,62,28,28,28,28,28,28,28,28,52,42,71,73,80,80,80,80,80,76,80,80,80,80,80,80,80,80,80,80,80,80,80,80],"gold":176,"neow_bonus":"ONE_RANDOM_RARE_CARD","is_daily":false,"chose_seed":false,"campfire_upgraded":4,"win_rate":0.0,"timestamp":1611162920,"path_taken":["M","?","?","?","$","E","?","R","T","?","M","M","E","M","R","BOSS","M","?","?","M","?","R","E","R","T","R","?","$","?","?","R","BOSS","M","M","?","?","?","E","M","E","T","?","?","$","M","?","R","BOSS","R","$","E","BOSS"],"items_purchased_type":["Relic","Relic","Relic","Relic","Card","Relic"],"build_version":"2020-12-22","purchased_purges":4,"victory":true,"max_hp_per_floor":[75,75,75,80,80,80,80,80,80,80,80,80,80,80,80,80,80,80,80,80,80,80,80,80,80,80,80,80,80,80,80,80,80,80,80,80,80,80,80,80,80,80,80,80,80,80,80,80,80,80,80,80,80,80,80],"card_choices":[{"not_picked":["BlasphemousPunishment","MastersStateliness","DiffusionOfMisfortune"],"picked":"SKIP","floor":1.0},{"not_picked":["StarOfDavid","ScarletImprint","BadLadyScramble"],"picked":"SKIP","floor":6},{"not_picked":["ScarletDream","RedRainbow"],"picked":"Maim","floor":10},{"not_picked":["ScarletImprint","RedMagic","BombardNight"],"picked":"SKIP","floor":11},{"not_picked":["StarOfDavid","ScarletImprint","UnstableMagic"],"picked":"SKIP","floor":12},{"not_picked":["BlasphemousPunishment","UnstableMagic"],"picked":"HeartBreak","floor":13},{"not_picked":["RedRainbow","ScarletDevilSign","Stigmanizer"],"picked":"SKIP","floor":14},{"not_picked":["VampireKiss+1","EndlessAdversity+1","ScarletGensokyo"],"picked":"SKIP","floor":18},{"not_picked":["NightDance","RedMagic"],"picked":"EquivalentExchange","floor":21},{"not_picked":["ScarletGensokyo","ChainGang+1","StarOfDavid"],"picked":"SKIP","floor":24},{"not_picked":["ForecastOfChange","BatForm"],"picked":"CeilingFear","floor":33},{"not_picked":["MastersStateliness","BlasphemousPunishment+1","Stigmanizer"],"picked":"SKIP","floor":35},{"not_picked":["VampireKiss","CharismaGuard","ScarletDevil+1"],"picked":"SKIP","floor":36},{"not_picked":["VampireClaw+1","ScarletImprint+1"],"picked":"ForecastOfChange","floor":39},{"not_picked":["SuperhumanBloodyKnife","MastersStateliness+1"],"picked":"EternalNight+1","floor":40},{"not_picked":["ScarletImprint","BlasphemousPunishment+1","EndlessAdversity+1"],"picked":"SKIP","floor":41},{"not_picked":["EmergencyRegeneration","BlasphemousPunishment+1","BombardNight+1"],"picked":"SKIP","floor":42},{"not_picked":["EmergencyRegeneration+1","UnstableMagic","BloodyTrap+1"],"picked":"SKIP","floor":45},{"not_picked":["UnstableMagic+1","ScarletDevil+1","SuperhumanBloodyKnife+1"],"picked":"SKIP","floor":47},{"not_picked":["DevilSight","EndlessAdversity+1","SuperhumanBloodyKnife+1"],"picked":"SKIP","floor":54}],"player_experience":169523,"relics_obtained":[{"floor":1.0,"key":"Bird Faced Urn"},{"floor":6,"key":"AT_ArchangelStaff"},{"floor":6,"key":"Omamori"},{"floor":13,"key":"REME_ArchaeologicalTools"},{"floor":14,"key":"MawBank"},{"floor":18,"key":"AT_MibuBalloonWealth"},{"floor":21,"key":"AT_ImmortalShieldbow"},{"floor":21,"key":"REME_IWantAll"},{"floor":24,"key":"Gungnir"},{"floor":26,"key":"construct:RocketBooster"},{"floor":31,"key":"AT_BellowingDragoncrestRing"},{"floor":35,"key":"REME_HourglassOfDeath"},{"floor":36,"key":"Ancient Tea Set"},{"floor":36,"key":"MealTicket"},{"floor":40,"key":"REME_LimitBreaker"},{"floor":41,"key":"Ginger"},{"floor":42,"key":"Eternal Feather"},{"floor":43,"key":"Bag of Preparation"},{"floor":47,"key":"ScarletDevilRocket"},{"floor":48,"key":"Old Coin"},{"floor":54,"key":"AT_EbonyIvory"}],"event_choices":[],"is_beta":false,"boss_relics":[{"not_picked":["Sozu","Astrolabe"],"picked":"AT_TrinityForce"},{"not_picked":["Busted Crown","Runic Dome"],"picked":"Coffee Dripper"}],"items_purged_floors":[5,28,29,53],"is_endless":false,"potions_floor_spawned":[6,10,16,39,40,47],"ascension_level":11}}