{"host":"w3q5ijqu8eoknil3","time":1611120215,"event":{"mods":["AchievementEnabler","BaseMod","Block Reminder","Colored Powertips","Curses Come First","Minty Spire (QoL Compilation)","Quick Restart","Relic Stats","StSLib","ojb\u0027s Better Paths Mod","ojb\u0027s Info Mod","slay the spire mod where everything is the same but ironclad has a cowboy hat"],"gold_per_floor":[110,110,110,122,142,142,174,199,199,224,241,241,241,251,251,251,251],"floor_reached":16,"language":"ENG","playtime":355,"items_purged":[],"score":209,"play_id":"909d4186-d4b0-418a-8b7c-42e93854015f","local_time":"20210120052335","is_ascension_mode":true,"campfire_choices":[{"data":"Bouncing Flask","floor":6,"key":"SMITH"},{"floor":15,"key":"REST"}],"circlet_count":0,"master_deck":["AscendersBane","Strike_G","Strike_G","Strike_G","Strike_G","Defend_G","Defend_G","Defend_G","Defend_G","Defend_G","Survivor","Neutralize","Dagger Spray","Bouncing Flask+1","Crippling Poison","PiercingWail","Blade Dance","Deadly Poison","Caltrops","Parasite","Sucker Punch","After Image"],"relics":["Ring of the Snake","NeowsBlessing","Art of War","Dream Catcher","Juzu Bracelet","MealTicket","Akabeko"],"acts_visited":["Exordium"],"potions_floor_usage":[10,11,16],"damage_taken":[{"damage":0,"enemies":"Jaw Worm","floor":1,"turns":1},{"damage":0,"enemies":"Small Slimes","floor":4,"turns":1},{"damage":0,"enemies":"Cultist","floor":5,"turns":1},{"damage":12,"enemies":"Lagavulin","floor":7,"turns":5},{"damage":19,"enemies":"Gremlin Nob","floor":10,"turns":4},{"damage":0,"enemies":"Exordium Wildlife","floor":11,"turns":5},{"damage":11,"enemies":"Gremlin Gang","floor":14,"turns":2},{"damage":33,"enemies":"Slime Boss","floor":16,"turns":6}],"seed_played":"8089125548867877360","potions_obtained":[{"floor":5,"key":"Weak Potion"},{"floor":7,"key":"BlessingOfTheForge"},{"floor":14,"key":"Poison Potion"}],"is_trial":false,"path_per_floor":["M","?","?","M","M","R","E","T","T","E","M","?","?","M","R","B"],"character_chosen":"THE_SILENT","items_purchased":[],"campfire_rested":1,"item_purchase_floors":[],"current_hp_per_floor":[59,33,33,33,33,33,21,21,21,2,2,18,23,12,33,0,0],"gold":251,"neow_bonus":"THREE_ENEMY_KILL","is_daily":false,"chose_seed":false,"campfire_upgraded":1,"win_rate":0.0,"timestamp":1611120215,"path_taken":["M","?","?","?","?","R","E","?","T","E","M","?","?","M","R","BOSS"],"items_purchased_type":[],"build_version":"2020-12-22","purchased_purges":0,"victory":false,"max_hp_per_floor":[66,66,66,66,66,66,66,66,66,66,66,66,71,71,71,71,71],"relic_stats":{"Dream Catcher":1,"counters":[8,25],"MealTicket":0,"Art of War":[4],"Juzu Bracelet":1,"obtain_stats":[{"Dream Catcher":7,"NeowsBlessing":0,"MealTicket":9,"Art of War":2,"Juzu Bracelet":8,"Akabeko":10,"Ring of the Snake":0},{"Dream Catcher":4,"NeowsBlessing":0,"MealTicket":4,"Art of War":1,"Juzu Bracelet":4,"Akabeko":5,"Ring of the Snake":0},{"Dream Catcher":8,"NeowsBlessing":0,"MealTicket":8,"Art of War":1,"Juzu Bracelet":8,"Akabeko":12,"Ring of the Snake":0}],"Ring of the Snake":[16]},"card_choices":[{"not_picked":["Backflip","Accuracy"],"picked":"Dagger Spray","floor":1},{"not_picked":["Dagger Throw","Bane"],"picked":"Crippling Poison","floor":4},{"not_picked":["Deflect","Slice"],"picked":"PiercingWail","floor":5},{"not_picked":["Dagger Throw","Slice"],"picked":"Blade Dance","floor":7},{"not_picked":["Heel Hook","Dodge and Roll"],"picked":"Deadly Poison","floor":10},{"not_picked":["Quick Slash","Infinite Blades"],"picked":"Caltrops","floor":11},{"not_picked":["Slice","Blade Dance"],"picked":"Sucker Punch","floor":14},{"not_picked":["Outmaneuver","Deflect"],"picked":"After Image","floor":15}],"player_experience":995969,"relics_obtained":[{"floor":7,"key":"Dream Catcher"},{"floor":8,"key":"Juzu Bracelet"},{"floor":9,"key":"MealTicket"},{"floor":10,"key":"Akabeko"}],"event_choices":[{"damage_healed":0,"gold_gain":0,"player_choice":"Success","damage_taken":26,"relics_obtained":["Art of War"],"max_hp_gain":0,"max_hp_loss":0,"event_name":"Scrap Ooze","floor":2,"gold_loss":0},{"damage_healed":0,"gold_gain":0,"cards_transformed":["Strike_G"],"player_choice":"Change","damage_taken":0,"max_hp_gain":0,"max_hp_loss":0,"event_name":"Living Wall","floor":3,"gold_loss":0,"cards_obtained":["Bouncing Flask"]},{"damage_healed":16,"gold_gain":0,"player_choice":"Healed and dodged fight","damage_taken":0,"max_hp_gain":0,"max_hp_loss":0,"event_name":"Mushrooms","floor":12,"gold_loss":0,"cards_obtained":["Parasite"]},{"damage_healed":0,"gold_gain":0,"player_choice":"Donut","damage_taken":0,"max_hp_gain":5,"max_hp_loss":0,"event_name":"Big Fish","floor":13,"gold_loss":0}],"is_beta":false,"boss_relics":[],"items_purged_floors":[],"is_endless":false,"potions_floor_spawned":[5,7,14],"killed_by":"Slime Boss","ascension_level":18}}