{"host":"lzpp66udqthct9jv","time":1611132169,"event":{"mods":["Act Like it!","BaseMod","Better-Laid Plans","Chen","Emptier Cage","Gensokyo","Highlight Path","Koishi","Marisa£®ÏF”Í°°ƒß¿Ì…≥£©","Minty Spire (QoL Compilation)","Pale of the Ancients","Quick Restart","Reimu£®≤©¿ˆ¡È√Œ£©","Remilia£®¿Ÿ√◊¿Ú—«£©","Shop Mod","StSLib","The Administrix","The Servant 0.9.4","Yakumo Yukari mod","Youmu£®ªÍ∆«—˝√Œ£©","Yuyuko","ÛÙª÷∏ƒœ"],"gold_per_floor":[112,41,51,63,163,394,394,394,394,394,429,443,454,481,481,558,558,568,585,223,223,223,257,257,291,291,291,323,323,55,55,55,130,130,142,153,453,162,162,195,240,265,265,115,115,130,156,171,171,171,171,171,171,87,114,114],"floor_reached":57,"language":"ZHS","playtime":3319,"items_purged":["Strike_R","Strike_R","Combust","Cleave"],"score":2934,"play_id":"d441e0d0-4869-49d3-8211-7556f6815946","local_time":"20210120164249","is_ascension_mode":true,"campfire_choices":[{"data":"True Grit","floor":7.0,"key":"SMITH"},{"data":"Feel No Pain","floor":10.0,"key":"SMITH"},{"data":"Fire Breathing","floor":15.0,"key":"SMITH"},{"data":"Dark Embrace","floor":24.0,"key":"SMITH"},{"data":"Feed","floor":27.0,"key":"SMITH"},{"data":"Shockwave","floor":29.0,"key":"SMITH"},{"data":"Night Terror","floor":32.0,"key":"SMITH"},{"floor":49,"key":"RECALL"},{"data":"Evolve","floor":53,"key":"SMITH"}],"circlet_count":0,"master_deck":["AscendersBane","Shrug It Off","Feel No Pain+1","True Grit+1","Sentinel","Wild Strike","Disarm","Fire Breathing+1","Immolate","Shockwave+1","Dark Embrace+1","Power Through","Feed+1","Burning Pact+1","Night Terror+1","Barricade","Pommel Strike","Dark Embrace","Sentinel","Wild Strike","Double Tap","Dropkick","Evolve+1","Seeing Red","Whirlwind","Body Slam","Feel No Pain"],"relics":["Burning Blood","Bronze Scales","Akabeko","CrazyTorch:ReiMu","Happy Flower","Turnip","Strawberry","Whetstone","Coffee Dripper","Mummified Hand","Tea:ReiMu","Pen Nib","Mercury Hourglass","Pear","Shuriken","Bag of Preparation","Pandora\u0027s Box","Mastiff:ReiMu","Toy Ornithopter","TungstenRod","Bottled Flame","Anchor","Bird Faced Urn"],"acts_visited":["Gensokyo:Gensokyo","Gensokyo:Gensokyoer","TheBeyond","TheEnding"],"potions_floor_usage":[40,56,56],"damage_taken":[{"damage":12.0,"enemies":"Gensokyo:2_Kodama","floor":1.0,"turns":4.0},{"damage":8.0,"enemies":"Gensokyo:3_Fairies","floor":3.0,"turns":4.0},{"damage":10.0,"enemies":"Gensokyo:Python","floor":4.0,"turns":5.0},{"damage":40.0,"enemies":"Gensokyo:Aya","floor":6.0,"turns":6.0},{"damage":12.0,"enemies":"Gensokyo:Cirno","floor":11.0,"turns":6.0},{"damage":0.0,"enemies":"Gensokyo:Gryphon_and_Rabbit","floor":12.0,"turns":4.0},{"damage":0.0,"enemies":"Gensokyo:2_Rabbits","floor":13.0,"turns":3.0},{"damage":21.0,"enemies":"Gensokyo:Aya","floor":14.0,"turns":7.0},{"damage":11.0,"enemies":"Gensokyo:Kokoro","floor":16.0,"turns":12.0},{"damage":11.0,"enemies":"Gensokyo:Chomper","floor":18.0,"turns":5.0},{"damage":0.0,"enemies":"Gensokyo:2_Gloops","floor":19.0,"turns":4.0},{"damage":27.0,"enemies":"Gensokyo:Koishi","floor":23.0,"turns":6.0},{"damage":9.0,"enemies":"Gensokyo:Reisen","floor":25.0,"turns":4.0},{"damage":19.0,"enemies":"Gensokyo:Tenshi","floor":28.0,"turns":5.0},{"damage":8.0,"enemies":"Gensokyo:Eiki","floor":33.0,"turns":6.0},{"damage":4,"enemies":"Orb Walker","floor":35,"turns":3},{"damage":0,"enemies":"3 Darklings","floor":36,"turns":4},{"damage":8,"enemies":"Nemesis","floor":40,"turns":3},{"damage":22,"enemies":"2 Orb Walkers","floor":41,"turns":2},{"damage":0,"enemies":"Giant Head","floor":42,"turns":4},{"damage":0,"enemies":"Sphere and 2 Shapes","floor":46,"turns":3},{"damage":9,"enemies":"Nemesis","floor":47,"turns":3},{"damage":0,"enemies":"Jaw Worm Horde","floor":48,"turns":2},{"damage":24,"enemies":"Time Eater","floor":50,"turns":8},{"damage":0,"enemies":"Awakened One","floor":51,"turns":7},{"damage":28,"enemies":"Shield and Spear","floor":55,"turns":5},{"damage":101,"enemies":"The Heart","floor":56,"turns":10}],"seed_played":"7221751567264142620","potions_obtained":[{"floor":6.0,"key":"Fruit Juice"},{"floor":11.0,"key":"Swift Potion"},{"floor":13.0,"key":"ColorlessPotion"},{"floor":16.0,"key":"Dexterity Potion"},{"floor":23.0,"key":"FearPotion"},{"floor":25.0,"key":"SkillPotion"},{"floor":28.0,"key":"DistilledChaos"},{"floor":35,"key":"Block Potion"},{"floor":41,"key":"Swift Potion"},{"floor":47,"key":"CultistPotion"}],"is_trial":false,"path_per_floor":["M","COS","M","M","?","E","R","?","T","R","E","M","M","E","R","B",null,"M","M","$","?","?","E","R","E","T","R","E","R","$","?","R","B",null,"M","M","?","$","?","E","?","E","T","$","?","M","E","M","R","B","B",null,"R","$","E","B",null],"character_chosen":"IRONCLAD","items_purchased":["Mummified Hand","Bag of Preparation","Mastiff:ReiMu","Feel No Pain"],"campfire_rested":0,"item_purchase_floors":[20,30,38,54],"current_hp_per_floor":[62,62,60,56,56,27,27,27,27,27,28,34,40,25,25,20,70,65,71,71,71,71,50,50,47,57,57,44,44,44,33,33,31,75,81,91,91,91,91,93,81,91,91,91,91,101,98,108,108,90,96,108,108,108,86,21],"gold":114,"neow_bonus":"RANDOM_COMMON_RELIC","is_daily":false,"chose_seed":false,"campfire_upgraded":8,"win_rate":0.0,"timestamp":1611132169,"path_taken":["M","COS","M","M","?","E","R","?","T","R","E","M","M","E","R","BOSS","M","M","$","?","?","E","R","E","T","R","E","R","?","?","R","BOSS","M","M","?","?","?","E","?","E","T","$","?","M","E","M","R","BOSS","BOSS","R","$","E","BOSS"],"items_purchased_type":["Relic","Relic","Relic","Card"],"build_version":"2020-12-22","purchased_purges":4,"victory":true,"max_hp_per_floor":[75,75,75,75,75,80,80,80,80,80,87,87,87,87,87,87,87,87,87,87,87,79,79,79,79,89,89,89,89,89,89,89,89,89,93,97,97,97,92,96,100,104,104,104,104,108,108,112,112,112,112,112,112,112,112,112],"card_choices":[{"not_picked":["Body Slam","Havoc"],"picked":"Cleave","floor":1.0},{"not_picked":["Havoc","Twin Strike"],"picked":"Shrug It Off","floor":3.0},{"not_picked":["Shrug It Off","Headbutt"],"picked":"Feel No Pain","floor":4.0},{"not_picked":["Dropkick","Flame Barrier"],"picked":"True Grit","floor":6.0},{"not_picked":["Headbutt","Anger"],"picked":"Sentinel","floor":11.0},{"not_picked":["Iron Wave","Anger"],"picked":"Wild Strike","floor":12.0},{"not_picked":["Heavy Blade","Perfected Strike"],"picked":"Disarm","floor":13.0},{"not_picked":["Berserk","Dropkick"],"picked":"Fire Breathing","floor":14.0},{"not_picked":["Berserk","Limit Break"],"picked":"Immolate","floor":16.0},{"not_picked":["Infernal Blade","Intimidate"],"picked":"Shockwave","floor":18.0},{"not_picked":["Flex","Wild Strike"],"picked":"Dark Embrace","floor":19.0},{"not_picked":["True Grit","Perfected Strike"],"picked":"Power Through","floor":23.0},{"not_picked":["Perfected Strike+1","Twin Strike+1"],"picked":"Feed","floor":25.0},{"not_picked":["Cleave","Armaments"],"picked":"Burning Pact+1","floor":28.0},{"not_picked":["Exhume","Fiend Fire"],"picked":"Barricade","floor":33.0},{"not_picked":["Feel No Pain","Iron Wave"],"picked":"Evolve","floor":35},{"not_picked":["True Grit","Flame Barrier"],"picked":"Seeing Red","floor":36},{"not_picked":["Thunderclap","Armaments","Infernal Blade"],"picked":"SKIP","floor":40},{"not_picked":["Perfected Strike","Headbutt"],"picked":"Whirlwind","floor":42},{"not_picked":["Heavy Blade+1","Disarm","Perfected Strike"],"picked":"SKIP","floor":46},{"not_picked":["Spot Weakness","Brutality","Heavy Blade"],"picked":"SKIP","floor":47},{"not_picked":["Twin Strike","Sword Boomerang"],"picked":"Body Slam","floor":48},{"not_picked":["Havoc","Twin Strike","Wild Strike"],"picked":"SKIP","floor":55}],"player_experience":1846075,"relics_obtained":[{"floor":6.0,"key":"CrazyTorch:ReiMu"},{"floor":9.0,"key":"Turnip"},{"floor":11.0,"key":"Strawberry"},{"floor":14.0,"key":"Whetstone"},{"floor":23.0,"key":"Pen Nib"},{"floor":25.0,"key":"Mercury Hourglass"},{"floor":26.0,"key":"Pear"},{"floor":28.0,"key":"Shuriken"},{"floor":40,"key":"Toy Ornithopter"},{"floor":41,"key":"TungstenRod"},{"floor":42,"key":"Bottled Flame"},{"floor":47,"key":"Anchor"},{"floor":55,"key":"Bird Faced Urn"}],"event_choices":[{"damage_healed":0,"gold_gain":300,"player_choice":"Gold","damage_taken":0,"max_hp_gain":0,"max_hp_loss":0,"event_name":"Wheel of Change","floor":37,"gold_loss":0},{"damage_healed":0,"gold_gain":0,"player_choice":"Max HP","damage_taken":0,"max_hp_gain":0,"max_hp_loss":5,"event_name":"Winding Halls","floor":39,"gold_loss":0},{"damage_healed":0,"gold_gain":0,"player_choice":"Fight","damage_taken":0,"max_hp_gain":0,"max_hp_loss":0,"event_name":"Mysterious Sphere","floor":41,"gold_loss":0},{"damage_healed":0,"gold_gain":0,"player_choice":"0 cards matched","damage_taken":0,"max_hp_gain":0,"max_hp_loss":0,"event_name":"Match and Keep!","floor":45,"gold_loss":0,"cards_obtained":[]}],"is_beta":false,"boss_relics":[{"not_picked":["Velvet Choker","SacredBark"],"picked":"Coffee Dripper"},{"not_picked":["Tiny House","Sozu"],"picked":"Pandora\u0027s Box"}],"items_purged_floors":[20,30,38,44],"is_endless":false,"potions_floor_spawned":[6,11,13,16,23,25,28,35,41,42,47,55],"ascension_level":20}}