{"host":"6a92uynocv4elkyp","time":1611167828,"event":{"mods":["AchievementEnabler","BaseMod","Hubris","Infinite Spire","Minty Spire (QoL Compilation)","Quick Restart","Replay The Spire","StSLib"],"gold_per_floor":[141,141,141,171,171,278,385,385,385,466,466,551,551,476,476,726,726,759,759,719,817,850,850,850,850,850],"floor_reached":25,"language":"ENG","playtime":1285,"items_purged":["Injury"],"score":486,"play_id":"a2953450-39cb-4d99-a48a-d32767fce277","local_time":"20210120193708","daily_mods":["SealedDeck","Heirloom","Flight","DeadlyEvents","Elite Swarm","Midas"],"is_ascension_mode":true,"campfire_choices":[{"floor":8,"key":"REST"},{"floor":11,"key":"REST"},{"floor":13,"key":"REST"},{"floor":15,"key":"REST"},{"floor":23,"key":"REST"}],"circlet_count":0,"master_deck":["AscendersBane","Anger","Armaments","Warcry","Evolve","Shrug It Off","Evolve","Clash","Flex","Metallicize","Replay:Undeath\u0027s Touch","Self Repair+1","FTL","Rip and Tear","Juggernaut","Barricade","Demon Form","hubris:StunningStrike","Clash","Demon Form","Headbutt"],"relics":["replay:Trail_Library","hubris:AstralHammer","Iron Core","Golden Idol","hubris:Potato","Red Skull","Bronze Scales","King of Hearts","Replay:Wax Seal","hubris:ScarierMask","hubris:TenFootPole"],"acts_visited":["Exordium","TheCity"],"potions_floor_usage":[7,18,21,21,25],"damage_taken":[{"damage":3,"enemies":"Cultist","floor":1,"turns":4},{"damage":4,"enemies":"Small Slimes","floor":4,"turns":4},{"damage":61,"enemies":"Gremlin Nob","floor":6,"turns":5},{"damage":19,"enemies":"Lagavulin","floor":7,"turns":5},{"damage":36,"enemies":"3 Sentries","floor":10,"turns":6},{"damage":21,"enemies":"Lagavulin","floor":12,"turns":5},{"damage":40,"enemies":"The Guardian","floor":16,"turns":7},{"damage":33,"enemies":"Shell Parasite","floor":18,"turns":4},{"damage":8,"enemies":"2 Thieves","floor":20,"turns":4},{"damage":31,"enemies":"Slavers","floor":21,"turns":5},{"damage":19,"enemies":"Centurion and Healer","floor":22,"turns":4},{"damage":45,"enemies":"Book of Stabbing","floor":25,"turns":4}],"seed_played":"2631995653457254949","potions_obtained":[{"floor":4,"key":"BlessingOfTheForge"},{"floor":10,"key":"Fire Potion"},{"floor":12,"key":"SteroidPotion"},{"floor":16,"key":"PowerPotion"},{"floor":18,"key":"Milkshake"},{"floor":22,"key":"BlessingOfTheForge"}],"is_trial":true,"path_per_floor":["M","?","?","M","?","E","E","R","T","E","R","E","R","$","R","B",null,"M","?","M","E","M","R","?","E"],"character_chosen":"IRONCLAD","items_purchased":[],"campfire_rested":5,"item_purchase_floors":[],"current_hp_per_floor":[71,71,71,75,75,24,15,37,37,11,33,22,44,44,66,36,65,42,42,44,23,14,36,36,0,0],"gold":850,"neow_bonus":"","is_daily":false,"chose_seed":false,"campfire_upgraded":0,"win_rate":0.0,"timestamp":1611167828,"path_taken":["?","?","?","?","?","E","E","R","T","E","R","E","R","$","R","BOSS","M","?","?","?","?","R","?","E"],"items_purchased_type":[],"build_version":"2020-12-22","purchased_purges":1,"victory":false,"max_hp_per_floor":[75,75,75,75,75,75,75,75,75,75,75,75,75,75,75,75,75,75,75,75,75,75,75,75,75,75],"card_choices":[{"not_picked":["Battle Trance","Intimidate"],"picked":"Replay:Undeath\u0027s Touch","floor":1},{"not_picked":["True Grit","Turbo"],"picked":"Rip and Tear","floor":4},{"not_picked":["Reaper","Brutality"],"picked":"Juggernaut","floor":6},{"not_picked":["Berserk","Double Tap"],"picked":"Barricade","floor":7},{"not_picked":["Immolate","Eclipse","Offering"],"picked":"SKIP","floor":10},{"not_picked":["Offering","Brutality"],"picked":"Demon Form","floor":12},{"not_picked":["Brutality","Mirror Shield"],"picked":"hubris:StunningStrike","floor":16},{"not_picked":["Combust","Warcry"],"picked":"Clash","floor":18},{"not_picked":["hubris:ReadiedAction","Clothesline","Cleave"],"picked":"SKIP","floor":20},{"not_picked":["Hemogenesis","Immolate"],"picked":"Demon Form","floor":21},{"not_picked":["Perfected Strike","ReplayTheSpireMod:Strike From Hell"],"picked":"Headbutt","floor":22}],"player_experience":127680,"relics_obtained":[{"floor":6,"key":"hubris:Potato"},{"floor":7,"key":"Red Skull"},{"floor":9,"key":"Bronze Scales"},{"floor":10,"key":"King of Hearts"},{"floor":12,"key":"Replay:Wax Seal"},{"floor":21,"key":"hubris:TenFootPole"}],"event_choices":[{"damage_healed":0,"gold_gain":0,"cards_transformed":["Anger"],"player_choice":"Transformed","damage_taken":0,"max_hp_gain":0,"max_hp_loss":0,"event_name":"Transmorgrifier","floor":3,"gold_loss":0,"cards_obtained":["FTL"]},{"damage_healed":0,"gold_gain":0,"player_choice":"Take Wound","damage_taken":0,"relics_obtained":["Golden Idol"],"max_hp_gain":0,"max_hp_loss":0,"event_name":"Golden Idol","floor":5,"gold_loss":0,"cards_obtained":["Injury"]},{"cards_removed":["hubris:SharpeningStone"],"damage_healed":0,"gold_gain":0,"player_choice":"Elegance","damage_taken":0,"max_hp_gain":0,"max_hp_loss":0,"event_name":"Back to Basics","floor":19,"gold_loss":0}],"is_beta":false,"boss_relics":[{"not_picked":["SacredBark","hubris:GrandSneckoEye"],"picked":"hubris:ScarierMask"}],"items_purged_floors":[14],"is_endless":false,"potions_floor_spawned":[4,10,12,16,18,22],"killed_by":"Book of Stabbing","ascension_level":20}}