{"host":"fmb9x04chdot191d","time":1611120458,"event":{"mods":["2.2 Compatiblity","AchievementEnabler","BaseMod","Downfall","Marisa（霧雨　魔理沙）","Minty Spire (QoL Compilation)","Rare Cards Sparkle","StSLib","The Hierophant"],"gold_per_floor":[118,163,174,174,38,72,46,61,136,154,154,154,154],"floor_reached":12,"language":"ENG","playtime":523,"items_purged":[],"score":103,"play_id":"d9970b50-f0ae-4c6b-832a-b723336fa5a0","local_time":"20210120182738","is_ascension_mode":false,"campfire_choices":[{"floor":11,"key":"REST"}],"circlet_count":0,"master_deck":["Strike_R","Strike_R","Strike_R","Strike_R","Strike_R","Defend_R","Defend_R","Defend_R","Defend_R","Bash","Ghostly Armor","Inflame","Trip","Flex","Body Slam","Flex","Bloodletting"],"relics":["Burning Blood","NeowsBlessing","Red Skull","Golden Idol","Ornamental Fan","Frozen Egg 2"],"acts_visited":["Exordium"],"potions_floor_usage":[],"damage_taken":[{"damage":0,"enemies":"Cultist","floor":1,"turns":1},{"damage":0,"enemies":"2 Louse","floor":3,"turns":1},{"damage":0,"enemies":"Lagavulin","floor":6,"turns":1},{"damage":6,"enemies":"Small Slimes","floor":8,"turns":4},{"damage":31,"enemies":"Gremlin Gang","floor":10,"turns":4},{"damage":13,"enemies":"Gremlin Nob","floor":12,"turns":3}],"seed_played":"-6985623986863687858","potions_obtained":[{"floor":6,"key":"BlessingOfTheForge"},{"floor":10,"key":"champ:CounterPotion"}],"is_trial":false,"path_per_floor":["M","T","M","?","$","E","$","M","T","M","R","E"],"character_chosen":"IRONCLAD","items_purchased":["Trip","Flex","Flex"],"campfire_rested":1,"item_purchase_floors":[5,5,7],"current_hp_per_floor":[80,80,80,74,74,74,74,74,74,49,71,58,58],"gold":154,"neow_bonus":"THREE_ENEMY_KILL","is_daily":false,"chose_seed":false,"campfire_upgraded":0,"win_rate":0.0,"timestamp":1611120458,"path_taken":["M","?","M","?","$","E","$","M","T","M","R","E"],"items_purchased_type":["Card","Card","Card"],"build_version":"2020-12-22","purchased_purges":0,"victory":false,"max_hp_per_floor":[80,80,80,74,74,74,74,74,74,74,74,74,74],"card_choices":[{"not_picked":["Warcry","Sword Boomerang"],"picked":"Ghostly Armor","floor":1},{"not_picked":["Body Slam","True Grit"],"picked":"Inflame","floor":3},{"not_picked":["Warcry","Shockwave"],"picked":"Body Slam","floor":6},{"not_picked":["Headbutt","Rampage","Body Slam"],"picked":"SKIP","floor":8},{"not_picked":["Blood for Blood","Pommel Strike"],"picked":"Bloodletting","floor":10}],"player_experience":4,"relics_obtained":[{"floor":2,"key":"Red Skull"},{"floor":6,"key":"Ornamental Fan"},{"floor":9,"key":"Frozen Egg 2"}],"event_choices":[{"damage_healed":0,"gold_gain":0,"player_choice":"Lose Max HP","damage_taken":0,"relics_obtained":["Golden Idol"],"max_hp_gain":0,"max_hp_loss":6,"event_name":"Golden Idol","floor":4,"gold_loss":0}],"is_beta":false,"boss_relics":[],"items_purged_floors":[],"is_endless":false,"potions_floor_spawned":[6,10],"killed_by":"Gremlin Nob","ascension_level":0}}