{"host":"pc7bizyp7423q6r6","time":1611174728,"event":{"mods":["AchievementEnabler","Act Like it!","Aspiration","BaseMod","Better Match","Better Note","Better Third Choice","BetterRewards","Block Reminder","Conspire","Disable Question Mark Monsters","Emptier Cage","GifTheSpireLib","Hubris","Infinite Spire","Minty Spire (QoL Compilation)","Rare Cards Sparkle","Relic Stats","Replay The Spire","Robot Space Explorer","Spicy Shops","StSLib","Stuff the Spire","The Blue Laboratory","The Cursed","Wandering Minibosses","everything is the same but u backflip on backflip"],"gold_per_floor":[119,168,168,187,30,30,53,53,80,80,123,123,123,167,167,260,260,278,278,328,347,368,368,403,403,403,83,83,173,246,246,246,399,399,492,492,56,111,111,252,252,380,405,405,516,617,746,746,876,1036,1036,1036,171,342,437],"floor_reached":57,"language":"ENG","playtime":1564,"items_purged":["Strike_R","Strike_R","Strike_R","Strike_R","Injury","Strike_R+1"],"score":3984,"play_id":"20d2b682-cbd2-43c5-a6da-9a1082947a67","local_time":"20210120143208","is_ascension_mode":true,"campfire_choices":[{"data":"Whirlwind","floor":6.0,"key":"SMITH"},{"data":"ReplayTheSpireMod:Faulty Equipment","floor":8.0,"key":"SMITH"},{"data":"Whirlwind","floor":10.0,"key":"SMITH"},{"data":"Bash","floor":12.0,"key":"SMITH"},{"data":"Twin Strike","floor":15.0,"key":"SMITH"},{"data":"infinitespire:Execution","floor":23.0,"key":"SMITH"},{"data":"ReplayTheSpireMod:Stacked","floor":25.0,"key":"SMITH"},{"data":"Shrug It Off","floor":28.0,"key":"SMITH"},{"data":"Battle Trance","floor":32.0,"key":"SMITH"},{"floor":44.0,"key":"RECALL"},{"floor":49.0,"key":"REST"},{"floor":53.0,"key":"REST"}],"circlet_count":0,"master_deck":["AscendersBane","Defend_R","Defend_R","Defend_R","Bash+1","Whirlwind+1","Whirlwind+1","Power Through","Shrug It Off+1","Twin Strike+1","Reaper","ReplayTheSpireMod:Stacked+1","infinitespire:Execution+1","Battle Trance+1","Demon Form+1","Feed","Heavy Blade+1","Double Tap+1","Metallicize+1","Evolve"],"relics":["Burning Blood","Lee\u0027s Waffle","Happy Flower","ClockworkSouvenir","Thread and Needle","Strawberry","FossilizedHelix","Medical Kit","hubris:GlazedTorus","BargainBundle","StuffTheSpire:DarkSteelAnvil","ReplayTheSpireMod:CursedCoin","StuffTheSpire:Expresso","Brimstone","Anchor","Golden Idol","aspiration:Nostalgia","Ring of the Snake","infinitespire:Beetle Shell","MealTicket","hubris:Teleporter","Sozu","aspiration:FrozenJewel","Toy Ornithopter","conspire:TopHat","Chemical X","Replay:Bandana","Fusion Hammer","Gremlin Food","Ring of Searing","Ring of Peace","Pantograph","Ice Cream","Prayer Wheel","Nunchaku","infinitespire:Lucky Rock","infinitespire:Lychee Nut","Orrery","aspiration:StickyExplosives_weak","hubris:CuriousFeather"],"acts_visited":["Exordium","TheCity","TheBeyond","TheEnding"],"potions_floor_usage":[],"damage_taken":[{"damage":0.0,"enemies":"Cultist","floor":1.0,"turns":3.0},{"damage":0.0,"enemies":"conspire:RoseBush","floor":4.0,"turns":3.0},{"damage":0.0,"enemies":"Jaw Worm","floor":7.0,"turns":5.0},{"damage":0.0,"enemies":"3 Sentries","floor":11.0,"turns":2.0},{"damage":0.0,"enemies":"Lagavulin","floor":14.0,"turns":5.0},{"damage":20.0,"enemies":"Hexaghost","floor":16.0,"turns":4.0},{"damage":0.0,"enemies":"conspire:FuzzyDice","floor":18.0,"turns":2.0},{"damage":0.0,"enemies":"3 Byrds","floor":21.0,"turns":3.0},{"damage":0.0,"enemies":"Cultist and Chosen","floor":22.0,"turns":3.0},{"damage":0.0,"enemies":"Replay:Snechameleon","floor":24.0,"turns":2.0},{"damage":0.0,"enemies":"Centurion and Healer","floor":29.0,"turns":2.0},{"damage":0.0,"enemies":"Snecko","floor":30.0,"turns":2.0},{"damage":0.0,"enemies":"Champ","floor":33.0,"turns":3.0},{"damage":0.0,"enemies":"3 Darklings","floor":35.0,"turns":1.0},{"damage":0.0,"enemies":"Orb Walker","floor":38.0,"turns":2.0},{"damage":5.0,"enemies":"Giant Head","floor":40.0,"turns":4.0},{"damage":5.0,"enemies":"R_Hoarder","floor":42.0,"turns":3.0},{"damage":5.0,"enemies":"Nemesis","floor":45.0,"turns":3.0},{"damage":0.0,"enemies":"Jaw Worm Horde","floor":46.0,"turns":1.0},{"damage":10.0,"enemies":"R_Hoarder","floor":47.0,"turns":4.0},{"damage":51.0,"enemies":"infinitespire:MassOfShapes","floor":50.0,"turns":3.0},{"damage":62.0,"enemies":"Time Eater","floor":51.0,"turns":5.0},{"damage":5.0,"enemies":"Shield and Spear","floor":55.0,"turns":3.0},{"damage":67,"enemies":"The Heart","floor":56,"turns":5}],"seed_played":"4632380645825191366","potions_obtained":[],"is_trial":false,"path_per_floor":["M","T","?","M","$","R","M","R","T","R","E","R","$","E","R","B",null,"M","AVR","?","M","M","R","E","R","T","$","R","M","M","?","R","B",null,"M","?","$","M","?","E","AVR","E","T","R","E","M","E","R","B","B",null,"R","$","E","B",null],"character_chosen":"IRONCLAD","items_purchased":["Lee\u0027s Waffle","Happy Flower","ClockworkSouvenir","Whirlwind","Strawberry","Medical Kit","hubris:GlazedTorus","BargainBundle","Fire Potion","PowerPotion","Power Through","ReplayTheSpireMod:CursedCoin","Brimstone","aspiration:Nostalgia","Chemical X","Replay:Bandana","Gremlin Food","infinitespire:Lychee Nut","Orrery","aspiration:StickyExplosives_weak","Evolve"],"campfire_rested":2,"item_purchase_floors":[0,0,0,0,0,0,0,0,0,0,0,0,0,5,27,27,37,54,54,54,54],"current_hp_per_floor":[89,89,89,89,89,89,89,89,89,89,89,89,89,89,89,75,86,89,89,89,89,89,89,89,89,89,89,89,89,89,89,89,89,89,89,89,89,89,89,89,89,89,89,89,89,89,85,89,81,36,78,92,69,69,9],"gold":437,"neow_bonus":"","is_daily":false,"chose_seed":false,"campfire_upgraded":9,"win_rate":0.0,"timestamp":1611174728,"path_taken":["M","?","?","M","$","R","M","R","T","R","E","R","$","E","R","BOSS","M","AVR","?","M","?","R","E","R","T","?","R","M","?","?","R","BOSS","M","?","$","M","?","E","AVR","E","T","R","E","M","E","R","BOSS","BOSS","R","$","E","BOSS"],"items_purchased_type":["Relic","Relic","Relic","Card","Relic","Relic","Relic","Relic","Potion","Potion","Card","Relic","Relic","Relic","Relic","Relic","Relic","Relic","Relic","Relic","Card"],"build_version":"2020-12-22","purchased_purges":6,"victory":true,"max_hp_per_floor":[89,89,89,89,89,89,89,89,89,89,89,89,89,89,89,89,89,89,89,89,89,89,89,89,89,89,89,89,89,89,89,89,89,89,89,89,89,89,89,89,89,89,89,89,89,89,89,89,92,92,92,92,69,69,69],"relic_stats":{"Lee\u0027s Waffle":61,"Happy Flower":[24],"counters":[112,402],"Golden Idol":201,"Medical Kit":[38],"Burning Blood":53,"Sozu":14,"Nunchaku":[3],"Pantograph":63,"MealTicket":0,"Prayer Wheel":1,"Chemical X":[31],"obtain_stats":[{"StuffTheSpire:Barrel":2,"StuffTheSpire:Rhapsscallions":48,"Ginger":0,"wanderingMiniBosses:OtherGremlinHorn":18,"Ring of Searing":39,"StuffTheSpire:SapphireSignet":9,"Blood Vial":26,"Replay:Ringing Soul":43,"Sundial":0,"MealTicket":11,"Fusion Hammer":34,"Replay:Bottled Flurry":9,"Replay:Wax Seal":8,"StuffTheSpire:NeowsTribute":0,"TheCursedMod:BlackMagic101":0,"conspire:TreasureMap":13,"Eternal Feather":36,"aspiration:FrozenJewel":19,"infinitespire:EvilPickle":33,"infinitespire:Lychee Nut":23,"Mark of Pain":17,"StrikeDummy":36,"infinitespire:Cupcake":34,"hubris:Metronome":6,"wanderingMiniBosses:AbyssPearl":48,"Replay:Multitool":0,"Ancient Tea Set":43,"Burning Blood":0,"Replay:Rubber Ducky":41,"Ring of Fangs":0,"Matryoshka":12,"hubris:Backtick":17,"Ring of Peace":39,"hubris:FunFungus":9,"hubris:CuriousFeather":0,"Chemical X":27,"infinitespire:Eraser":23,"hubris:GlazedTorus":0,"Ring of the Snake":5,"StuffTheSpire:TintedRock":12,"Lee\u0027s Waffle":0,"NeowsBlessing":0,"hubris:64BitClover":9,"Golden Idol":3,"StuffTheSpire:Expresso":21,"Thread and Needle":0,"infinitespire:Lucky Rock":47,"MawBank":9,"Orrery":54,"Garlic":25,"conspire:DeflatedDodgeball":24,"ReplayTheSpireMod:Onyx Gauntlets":0,"Toy Ornithopter":25,"infinitespire:Midas Blood":6,"Ice Cream":29,"Calipers":0,"Gremlin Horn":10,"CeramicFish":38,"Vajra":43,"Sozu":17,"DollysMirror":22,"Strawberry":0,"Philosopher\u0027s Stone":34,"Prayer Wheel":42,"Toxic Egg 2":26,"hubris:Teleporter":14,"Happy Flower":0,"aspiration:Nostalgia":0,"ReplayTheSpireMod:CursedCoin":0,"Replay:Grab Bag":34,"Oddly Smooth Stone":22,"hubris:HollowSoul":34,"infinitespire:Beetle Shell":21,"aspiration:HiddenCompartment":29,"hubris:Zylophone":0,"Bottled Flame":0,"ReplayTheSpireMod:Shallot":36,"Brimstone":19,"Bronze Scales":0,"Molten Egg 2":14,"StuffTheSpire:DarkSteelAnvil":0,"Black Star":34,"aspiration:HatOfInfinitePower":0,"Meat on the Bone":0,"Darkstone Periapt":7,"Juzu Bracelet":12,"hubris:SlimyHat":0,"Empty Cage":34,"conspire:TopHat":20,"ClockworkSouvenir":36,"aspiration:StickyExplosives_weak":41,"Replay:Bandana":26,"Dream Catcher":46,"Nunchaku":45,"StuffTheSpire:HeavyRock":10,"Gambling Chip":44,"Pantograph":40,"Tiny Chest":15,"Red Mask":0,"StuffTheSpire:Nightcore":0,"infinitespire:Chaos":0,"Gremlin Food":37,"BargainBundle":0,"infinitespire:CursedDice":0,"Guide Book":36,"Quantum Egg":7,"infinitespire:EmptyRelic":0,"Replay:WaspNest":43,"Orichalcum":30,"Medical Kit":0,"infinitespire:DarkRift":0,"Anchor":2,"wanderingMiniBosses:CarrionFlame":28,"infinitespire:Satchel":46,"Snack Pack":47,"Membership Card":0,"hubris:OldNail":6,"TungstenRod":40,"FossilizedHelix":0},{"StuffTheSpire:Barrel":63,"StuffTheSpire:Rhapsscallions":60,"Ginger":37,"wanderingMiniBosses:OtherGremlinHorn":71,"Ring of Searing":103,"StuffTheSpire:SapphireSignet":67,"Blood Vial":74,"Replay:Ringing Soul":57,"Sundial":62,"MealTicket":92,"Fusion Hammer":101,"Replay:Bottled Flurry":16,"Replay:Wax Seal":4,"StuffTheSpire:NeowsTribute":37,"TheCursedMod:BlackMagic101":62,"conspire:TreasureMap":43,"Eternal Feather":79,"aspiration:FrozenJewel":95,"infinitespire:EvilPickle":78,"infinitespire:Lychee Nut":74,"Mark of Pain":20,"StrikeDummy":29,"infinitespire:Cupcake":78,"hubris:Metronome":66,"wanderingMiniBosses:AbyssPearl":35,"Replay:Multitool":37,"Ancient Tea Set":32,"Burning Blood":0,"Replay:Rubber Ducky":81,"Ring of Fangs":62,"Matryoshka":69,"hubris:Backtick":70,"Ring of Peace":103,"hubris:FunFungus":41,"hubris:CuriousFeather":62,"Chemical X":98,"infinitespire:Eraser":22,"hubris:GlazedTorus":88,"Ring of the Snake":90,"StuffTheSpire:TintedRock":17,"Lee\u0027s Waffle":88,"NeowsBlessing":0,"hubris:64BitClover":10,"Golden Idol":89,"StuffTheSpire:Expresso":21,"Thread and Needle":88,"infinitespire:Lucky Rock":108,"MawBank":4,"Orrery":110,"Garlic":46,"conspire:DeflatedDodgeball":46,"ReplayTheSpireMod:Onyx Gauntlets":62,"Toy Ornithopter":23,"infinitespire:Midas Blood":3,"Ice Cream":49,"Calipers":37,"Gremlin Horn":17,"CeramicFish":79,"Vajra":82,"Sozu":44,"DollysMirror":46,"Strawberry":88,"Philosopher\u0027s Stone":78,"Prayer Wheel":105,"Toxic Egg 2":74,"hubris:Teleporter":93,"Happy Flower":62,"aspiration:Nostalgia":12,"ReplayTheSpireMod:CursedCoin":88,"Replay:Grab Bag":78,"Oddly Smooth Stone":46,"hubris:HollowSoul":52,"infinitespire:Beetle Shell":72,"aspiration:HiddenCompartment":26,"hubris:Zylophone":62,"Bottled Flame":62,"ReplayTheSpireMod:Shallot":29,"Brimstone":21,"Bronze Scales":37,"Molten Egg 2":69,"StuffTheSpire:DarkSteelAnvil":88,"Black Star":78,"aspiration:HatOfInfinitePower":62,"Meat on the Bone":62,"Darkstone Periapt":16,"Juzu Bracelet":11,"hubris:SlimyHat":62,"Empty Cage":28,"conspire:TopHat":46,"ClockworkSouvenir":29,"aspiration:StickyExplosives_weak":81,"Replay:Bandana":23,"Dream Catcher":84,"Nunchaku":106,"StuffTheSpire:HeavyRock":41,"Gambling Chip":57,"Pantograph":104,"Tiny Chest":43,"Red Mask":62,"StuffTheSpire:Nightcore":37,"infinitespire:Chaos":62,"Gremlin Food":102,"BargainBundle":62,"infinitespire:CursedDice":37,"Guide Book":29,"Quantum Egg":41,"infinitespire:EmptyRelic":62,"Replay:WaspNest":82,"Orichalcum":76,"Medical Kit":88,"infinitespire:DarkRift":12,"Anchor":89,"wanderingMiniBosses:CarrionFlame":48,"infinitespire:Satchel":84,"Snack Pack":34,"Membership Card":37,"hubris:OldNail":9,"TungstenRod":31,"FossilizedHelix":88},{"StuffTheSpire:Barrel":243,"StuffTheSpire:Rhapsscallions":230,"Ginger":157,"wanderingMiniBosses:OtherGremlinHorn":279,"Ring of Searing":371,"StuffTheSpire:SapphireSignet":255,"Blood Vial":288,"Replay:Ringing Soul":221,"Sundial":240,"MealTicket":342,"Fusion Hammer":368,"Replay:Bottled Flurry":64,"Replay:Wax Seal":13,"StuffTheSpire:NeowsTribute":157,"TheCursedMod:BlackMagic101":240,"conspire:TreasureMap":177,"Eternal Feather":304,"aspiration:FrozenJewel":353,"infinitespire:EvilPickle":301,"infinitespire:Lychee Nut":288,"Mark of Pain":87,"StrikeDummy":115,"infinitespire:Cupcake":301,"hubris:Metronome":251,"wanderingMiniBosses:AbyssPearl":144,"Replay:Multitool":157,"Ancient Tea Set":129,"Burning Blood":0,"Replay:Rubber Ducky":308,"Ring of Fangs":240,"Matryoshka":260,"hubris:Backtick":273,"Ring of Peace":371,"hubris:FunFungus":168,"hubris:CuriousFeather":240,"Chemical X":361,"infinitespire:Eraser":95,"hubris:GlazedTorus":329,"Ring of the Snake":335,"StuffTheSpire:TintedRock":68,"Lee\u0027s Waffle":329,"NeowsBlessing":0,"hubris:64BitClover":30,"Golden Idol":332,"StuffTheSpire:Expresso":91,"Thread and Needle":329,"infinitespire:Lucky Rock":386,"MawBank":13,"Orrery":394,"Garlic":190,"conspire:DeflatedDodgeball":190,"ReplayTheSpireMod:Onyx Gauntlets":240,"Toy Ornithopter":99,"infinitespire:Midas Blood":3,"Ice Cream":200,"Calipers":157,"Gremlin Horn":68,"CeramicFish":304,"Vajra":311,"Sozu":184,"DollysMirror":190,"Strawberry":329,"Philosopher\u0027s Stone":301,"Prayer Wheel":378,"Toxic Egg 2":288,"hubris:Teleporter":347,"Happy Flower":240,"aspiration:Nostalgia":51,"ReplayTheSpireMod:CursedCoin":329,"Replay:Grab Bag":301,"Oddly Smooth Stone":190,"hubris:HollowSoul":209,"infinitespire:Beetle Shell":283,"aspiration:HiddenCompartment":106,"hubris:Zylophone":240,"Bottled Flame":240,"ReplayTheSpireMod:Shallot":115,"Brimstone":91,"Bronze Scales":157,"Molten Egg 2":260,"StuffTheSpire:DarkSteelAnvil":329,"Black Star":301,"aspiration:HatOfInfinitePower":240,"Meat on the Bone":240,"Darkstone Periapt":64,"Juzu Bracelet":37,"hubris:SlimyHat":240,"Empty Cage":113,"conspire:TopHat":190,"ClockworkSouvenir":115,"aspiration:StickyExplosives_weak":308,"Replay:Bandana":99,"Dream Catcher":316,"Nunchaku":381,"StuffTheSpire:HeavyRock":168,"Gambling Chip":221,"Pantograph":375,"Tiny Chest":177,"Red Mask":240,"StuffTheSpire:Nightcore":157,"infinitespire:Chaos":240,"Gremlin Food":369,"BargainBundle":240,"infinitespire:CursedDice":157,"Guide Book":115,"Quantum Egg":168,"infinitespire:EmptyRelic":240,"Replay:WaspNest":311,"Orichalcum":294,"Medical Kit":329,"infinitespire:DarkRift":51,"Anchor":332,"wanderingMiniBosses:CarrionFlame":197,"infinitespire:Satchel":316,"Snack Pack":138,"Membership Card":157,"hubris:OldNail":26,"TungstenRod":125,"FossilizedHelix":329}],"Toy Ornithopter":5,"Ring of the Snake":[164]},"card_choices":[{"not_picked":["Flex","ReplayReversal"],"picked":"Shrug It Off","floor":1.0},{"not_picked":["Thunderclap","Dual Wield"],"picked":"Twin Strike","floor":4.0},{"not_picked":["Perfected Strike","Shrug It Off","Thunderclap"],"picked":"SKIP","floor":7.0},{"not_picked":["Perfected Strike","Shrug It Off","Thunderclap"],"picked":"SKIP","floor":7.0},{"not_picked":["hubris:ReadiedAction","Run Through","Bloodletting"],"picked":"SKIP","floor":11.0},{"not_picked":["Bloodletting","Carnage","Brutality"],"picked":"SKIP","floor":14.0},{"not_picked":["Bloodletting","Carnage","Brutality"],"picked":"SKIP","floor":14.0},{"not_picked":["Fiend Fire","conspire:HitWhereItHurts"],"picked":"Reaper","floor":16.0},{"not_picked":["Anger","True Grit"],"picked":"ReplayTheSpireMod:Stacked","floor":18.0},{"not_picked":["Wild Strike","Cleave","Inflame"],"picked":"SKIP","floor":21.0},{"not_picked":["Iron Wave","Shrug It Off","Reckless Charge"],"picked":"SKIP","floor":22.0},{"not_picked":["Iron Wave","Shrug It Off","Reckless Charge"],"picked":"SKIP","floor":22.0},{"not_picked":["Wild Strike","Sword Boomerang","Dual Wield"],"picked":"SKIP","floor":24.0},{"not_picked":["ReplayTheSpireMod:Strike From Hell","Thunderclap","Berserk"],"picked":"SKIP","floor":29.0},{"not_picked":["Pommel Strike","Intimidate"],"picked":"Battle Trance","floor":30.0},{"not_picked":["hubris:StunningStrike","Barricade"],"picked":"Feed","floor":33.0},{"not_picked":["StuffTheSpire:Incineration","Iron Wave","Armaments"],"picked":"SKIP","floor":35.0},{"not_picked":["Headbutt+1","Flex","True Grit"],"picked":"SKIP","floor":38.0},{"not_picked":["Perfected Strike","Body Slam","Pommel Strike"],"picked":"SKIP","floor":40.0},{"not_picked":["ReplayTheSpireMod:LeadingStrike","Clash","Replay:Undeath\u0027s Touch"],"picked":"SKIP","floor":42.0},{"not_picked":["hubris:CleavingFinish","Anger","Blood for Blood"],"picked":"SKIP","floor":45.0},{"not_picked":["Heavy Blade+1","Wild Strike+1","Anger+1"],"picked":"SKIP","floor":46.0},{"not_picked":["StuffTheSpire:RockThrow","Replay:Undeath\u0027s Touch","Cleave"],"picked":"SKIP","floor":46.0},{"not_picked":["Wild Strike+1","Anger+1"],"picked":"Heavy Blade+1","floor":46.0},{"not_picked":["StuffTheSpire:RockThrow","Replay:Undeath\u0027s Touch","Cleave"],"picked":"SKIP","floor":46.0},{"not_picked":["Infernal Blade","Whirlwind+1"],"picked":"Double Tap","floor":47.0},{"not_picked":["StuffTheSpire:RockThrow","Twin Strike"],"picked":"Metallicize+1","floor":54.0},{"not_picked":["Cleave+1","Havoc","Eclipse"],"picked":"SKIP","floor":55.0}],"player_experience":1707678,"relics_obtained":[{"floor":2.0,"key":"Anchor"},{"floor":9.0,"key":"infinitespire:Beetle Shell"},{"floor":11.0,"key":"MealTicket"},{"floor":14.0,"key":"hubris:Teleporter"},{"floor":24.0,"key":"Toy Ornithopter"},{"floor":26.0,"key":"conspire:TopHat"},{"floor":39.0,"key":"Ring of Searing"},{"floor":39.0,"key":"Ring of Peace"},{"floor":40.0,"key":"Pantograph"},{"floor":42.0,"key":"Prayer Wheel"},{"floor":45.0,"key":"Nunchaku"},{"floor":47.0,"key":"infinitespire:Lucky Rock"},{"floor":55.0,"key":"hubris:CuriousFeather"}],"event_choices":[{"damage_healed":0.0,"max_hp_gain":0.0,"max_hp_loss":0.0,"gold_gain":0.0,"event_name":"Golden Idol","player_choice":"Take Wound","floor":3.0,"gold_loss":0.0,"damage_taken":0.0,"relics_obtained":["Golden Idol"],"cards_obtained":["Injury"]},{"damage_healed":0.0,"max_hp_gain":0.0,"max_hp_loss":0.0,"gold_gain":100.0,"event_name":"The Joust","player_choice":"Bet on Murderer","floor":20.0,"gold_loss":50.0,"damage_taken":0.0},{"cards_removed":["infinitespire:Execution"],"damage_healed":0.0,"max_hp_gain":0.0,"max_hp_loss":0.0,"gold_gain":0.0,"event_name":"betterNote:BetterNote","player_choice":"Take \u0026 Give","floor":31.0,"gold_loss":0.0,"damage_taken":0.0,"cards_obtained":["Demon Form"]},{"cards_removed":["Defend_R"],"damage_healed":0.0,"max_hp_gain":0.0,"max_hp_loss":0.0,"gold_gain":0.0,"event_name":"Falling","player_choice":"Removed Skill","floor":36.0,"gold_loss":0.0,"damage_taken":0.0}],"is_beta":false,"boss_relics":[{"not_picked":["Coffee Dripper","hubris:VirtuousBlindfold"],"picked":"Sozu"},{"not_picked":["aspiration:RunicSpoon","Black Blood"],"picked":"Fusion Hammer"}],"items_purged_floors":[0,0,19,37,37,54],"is_endless":false,"potions_floor_spawned":[1,4,30,33,35,38,42,55],"ascension_level":20}}