{"host":"vex7walpoxzv48nx","time":1611184392,"event":{"mods":["BaseMod","Bestiary","Minty Spire (QoL Compilation)","Permanent Neow","Quick Restart","Relic Stats"],"gold_per_floor":[113,123,123,139,19,48,66,99,153,183,197,210,210,13,13,112,112,128,128,148,148,148,178,196,224,248,276,276,276,348,389,389,498,498,518,571,11,1028,138,172,227,227,227,252,289,298,327,348,348,348,348,348,8,49,49,49],"floor_reached":55,"language":"ENG","playtime":6643,"items_purged":["Defend_G","Normality"],"score":1116,"play_id":"ee0815e7-9f51-4142-9f08-63b5a8b97393","local_time":"20210121001311","is_ascension_mode":true,"campfire_choices":[{"data":"A Thousand Cuts","floor":13.0,"key":"SMITH"},{"data":"Prepared","floor":15.0,"key":"SMITH"},{"data":"Envenom","floor":29,"key":"SMITH"},{"floor":32,"key":"REST"},{"floor":46,"key":"REST"},{"floor":49,"key":"RECALL"},{"data":"Infinite Blades","floor":52,"key":"SMITH"}],"circlet_count":0,"master_deck":["Defend_G","Defend_G","Defend_G","Survivor","Neutralize+1","Leg Sweep","Underhanded Strike","Backstab+1","Dash","Blade Dance","Poisoned Stab","A Thousand Cuts+1","Prepared+1","Terror","Escape Plan","Envenom+1","Distraction+1","Bite+1","Bite","Bite","Bite","Blade Dance+1","Tactician","Slice+1","Venomology+1","Doppelganger+1","Bane+1","Envenom","Catalyst+1","Caltrops","Normality","Secret Technique+1","Caltrops","Flechettes","Backflip+1","Malaise+1","PiercingWail+1","Noxious Fumes+1","Cloak And Dagger+1","Infinite Blades+1","Choke+1","Crippling Poison+1","Outmaneuver+1","Predator"],"relics":["Ring of the Snake","HornCleat","Pantograph","Vajra","Tiny Chest","Anchor","Runic Pyramid","Bottled Lightning","Toxic Egg 2","Question Card","Orichalcum","Art of War","CeramicFish","Matryoshka","Paper Crane","Busted Crown","Akabeko","Toy Ornithopter","OrangePellets","Bag of Preparation","Snake Skull","ClockworkSouvenir","Bag of Marbles","Dream Catcher","Du-Vu Doll","Pear","Whetstone","Ninja Scroll","Happy Flower","Chemical X","Lantern","Oddly Smooth Stone"],"acts_visited":["Exordium","TheCity","TheBeyond","TheEnding"],"potions_floor_usage":[23,27,27,33,33,33,40,41,41,47,50,50,55,55],"damage_taken":[{"damage":2.0,"enemies":"Small Slimes","floor":1.0,"turns":4.0},{"damage":0.0,"enemies":"Cultist","floor":2.0,"turns":4.0},{"damage":2.0,"enemies":"Jaw Worm","floor":4.0,"turns":4.0},{"damage":2.0,"enemies":"Gremlin Nob","floor":6.0,"turns":3.0},{"damage":0.0,"enemies":"Blue Slaver","floor":7.0,"turns":2.0},{"damage":0.0,"enemies":"Lagavulin","floor":8.0,"turns":4.0},{"damage":1.0,"enemies":"3 Sentries","floor":10.0,"turns":6.0},{"damage":0.0,"enemies":"Exordium Wildlife","floor":11.0,"turns":2.0},{"damage":0.0,"enemies":"2 Fungi Beasts","floor":12.0,"turns":2.0},{"damage":2.0,"enemies":"The Guardian","floor":16.0,"turns":9.0},{"damage":2.0,"enemies":"2 Thieves","floor":18.0,"turns":3.0},{"damage":0.0,"enemies":"3 Byrds","floor":20.0,"turns":3.0},{"damage":18,"enemies":"Slavers","floor":23,"turns":5},{"damage":9,"enemies":"Snake Plant","floor":24,"turns":5},{"damage":9,"enemies":"Book of Stabbing","floor":25,"turns":5},{"damage":4,"enemies":"Slavers","floor":27,"turns":2},{"damage":5,"enemies":"Book of Stabbing","floor":31,"turns":4},{"damage":17,"enemies":"Champ","floor":33,"turns":7},{"damage":0,"enemies":"3 Shapes","floor":35,"turns":3},{"damage":0,"enemies":"Giant Head","floor":40,"turns":5},{"damage":0,"enemies":"2 Orb Walkers","floor":41,"turns":2},{"damage":0,"enemies":"Orb Walker","floor":44,"turns":2},{"damage":2,"enemies":"Nemesis","floor":45,"turns":3},{"damage":0,"enemies":"Maw","floor":47,"turns":4},{"damage":1,"enemies":"Transient","floor":48,"turns":5},{"damage":12,"enemies":"Time Eater","floor":50,"turns":6},{"damage":12,"enemies":"Shield and Spear","floor":54,"turns":5},{"damage":93,"enemies":"The Heart","floor":55,"turns":9}],"seed_played":"6104199757691855313","potions_obtained":[{"floor":1.0,"key":"SpeedPotion"},{"floor":4.0,"key":"Strength Potion"},{"floor":7.0,"key":"PowerPotion"},{"floor":8.0,"key":"Fire Potion"},{"floor":12.0,"key":"Swift Potion"},{"floor":20.0,"key":"DuplicationPotion"},{"floor":23,"key":"SpeedPotion"},{"floor":31,"key":"LiquidMemories"},{"floor":35,"key":"Weak Potion"},{"floor":40,"key":"SkillPotion"},{"floor":45,"key":"FairyPotion"}],"is_trial":false,"path_per_floor":["M","M","?","M","$","E","M","E","T","E","M","M","R","$","R","B",null,"M","?","M","T","?","E","M","E","T","E","?","R","T","E","R","B",null,"M","T","$","?","$","E","?","T","T","M","E","R","M","M","R","B",null,"R","$","E","B"],"character_chosen":"THE_SILENT","items_purchased":["Dash","FearPotion","Anchor","PowerPotion","Toy Ornithopter","Caltrops","OrangePellets","Bag of Preparation","Snake Skull","ClockworkSouvenir","Bag of Marbles","Secret Technique+1","Caltrops","Flechettes","Backflip+1","Chemical X","Outmaneuver+1","Lantern"],"campfire_rested":2,"item_purchase_floors":[5,5,14,14,37,37,37,37,39,39,39,39,39,39,39,53,53,53],"current_hp_per_floor":[68,68,68,66,66,64,64,64,64,63,63,63,63,63,63,68,70,68,49,49,49,49,39,40,37,37,33,33,33,33,34,48,42,49,49,49,49,49,49,49,49,59,59,59,59,59,59,59,59,55,59,59,59,52,0,0],"gold":49,"neow_bonus":"UPGRADE_CARD","is_daily":false,"chose_seed":false,"campfire_upgraded":4,"win_rate":0.0,"timestamp":1611184391,"path_taken":["M","M","?","?","$","E","M","E","T","E","M","?","R","?","R","BOSS","M","?","M","?","?","E","?","E","T","E","?","R","?","E","R","BOSS","M","?","$","?","$","E","?","?","T","M","E","R","M","?","R","BOSS","R","$","E","BOSS"],"items_purchased_type":["Card","Potion","Relic","Potion","Relic","Card","Relic","Relic","Relic","Relic","Relic","Card","Card","Card","Card","Relic","Card","Relic"],"build_version":"2020-12-22","purchased_purges":2,"victory":false,"max_hp_per_floor":[70,70,70,70,70,70,70,70,70,70,70,70,70,70,70,70,70,70,49,49,49,49,49,49,49,49,49,49,49,49,49,49,49,49,49,49,49,49,49,49,49,59,59,59,59,59,59,59,59,59,59,59,59,59,59,59],"relic_stats":{"Happy Flower":[9],"counters":[28,118],"CeramicFish":171,"Snake Skull":[132],"Bag of Preparation":[4],"Whetstone":["Backstab","Bite"],"Orichalcum":[78],"Question Card":12,"OrangePellets":[1],"Dream Catcher":1,"Busted Crown":18,"Pantograph":15,"Tiny Chest":3,"Art of War":[3],"Chemical X":[3],"obtain_stats":[{"Lantern":53,"CeramicFish":28,"Vajra":9,"Snake Skull":39,"Bag of Preparation":37,"Whetstone":42,"ClockworkSouvenir":39,"Dream Catcher":40,"HornCleat":6,"Matryoshka":30,"Ninja Scroll":43,"Pantograph":8,"Tiny Chest":10,"Chemical X":53,"Toxic Egg 2":23,"Ring of the Snake":0,"Runic Pyramid":17,"Pear":42,"Happy Flower":45,"Oddly Smooth Stone":54,"Orichalcum":26,"Paper Crane":31,"Question Card":25,"Akabeko":36,"Du-Vu Doll":41,"OrangePellets":37,"Anchor":14,"Busted Crown":34,"Art of War":27,"Bag of Marbles":39,"Bottled Lightning":21,"Toy Ornithopter":37},{"Lantern":26,"CeramicFish":16,"Vajra":6,"Snake Skull":19,"Bag of Preparation":19,"Whetstone":21,"ClockworkSouvenir":19,"Dream Catcher":20,"HornCleat":4,"Matryoshka":16,"Ninja Scroll":21,"Pantograph":6,"Tiny Chest":7,"Chemical X":26,"Toxic Egg 2":13,"Ring of the Snake":0,"Runic Pyramid":10,"Pear":21,"Happy Flower":23,"Oddly Smooth Stone":27,"Orichalcum":15,"Paper Crane":17,"Question Card":15,"Akabeko":19,"Du-Vu Doll":21,"OrangePellets":19,"Anchor":9,"Busted Crown":18,"Art of War":16,"Bag of Marbles":19,"Bottled Lightning":12,"Toy Ornithopter":19},{"Lantern":104,"CeramicFish":63,"Vajra":21,"Snake Skull":77,"Bag of Preparation":77,"Whetstone":84,"ClockworkSouvenir":77,"Dream Catcher":82,"HornCleat":15,"Matryoshka":63,"Ninja Scroll":84,"Pantograph":21,"Tiny Chest":27,"Chemical X":104,"Toxic Egg 2":51,"Ring of the Snake":0,"Runic Pyramid":40,"Pear":84,"Happy Flower":89,"Oddly Smooth Stone":109,"Orichalcum":61,"Paper Crane":67,"Question Card":61,"Akabeko":77,"Du-Vu Doll":84,"OrangePellets":77,"Anchor":31,"Busted Crown":74,"Art of War":63,"Bag of Marbles":77,"Bottled Lightning":46,"Toy Ornithopter":77}],"Toy Ornithopter":15,"Ring of the Snake":[56]},"card_choices":[{"not_picked":["Flying Knee","Eviscerate"],"picked":"Leg Sweep","floor":1.0},{"not_picked":["Dash","Flying Knee"],"picked":"Underhanded Strike","floor":2.0},{"not_picked":["Footwork","Leg Sweep"],"picked":"Backstab","floor":4.0},{"not_picked":["Leg Sweep","Expertise"],"picked":"Blade Dance","floor":6.0},{"not_picked":["Dodge and Roll","Distraction"],"picked":"Poisoned Stab","floor":7.0},{"not_picked":["Poisoned Stab","Flechettes"],"picked":"A Thousand Cuts","floor":8.0},{"not_picked":["Quick Slash","Tactician"],"picked":"Prepared","floor":10.0},{"not_picked":["Distraction","Bane"],"picked":"Terror","floor":11.0},{"not_picked":["Deflect","Flying Knee"],"picked":"Escape Plan","floor":12.0},{"not_picked":["Burst","Glass Knife"],"picked":"Envenom","floor":16.0},{"not_picked":["Bane","Dodge and Roll"],"picked":"Distraction+1","floor":18.0},{"not_picked":["Prepared","Dagger Spray"],"picked":"Blade Dance+1","floor":20.0},{"not_picked":["Noxious Fumes","Dagger Throw"],"picked":"Slice+1","floor":23},{"not_picked":["Backflip+1","Deflect+1"],"picked":"Venomology+1","floor":24},{"not_picked":["Skewer","Choke","Poisoned Stab"],"picked":"SKIP","floor":25},{"not_picked":["Outmaneuver+1","Eviscerate","Flying Knee+1"],"picked":"Doppelganger+1","floor":27},{"not_picked":["Leg Sweep+1","Glass Knife","Backflip+1"],"picked":"Bane+1","floor":31},{"not_picked":["Venomology+1","Phantasmal Killer+1","Tools of the Trade"],"picked":"Envenom","floor":33},{"not_picked":["Dagger Throw+1"],"picked":"Catalyst+1","floor":35},{"not_picked":["Outmaneuver+1"],"picked":"Malaise+1","floor":40},{"not_picked":["Skewer"],"picked":"PiercingWail+1","floor":41},{"not_picked":["Calculated Gamble+1"],"picked":"Noxious Fumes+1","floor":44},{"not_picked":["Blade Dance+1"],"picked":"Cloak And Dagger+1","floor":45},{"not_picked":["Dagger Throw+1"],"picked":"Infinite Blades","floor":46},{"not_picked":["PiercingWail+1"],"picked":"Choke+1","floor":47},{"not_picked":["Caltrops"],"picked":"Crippling Poison+1","floor":48},{"not_picked":["Distraction+1"],"picked":"Predator","floor":54}],"player_experience":176788,"relics_obtained":[{"floor":6.0,"key":"HornCleat"},{"floor":8.0,"key":"Pantograph"},{"floor":9.0,"key":"Vajra"},{"floor":10.0,"key":"Tiny Chest"},{"floor":21.0,"key":"Bottled Lightning"},{"floor":23,"key":"Toxic Egg 2"},{"floor":25,"key":"Question Card"},{"floor":26,"key":"Orichalcum"},{"floor":27,"key":"Art of War"},{"floor":30,"key":"Matryoshka"},{"floor":31,"key":"Paper Crane"},{"floor":36,"key":"Akabeko"},{"floor":40,"key":"Dream Catcher"},{"floor":41,"key":"Du-Vu Doll"},{"floor":42,"key":"Pear"},{"floor":42,"key":"Whetstone"},{"floor":43,"key":"Ninja Scroll"},{"floor":45,"key":"Happy Flower"},{"floor":54,"key":"Oddly Smooth Stone"}],"event_choices":[{"cards_removed":["Defend_G"],"damage_healed":0.0,"max_hp_gain":0.0,"max_hp_loss":0.0,"gold_gain":0.0,"event_name":"Wheel of Change","player_choice":"Card Removal","floor":3.0,"gold_loss":0.0,"damage_taken":0.0},{"damage_healed":0.0,"max_hp_gain":0.0,"max_hp_loss":21.0,"gold_gain":0.0,"event_name":"Vampires","player_choice":"Became a vampire","floor":19.0,"gold_loss":0.0,"damage_taken":0.0,"cards_obtained":["Bite","Bite","Bite","Bite","Bite"]},{"damage_healed":0.0,"max_hp_gain":0.0,"max_hp_loss":0.0,"gold_gain":0.0,"event_name":"The Library","player_choice":"Read","floor":22.0,"gold_loss":0.0,"damage_taken":0.0,"cards_obtained":["Tactician"]},{"cards_removed":["Bite"],"damage_healed":0,"gold_gain":0,"player_choice":"Gave Card","damage_taken":0,"relics_obtained":["CeramicFish"],"max_hp_gain":0,"max_hp_loss":0,"event_name":"WeMeetAgain","floor":28,"gold_loss":0},{"damage_healed":0,"gold_gain":999,"player_choice":"Gold","damage_taken":0,"max_hp_gain":0,"max_hp_loss":0,"event_name":"MindBloom","floor":38,"gold_loss":0,"cards_obtained":["Normality","Normality"]},{"damage_healed":0,"gold_gain":0,"player_choice":"Fight","damage_taken":0,"max_hp_gain":0,"max_hp_loss":0,"event_name":"Mysterious Sphere","floor":41,"gold_loss":0}],"is_beta":false,"boss_relics":[{"not_picked":["Astrolabe","Ectoplasm"],"picked":"Runic Pyramid"},{"not_picked":["SlaversCollar","Fusion Hammer"],"picked":"Busted Crown"}],"items_purged_floors":[37,39],"is_endless":false,"potions_floor_spawned":[1,4,7,8,12,20,23,31,35,40,45],"killed_by":"The Heart","ascension_level":1}}