{"host":"a3oe3gstxz77c7qu","time":1611172256,"event":{"mods":["2.2 Compatiblity","Act Like it!","Astrologer","BaseMod","Bestiary","Better Altar","Better Match","Better Note","Better Skull","Better Third Choice","Block Reminder","Curses Come First","Custom Start","Dark Map","Downfall","Fox Events","Friendly Minions","GifTheSpireLib","Hallownest","Hermit","Jorbs\u0027s Wanderer Trilogy","Lobotomy","LobotomyExtend","Marisa????????","Minty Spire (QoL Compilation)","Permanent Neow","Quick Restart","Relic Stats","Spire Arcade","StSLib","The Bug Knight","The Cursed","The Disciple","The Jungle","Uncapped","Unknown Chances","Wandering Minibosses"],"gold_per_floor":[119,145,160,180,24,53,53,72,149,204,228,228,228,257,257,352,429,429,429],"floor_reached":18,"language":"ENG","playtime":1351,"items_purged":[],"score":198,"play_id":"f70b92c5-cec7-460f-a82e-179520f7c8ea","local_time":"20210120195056","is_ascension_mode":true,"campfire_choices":[{"floor":7,"key":"REST"},{"floor":12,"key":"REST"},{"data":"Keepsakes","floor":15,"key":"SMITH"}],"circlet_count":0,"master_deck":["Strike_Br","Strike_Br","Strike_Br","Defend_Br","Defend_Br","Defend_Br","SecondHand","PatternShift","FairyFestival","LockedMawBank","ResonantCall","LockedMercury","Pendulum","MeatLantern","Keepsakes+1","LockedLightning","BackFourSeconds"],"relics":["Chronometer","CogitoBucket","RabbitCall","LetterFromLob","foxEvents:LuckyCharm","Bronze Scales","SpringShield","SkinProphecy","Dream Catcher","Pantograph","Velvet Choker"],"acts_visited":["Exordium","TheCity"],"potions_floor_usage":[6,11,11,11,16],"damage_taken":[{"damage":0,"enemies":"Small Slimes","floor":1,"turns":5},{"damage":20,"enemies":"Colosseum Slavers","floor":2,"turns":7},{"damage":8,"enemies":"Jaw Worm","floor":3,"turns":8},{"damage":0,"enemies":"Cultist","floor":4,"turns":5},{"damage":58,"enemies":"Lagavulin","floor":6,"turns":12},{"damage":9,"enemies":"Lots of Slimes","floor":8,"turns":4},{"damage":16,"enemies":"Gremlin Nob","floor":10,"turns":3},{"damage":10,"enemies":"Gremlin Gang","floor":11,"turns":5},{"damage":8,"enemies":"Exordium Thugs","floor":14,"turns":7},{"damage":10,"enemies":"The Guardian","floor":16,"turns":15},{"damage":29,"enemies":"Chosen","floor":18,"turns":9}],"seed_played":"-5947307825257402828","potions_obtained":[{"floor":1,"key":"Dexterity Potion"},{"floor":4,"key":"AttackPotion"},{"floor":6,"key":"SteroidPotion"},{"floor":10,"key":"hexamod:SoulburnPotion"},{"floor":14,"key":"FearPotion"}],"is_trial":false,"path_per_floor":["M","?","M","M","$","E","R","M","T","E","M","R","M","M","R","B",null,"M"],"character_chosen":"CHRONO_CLASS","items_purchased":["Bronze Scales"],"campfire_rested":2,"item_purchase_floors":[5],"current_hp_per_floor":[65,53,55,61,61,18,37,34,34,14,4,24,24,20,20,55,73,39,39],"gold":429,"neow_bonus":"","is_daily":false,"chose_seed":false,"campfire_upgraded":1,"win_rate":0.0,"timestamp":1611172256,"path_taken":["M","?","M","M","?","E","R","M","T","E","M","R","M","M","R","BOSS","M"],"items_purchased_type":["Relic"],"build_version":"2020-12-22","purchased_purges":0,"victory":false,"max_hp_per_floor":[65,65,65,65,65,65,65,65,65,67,69,69,69,71,71,73,73,77,77],"relic_stats":{"Dream Catcher":1,"counters":[13,82],"Bronze Scales":[119],"Pantograph":25,"obtain_stats":[{"RabbitCall":0,"CogitoBucket":0,"Dream Catcher":9,"Chronometer":0,"Bronze Scales":5,"Pantograph":10,"Velvet Choker":17,"LetterFromLob":1,"foxEvents:LuckyCharm":2,"SpringShield":6,"SkinProphecy":8},{"RabbitCall":0,"CogitoBucket":0,"Dream Catcher":7,"Chronometer":0,"Bronze Scales":4,"Pantograph":8,"Velvet Choker":11,"LetterFromLob":1,"foxEvents:LuckyCharm":2,"SpringShield":5,"SkinProphecy":7},{"RabbitCall":0,"CogitoBucket":0,"Dream Catcher":42,"Chronometer":0,"Bronze Scales":25,"Pantograph":45,"Velvet Choker":72,"LetterFromLob":5,"foxEvents:LuckyCharm":12,"SpringShield":37,"SkinProphecy":42}]},"card_choices":[{"not_picked":["LockedBlood","AlternateTimeline"],"picked":"LockedUrn","floor":1},{"not_picked":["RedShoes","BeautyBeast","WallGazer"],"picked":"Singing Bowl","floor":1},{"not_picked":["PunishingBird","Bloodbath"],"picked":"FairyFestival","floor":1},{"not_picked":["UniverseFragment","Bloodbath","OSAHOGD"],"picked":"Singing Bowl","floor":2},{"not_picked":["Laetitia","BeautyBeast","Scorched"],"picked":"Singing Bowl","floor":3},{"not_picked":["LockedFlame","PrimeTime","Analog"],"picked":"SKIP","floor":3},{"not_picked":["WindUp","ReapSow"],"picked":"LockedMawBank","floor":4},{"not_picked":["ShyLook","DreamingCurrent","Bloodbath"],"picked":"Singing Bowl","floor":4},{"not_picked":["LockedAstrolabe","HandsUpB"],"picked":"ResonantCall","floor":6},{"not_picked":["VoidDream","GalaxyChild","QueenOfHatred"],"picked":"Singing Bowl","floor":6},{"not_picked":["Parity","LockedTurtyl"],"picked":"LockedMercury","floor":8},{"not_picked":["HeroicMonk","Scorched","CherryBlossoms"],"picked":"Singing Bowl","floor":8},{"not_picked":["LockedTurtyl","Tempo"],"picked":"Pendulum","floor":10},{"not_picked":["OldLady","MHz","ShyLook"],"picked":"Singing Bowl","floor":10},{"not_picked":["Variant","SpiderBud"],"picked":"MeatLantern","floor":11},{"not_picked":["TiringSlam","Analog"],"picked":"Keepsakes","floor":11},{"not_picked":["Parity","AlternateTimeline"],"picked":"LockedLightning","floor":12},{"not_picked":["DespairKnight","Mercenary","CrumblingArmor"],"picked":"Singing Bowl","floor":14},{"not_picked":["Recurrance","BeatsPerMinute","ReapSow"],"picked":"SKIP","floor":14},{"not_picked":["LockedBell","Fragmentalize"],"picked":"BackFourSeconds","floor":16},{"not_picked":["Wellcheers","OSAHOGD","SilentOrchestra"],"picked":"Singing Bowl","floor":16}],"player_experience":1066641,"relics_obtained":[{"floor":1,"key":"LetterFromLob"},{"floor":2,"key":"foxEvents:LuckyCharm"},{"floor":6,"key":"SpringShield"},{"floor":9,"key":"Dream Catcher"},{"floor":10,"key":"Pantograph"}],"event_choices":[],"is_beta":false,"boss_relics":[{"not_picked":["HangingClock","Astrolabe"],"picked":"Velvet Choker"}],"items_purged_floors":[],"is_endless":false,"potions_floor_spawned":[1,4,6,10,14],"killed_by":"Chosen","ascension_level":3}}