{"host":"skr63qsdfgeey3it","time":1611130041,"event":{"mods":["BaseMod","Colored Map","Hubris","Minty Spire (QoL Compilation)","Replay The Spire","Spicy Shops","StSLib"],"gold_per_floor":[118,293,293,312,323,357,372,372,372],"floor_reached":8,"language":"ENG","playtime":195,"items_purged":[],"score":93,"play_id":"f53ade4e-355f-4d3c-a665-801bf1a82cf9","local_time":"20210120020721","is_ascension_mode":true,"campfire_choices":[],"circlet_count":0,"master_deck":["AscendersBane","Strike_G","Strike_G","Strike_G","Strike_G","Strike_G","Defend_G","Defend_G","Defend_G","Defend_G","Defend_G","Survivor","Neutralize","Choke","Finisher","Infinite Blades","Wraith Form v2"],"relics":["Ring of the Snake","NeowsBlessing","White Beast Statue"],"acts_visited":["Exordium"],"potions_floor_usage":[6,7],"damage_taken":[{"damage":0,"enemies":"2 Louse","floor":1,"turns":1},{"damage":0,"enemies":"Small Slimes","floor":4,"turns":1},{"damage":0,"enemies":"Cultist","floor":5,"turns":1},{"damage":44,"enemies":"Gremlin Nob","floor":6,"turns":5},{"damage":20,"enemies":"Gremlin Gang","floor":7,"turns":5},{"damage":23,"enemies":"Lagavulin","floor":8,"turns":5}],"seed_played":"1145207915349989615","potions_obtained":[{"floor":5,"key":"Poison Potion"},{"floor":6,"key":"Regen Potion"},{"floor":7,"key":"Toxic Potion"}],"is_trial":false,"path_per_floor":["M","?","?","M","M","E","M","E"],"character_chosen":"THE_SILENT","items_purchased":[],"campfire_rested":0,"item_purchase_floors":[],"current_hp_per_floor":[63,63,63,63,63,19,13,0,0],"gold":372,"neow_bonus":"THREE_ENEMY_KILL","is_daily":false,"chose_seed":false,"campfire_upgraded":0,"win_rate":0.0,"timestamp":1611130041,"path_taken":["M","?","?","?","?","E","M","E"],"items_purchased_type":[],"build_version":"2020-12-22","purchased_purges":0,"victory":false,"max_hp_per_floor":[70,70,70,70,70,70,70,70,70],"card_choices":[{"not_picked":["Poisoned Stab","Quick Slash"],"picked":"Choke","floor":1},{"not_picked":["hubris:SlightOfHand","Catalyst"],"picked":"Finisher","floor":4},{"not_picked":["Quick Slash","Bane"],"picked":"Infinite Blades","floor":5},{"not_picked":["Dagger Spray","Deadly Poison"],"picked":"Wraith Form v2","floor":6},{"not_picked":["Poisoned Stab","Replay:Poison Smokescreen","Quick Slash"],"picked":"SKIP","floor":7}],"player_experience":772793,"relics_obtained":[{"floor":6,"key":"White Beast Statue"}],"event_choices":[{"damage_healed":0,"gold_gain":175,"player_choice":"AGREE","damage_taken":0,"max_hp_gain":0,"max_hp_loss":0,"event_name":"Liars Game","floor":2,"gold_loss":0,"cards_obtained":["Doubt"]},{"cards_removed":["Doubt"],"damage_healed":0,"gold_gain":0,"player_choice":"Purged","damage_taken":0,"max_hp_gain":0,"max_hp_loss":0,"event_name":"Purifier","floor":3,"gold_loss":0}],"is_beta":false,"boss_relics":[],"items_purged_floors":[],"is_endless":false,"potions_floor_spawned":[5,6,7],"killed_by":"Lagavulin","ascension_level":12}}