{"host":"7fyy23rucerupe6i","time":1611124800,"event":{"mods":["AchievementEnabler","Act Like it!","BaseMod","BetterRewards","Colored Map","Colored Powertips","Conspire","Custom Start","Downfall","Mad Scientist","Marisa£®ÏF”Í°°ƒß¿Ì…≥£©","Minty Spire (QoL Compilation)","Pale of the Ancients","Quick Restart","Shop Mod","ShortenTheSpire","Spicy Shops","StSLib","SuperFastMode","The Bug Knight","The Construct","The Cursed","The Factory","The Jungle","The Servant 0.9.4","UnlockEverythingMod"],"gold_per_floor":[110,128,138,138,163,192,292,292,292],"floor_reached":8,"language":"ZHS","playtime":297,"items_purged":["Defend_MRS"],"score":81,"play_id":"ccbad162-92b5-4895-9bd5-3df6d3e46c96","local_time":"20210120144000","is_ascension_mode":true,"campfire_choices":[],"circlet_count":0,"master_deck":["Strike_MRS","Strike_MRS","Strike_MRS","Defend_MRS","Defend_MRS","Defend_MRS","MasterSpark","UpSweep","RefractionSpark","PowerUp","RefractionSpark","DoubleSpark","ChargeUpSpray","DoubleSpark+1"],"relics":["MiniHakkero","Anchor","Bag of Marbles","TungstenRod","MerchantsRug","Molten Egg 2","sneckomod:BlankCard"],"acts_visited":["Exordium"],"potions_floor_usage":[5,6,6,8],"damage_taken":[{"damage":0,"enemies":"Cultist","floor":1,"turns":2},{"damage":0,"enemies":"Jaw Worm","floor":2,"turns":1},{"damage":0,"enemies":"2 Louse","floor":3,"turns":2},{"damage":0,"enemies":"conspire:MimicChest","floor":5,"turns":2},{"damage":12,"enemies":"3 Sentries","floor":6,"turns":5},{"damage":29,"enemies":"Lagavulin","floor":8,"turns":4}],"seed_played":"-2971698690339269846","potions_obtained":[{"floor":1,"key":"DistilledChaos"},{"floor":2,"key":"EntropicBrew"}],"is_trial":false,"path_per_floor":["M","M","M","?","?","E","?","E"],"character_chosen":"MARISA","items_purchased":["RefractionSpark","PowerUp","Anchor","Bag of Marbles","TungstenRod","MerchantsRug"],"campfire_rested":0,"item_purchase_floors":[0,0,0,0,0,0],"current_hp_per_floor":[33,33,33,33,33,21,21,0,0],"gold":292,"neow_bonus":"","is_daily":false,"chose_seed":false,"campfire_upgraded":0,"win_rate":0.0,"timestamp":1611124800,"path_taken":["M","M","M","?","?","E","?","E"],"items_purchased_type":["Card","Card","Relic","Relic","Relic","Relic"],"build_version":"2020-12-22","purchased_purges":1,"victory":false,"max_hp_per_floor":[75,75,75,75,75,75,75,75,75],"card_choices":[{"not_picked":["GravityBeat","SporeBomb"],"picked":"RefractionSpark","floor":1},{"not_picked":["ChargeUpSpray","Orbital","GalacticHalo"],"picked":"SKIP","floor":2},{"not_picked":["EnergyFlow","ManaConvection"],"picked":"DoubleSpark","floor":3},{"not_picked":["UnstableBomb+1","6A+1"],"picked":"DoubleSpark+1","floor":6}],"player_experience":492374,"relics_obtained":[{"floor":5,"key":"Molten Egg 2"},{"floor":6,"key":"sneckomod:BlankCard"}],"event_choices":[{"damage_healed":0,"gold_gain":0,"cards_transformed":["Strike_MRS"],"player_choice":"Change","damage_taken":0,"max_hp_gain":0,"max_hp_loss":0,"event_name":"Living Wall","floor":4,"gold_loss":0,"cards_obtained":["ChargeUpSpray"]},{"damage_healed":0,"gold_gain":100,"player_choice":"Pray","damage_taken":0,"max_hp_gain":0,"max_hp_loss":0,"event_name":"Golden Shrine","floor":7,"gold_loss":0}],"is_beta":false,"boss_relics":[],"items_purged_floors":[0],"is_endless":false,"potions_floor_spawned":[1,2],"killed_by":"Lagavulin","ascension_level":9}}