{"host":"k8gerrcpv9xe1nxe","time":1611111299,"event":{"mods":["2.2 Compatiblity","AchievementEnabler","BaseMod","Bestiary","Minty Spire (QoL Compilation)","Relic Stats","StSLib"],"gold_per_floor":[115,190,190,202,213,244,244,276,276,311,311,346,357,35,35,35,35],"floor_reached":16,"language":"ENG","playtime":532,"items_purged":["Strike_R"],"score":217,"play_id":"469fa9d6-ec46-45e3-88e9-1881d188982e","local_time":"20210119215459","is_ascension_mode":true,"campfire_choices":[{"floor":11.0,"key":"REST"},{"data":"Limit Break","floor":15.0,"key":"SMITH"}],"circlet_count":0,"master_deck":["AscendersBane","Strike_R","Strike_R","Strike_R","Strike_R","Defend_R","Defend_R","Defend_R","Defend_R","Bash","Clothesline","Shrug It Off","Pommel Strike","Spot Weakness","Limit Break+1"],"relics":["Sozu","Orichalcum","Mummified Hand","Art of War","MealTicket","Omamori","Singing Bowl","Pear"],"acts_visited":["Exordium"],"potions_floor_usage":[],"damage_taken":[{"damage":1.0,"enemies":"Small Slimes","floor":1.0,"turns":3.0},{"damage":0.0,"enemies":"Jaw Worm","floor":4.0,"turns":3.0},{"damage":6.0,"enemies":"2 Louse","floor":5.0,"turns":3.0},{"damage":18.0,"enemies":"Gremlin Nob","floor":6.0,"turns":4.0},{"damage":16.0,"enemies":"3 Sentries","floor":8.0,"turns":10.0},{"damage":23.0,"enemies":"Lagavulin","floor":10.0,"turns":7.0},{"damage":14.0,"enemies":"Gremlin Nob","floor":12.0,"turns":4.0},{"damage":2.0,"enemies":"Exordium Wildlife","floor":13.0,"turns":4.0},{"damage":38,"enemies":"The Guardian","floor":16,"turns":9}],"seed_played":"-6133420123003624839","potions_obtained":[],"is_trial":false,"path_per_floor":["M","?","?","M","M","E","?","E","T","E","R","E","M","$","R","B"],"character_chosen":"IRONCLAD","items_purchased":["Pear"],"campfire_rested":1,"item_purchase_floors":[14],"current_hp_per_floor":[71,60,65,65,59,41,41,25,25,2,27,13,13,38,38,0,0],"gold":35,"neow_bonus":"BOSS_RELIC","is_daily":false,"chose_seed":false,"campfire_upgraded":1,"win_rate":0.0,"timestamp":1611111299,"path_taken":["M","?","?","M","M","E","?","E","T","E","R","E","?","$","R","BOSS"],"items_purchased_type":["Relic"],"build_version":"2020-12-22","purchased_purges":1,"victory":false,"max_hp_per_floor":[80,80,85,85,85,85,85,85,85,85,85,85,87,97,97,97,97],"relic_stats":{"Sozu":4,"Singing Bowl":2,"counters":[9,47],"Mummified Hand":[0],"MealTicket":15,"Art of War":[2],"Orichalcum":[90],"obtain_stats":[{"Sozu":0,"Pear":14,"Singing Bowl":12,"Mummified Hand":7,"MealTicket":9,"Art of War":8,"Omamori":10,"Orichalcum":6,"Burning Blood":0},{"Sozu":0,"Pear":8,"Singing Bowl":7,"Mummified Hand":4,"MealTicket":5,"Art of War":5,"Omamori":6,"Orichalcum":4,"Burning Blood":0},{"Sozu":0,"Pear":38,"Singing Bowl":34,"Mummified Hand":13,"MealTicket":23,"Art of War":23,"Omamori":30,"Orichalcum":13,"Burning Blood":0}]},"card_choices":[{"not_picked":["Iron Wave","Blood for Blood"],"picked":"Clothesline","floor":1.0},{"not_picked":["Armaments","Heavy Blade","Clothesline"],"picked":"SKIP","floor":4.0},{"not_picked":["Disarm","Sword Boomerang"],"picked":"Shrug It Off","floor":5.0},{"not_picked":["Pummel","Clothesline","Thunderclap"],"picked":"SKIP","floor":6.0},{"not_picked":["Body Slam","Reckless Charge"],"picked":"Pommel Strike","floor":8.0},{"not_picked":["Iron Wave","Clash"],"picked":"Spot Weakness","floor":10.0},{"not_picked":["Clash","Second Wind"],"picked":"Limit Break","floor":12.0},{"not_picked":["Seeing Red","Evolve","Searing Blow"],"picked":"Singing Bowl","floor":13.0}],"player_experience":142044,"relics_obtained":[{"floor":6.0,"key":"Orichalcum"},{"floor":8.0,"key":"Art of War"},{"floor":9.0,"key":"MealTicket"},{"floor":10.0,"key":"Omamori"},{"floor":12.0,"key":"Singing Bowl"}],"event_choices":[{"damage_healed":0.0,"max_hp_gain":0.0,"max_hp_loss":0.0,"gold_gain":75.0,"event_name":"World of Goop","player_choice":"Gather Gold","floor":2.0,"gold_loss":0.0,"damage_taken":11.0},{"damage_healed":0.0,"max_hp_gain":5.0,"max_hp_loss":0.0,"gold_gain":0.0,"event_name":"Big Fish","player_choice":"Donut","floor":3.0,"gold_loss":0.0,"damage_taken":0.0},{"damage_healed":0.0,"max_hp_gain":0.0,"max_hp_loss":0.0,"gold_gain":0.0,"event_name":"Dead Adventurer","player_choice":"Searched \u00271\u0027 times","floor":7.0,"gold_loss":0.0,"damage_taken":0.0,"relics_obtained":["Mummified Hand"]}],"is_beta":false,"boss_relics":[],"items_purged_floors":[14],"is_endless":false,"potions_floor_spawned":[5,6,8,13],"killed_by":"The Guardian","ascension_level":10}}