{"host":"fa35vd3kig5td25x","time":1611167011,"event":{"mods":["BaseMod","Colored Powertips","Minty Spire (QoL Compilation)","Relic Stats","Slay the Relics Exporter"],"gold_per_floor":[119,132,207,207,207,233,243,243,243,269,269,286,317,330,330,407,407,421,263,276,288,36,36,66,66,117,150,150,165,165,181,181,253,253,272,320,59,73,73,73],"floor_reached":39,"language":"ENG","playtime":1411,"items_purged":["Strike_B","Strike_B"],"score":1028,"play_id":"67f28f4d-57e0-47e0-b1e2-a1312b59428f","local_time":"20210120192331","is_ascension_mode":true,"campfire_choices":[{"floor":8,"key":"REST"},{"floor":11,"key":"REST"},{"data":"Go for the Eyes","floor":15,"key":"SMITH"},{"floor":23,"key":"REST"},{"floor":25,"key":"REST"},{"floor":30,"key":"REST"},{"floor":32,"key":"REST"}],"circlet_count":0,"master_deck":["AscendersBane","Strike_B","Strike_B","Defend_B","Defend_B","Defend_B","Defend_B","Zap","Dualcast","Streamline","Compile Driver","Cold Snap","Hologram","Glacier","Barrage","Go for the Eyes+1","Seek","Defragment","The Bomb","Defragment","Loop","Glacier+1","Force Field"],"relics":["Cracked Core","NeowsBlessing","Mercury Hourglass","Tiny Chest","Orichalcum","Nunchaku","StrikeDummy","Snecko Eye","Gremlin Horn","Strawberry","DataDisk","Inserter","Du-Vu Doll","Frozen Eye"],"acts_visited":["Exordium","TheCity","TheBeyond"],"potions_floor_usage":[10,13,18,21,24,27,33,39,39],"damage_taken":[{"damage":0,"enemies":"Cultist","floor":1,"turns":1},{"damage":0,"enemies":"Small Slimes","floor":2,"turns":1},{"damage":0,"enemies":"Gremlin Nob","floor":6,"turns":1},{"damage":5,"enemies":"Jaw Worm","floor":7,"turns":2},{"damage":24,"enemies":"Lagavulin","floor":10,"turns":5},{"damage":5,"enemies":"Looter","floor":12,"turns":2},{"damage":2,"enemies":"Gremlin Nob","floor":13,"turns":3},{"damage":2,"enemies":"Blue Slaver","floor":14,"turns":3},{"damage":0,"enemies":"The Guardian","floor":16,"turns":13},{"damage":18,"enemies":"2 Thieves","floor":18,"turns":5},{"damage":1,"enemies":"Spheric Guardian","floor":20,"turns":4},{"damage":14,"enemies":"Snake Plant","floor":21,"turns":3},{"damage":22,"enemies":"Slavers","floor":24,"turns":4},{"damage":42,"enemies":"Gremlin Leader","floor":27,"turns":7},{"damage":14,"enemies":"Shelled Parasite and Fungi","floor":29,"turns":8},{"damage":1,"enemies":"Snecko","floor":31,"turns":3},{"damage":22,"enemies":"Automaton","floor":33,"turns":10},{"damage":1,"enemies":"Orb Walker","floor":35,"turns":7},{"damage":45,"enemies":"2 Orb Walkers","floor":36,"turns":7},{"damage":2,"enemies":"3 Shapes","floor":38,"turns":3},{"damage":25,"enemies":"Transient","floor":39,"turns":3}],"seed_played":"6654535396584581429","potions_obtained":[{"floor":2,"key":"FearPotion"},{"floor":10,"key":"Block Potion"},{"floor":12,"key":"EssenceOfDarkness"},{"floor":13,"key":"SpeedPotion"},{"floor":24,"key":"EssenceOfSteel"},{"floor":27,"key":"Swift Potion"},{"floor":33,"key":"Strength Potion"},{"floor":35,"key":"FearPotion"},{"floor":36,"key":"PowerPotion"}],"is_trial":false,"path_per_floor":["M","M","?","?","?","E","M","R","T","E","R","M","E","M","R","B",null,"M","$","M","M","$","R","E","R","T","E","?","M","R","M","R","B",null,"M","?","$","M","M"],"character_chosen":"DEFECT","items_purchased":["Defragment","The Bomb","Energy Potion","Frozen Eye"],"campfire_rested":6,"item_purchase_floors":[19,22,22,37],"current_hp_per_floor":[64,64,53,53,18,18,13,34,34,10,31,26,24,22,22,22,59,41,41,40,26,26,47,25,46,53,11,27,13,36,35,58,36,68,67,22,22,20,0,0],"gold":73,"neow_bonus":"THREE_ENEMY_KILL","is_daily":false,"chose_seed":false,"campfire_upgraded":1,"win_rate":0.0,"timestamp":1611167011,"path_taken":["M","M","?","?","?","E","M","R","T","E","R","M","E","?","R","BOSS","M","$","M","M","$","R","E","R","T","E","?","M","R","M","R","BOSS","M","?","$","M","M"],"items_purchased_type":["Card","Card","Potion","Relic"],"build_version":"2020-12-22","purchased_purges":2,"victory":false,"max_hp_per_floor":[71,71,71,71,71,71,71,71,71,71,71,71,71,71,71,71,71,71,71,71,71,71,71,71,71,78,78,78,78,78,78,78,78,78,78,78,78,78,78,78],"relic_stats":{"Nunchaku":[12],"Inserter":[10],"Gremlin Horn":[8,8],"counters":[21,95],"Snecko Eye":[114,113,105,108],"Tiny Chest":0,"Orichalcum":[132],"obtain_stats":[{"Inserter":34,"NeowsBlessing":0,"Gremlin Horn":24,"Orichalcum":9,"Mercury Hourglass":5,"Du-Vu Doll":36,"Frozen Eye":37,"Nunchaku":10,"DataDisk":27,"Strawberry":26,"Snecko Eye":17,"Tiny Chest":6,"Cracked Core":0,"StrikeDummy":13},{"Inserter":17,"NeowsBlessing":0,"Gremlin Horn":13,"Orichalcum":4,"Mercury Hourglass":2,"Du-Vu Doll":19,"Frozen Eye":19,"Nunchaku":5,"DataDisk":14,"Strawberry":13,"Snecko Eye":9,"Tiny Chest":3,"Cracked Core":0,"StrikeDummy":7},{"Inserter":75,"NeowsBlessing":0,"Gremlin Horn":47,"Orichalcum":5,"Mercury Hourglass":2,"Du-Vu Doll":89,"Frozen Eye":89,"Nunchaku":10,"DataDisk":54,"Strawberry":47,"Snecko Eye":31,"Tiny Chest":3,"Cracked Core":0,"StrikeDummy":15}],"Mercury Hourglass":[338]},"card_choices":[{"not_picked":["Barrage","Hologram"],"picked":"Streamline","floor":1},{"not_picked":["Gash","Conserve Battery"],"picked":"Compile Driver","floor":2},{"not_picked":["Coolheaded","Leap"],"picked":"Cold Snap","floor":6},{"not_picked":["Sweeping Beam","All For One"],"picked":"Hologram","floor":7},{"not_picked":["Storm","Cold Snap"],"picked":"Glacier","floor":10},{"not_picked":["Rebound","Lockon"],"picked":"Barrage","floor":12},{"not_picked":["Compile Driver","Reinforced Body"],"picked":"Go for the Eyes","floor":13},{"not_picked":["Darkness","Compile Driver","Auto Shields"],"picked":"SKIP","floor":14},{"not_picked":["Meteor Strike","Reboot"],"picked":"Seek","floor":16},{"not_picked":["Beam Cell","Turbo","Gash"],"picked":"SKIP","floor":18},{"not_picked":["Gash","Stack","Go for the Eyes"],"picked":"SKIP","floor":20},{"not_picked":["Rebound+1","Streamline","BootSequence"],"picked":"SKIP","floor":21},{"not_picked":["Thunder Strike","Skim"],"picked":"Defragment","floor":24},{"not_picked":["Sweeping Beam","Gash"],"picked":"Loop","floor":27},{"not_picked":["Rebound","Coolheaded","Turbo"],"picked":"SKIP","floor":29},{"not_picked":["Hologram","Streamline"],"picked":"Glacier+1","floor":31},{"not_picked":["Cold Snap+1","Ball Lightning"],"picked":"Force Field","floor":35},{"not_picked":["Rebound","Go for the Eyes","Heatsinks+1"],"picked":"SKIP","floor":38}],"player_experience":2968075,"relics_obtained":[{"floor":6,"key":"Tiny Chest"},{"floor":9,"key":"Orichalcum"},{"floor":10,"key":"Nunchaku"},{"floor":13,"key":"StrikeDummy"},{"floor":24,"key":"Gremlin Horn"},{"floor":26,"key":"Strawberry"},{"floor":27,"key":"DataDisk"},{"floor":36,"key":"Du-Vu Doll"}],"event_choices":[{"damage_healed":0,"gold_gain":75,"player_choice":"Gather Gold","damage_taken":11,"max_hp_gain":0,"max_hp_loss":0,"event_name":"World of Goop","floor":3,"gold_loss":0},{"damage_healed":0,"gold_gain":0,"player_choice":"Ignored","damage_taken":0,"max_hp_gain":0,"max_hp_loss":0,"event_name":"Liars Game","floor":4,"gold_loss":0},{"damage_healed":0,"gold_gain":0,"player_choice":"Success","damage_taken":35,"relics_obtained":["Mercury Hourglass"],"max_hp_gain":0,"max_hp_loss":0,"event_name":"Scrap Ooze","floor":5,"gold_loss":0},{"damage_healed":16,"gold_gain":0,"player_choice":"Heal","damage_taken":0,"max_hp_gain":0,"max_hp_loss":0,"event_name":"The Library","floor":28,"gold_loss":0},{"damage_healed":0,"gold_gain":0,"player_choice":"Fight","damage_taken":0,"max_hp_gain":0,"max_hp_loss":0,"event_name":"Mysterious Sphere","floor":36,"gold_loss":0}],"is_beta":false,"boss_relics":[{"not_picked":["Nuclear Battery","Cursed Key"],"picked":"Snecko Eye"},{"not_picked":["Tiny House","Fusion Hammer"],"picked":"Inserter"}],"items_purged_floors":[19,37],"is_endless":false,"potions_floor_spawned":[2,10,12,13,24,27,33,35,36],"killed_by":"Transient","ascension_level":20}}