{"host":"cjmwurvrz00ml9vd","time":1611177682,"event":{"mods":["2.2 Compatiblity","AchievementEnabler","Act Like it!","Aspiration","BaseMod","Beaked The Cultist","Better Third Choice","BetterRewards","Colored Powertips","Conspire","Energized Spire","Infinite Spire","Marisa????????","Marked Mod","Minty Spire (QoL Compilation)","Replay The Spire","Say the Spire","StSLib","The Blackbeard","The Cursed","The Disciple","The Hierophant","The Jungle","The Necromancer","The Servant 0.9.4","TheFirefly","vexMod"],"gold_per_floor":[119,119,130,130,146,146,162,94,94,106,135,135,162,162,162,292,292,312,312,336,354,354,387,407,407,407,31,44,44,44,44,44,167,167,180,203,223,148,211,249,268,268,268],"floor_reached":42,"language":"ENG","playtime":1864,"items_purged":["Strike_G"],"score":758,"play_id":"4189d495-d169-4c16-84c3-13e920f419c7","local_time":"20210120222122","is_ascension_mode":false,"campfire_choices":[{"data":"infinitespire:Collect","floor":6,"key":"SMITH"},{"floor":15,"key":"REST"},{"data":"Prepared","floor":25,"key":"SMITH"},{"floor":30,"key":"REST"},{"data":"ReplayTheSpireMod:Scrap Shanks","floor":32,"key":"SMITH"}],"circlet_count":0,"master_deck":["Strike_G","Strike_G","Strike_G+1","Strike_G","Defend_G","Defend_G","Defend_G","Defend_G+1","Survivor","Neutralize","Dagger Throw","ReplayTheSpireMod:Shiv Toss","Eviscerate","infinitespire:Collect+1","Hidden Blade","ReplayTheSpireMod:The Works","Prepared+1","ReplayTheSpireMod:Scrap Shanks+1","Blade Dance","Adrenaline+1","ReplayTheSpireMod:Scrap Shanks+1","Cloak And Dagger","Calculated Gamble","Accuracy","Parasite","Prepared+1"],"relics":["Ring of the Snake","Tingsha","aspiration:SeaSaltIceCream","beaked:SacredDeck","infinitespire:Lucky Rock","Simple Rune","Toy Ornithopter","Golden Idol","Pen Nib","Oddly Smooth Stone","Basket Of Snakes","Tough Bandages","Toxic Egg 2"],"acts_visited":["Exordium","Exordium","TheBeyond"],"potions_floor_usage":[11,13,20,21,33,33,42,42,42,42,42,42],"damage_taken":[{"damage":0,"enemies":"Small Slimes","floor":1,"turns":3},{"damage":0,"enemies":"Jaw Worm","floor":3,"turns":2},{"damage":0,"enemies":"2 Louse","floor":5,"turns":2},{"damage":0,"enemies":"2 Fungi Beasts","floor":7,"turns":2},{"damage":0,"enemies":"Looter","floor":10,"turns":1},{"damage":0,"enemies":"Gremlin Nob","floor":11,"turns":2},{"damage":0,"enemies":"Lagavulin","floor":13,"turns":2},{"damage":21,"enemies":"Fading Forest","floor":16,"turns":11},{"damage":11,"enemies":"theJungle:MUSHROOMGANG","floor":18,"turns":3},{"damage":0,"enemies":"Shell Parasite","floor":20,"turns":2},{"damage":7,"enemies":"theJungle:SlimyTreeVines","floor":21,"turns":4},{"damage":8,"enemies":"theJungle:Cassacara","floor":23,"turns":5},{"damage":10,"enemies":"theJungle:JungleHuntersEncounter","floor":24,"turns":4},{"damage":19,"enemies":"theJungle:2_Flameangoes","floor":28,"turns":3},{"damage":0,"enemies":"theJungle:FunGuy","floor":33,"turns":3},{"damage":14,"enemies":"3 Darklings","floor":35,"turns":2},{"damage":0,"enemies":"Orb Walker","floor":36,"turns":2},{"damage":0,"enemies":"Writhing Mass","floor":37,"turns":3},{"damage":3,"enemies":"Mind Bloom Boss Battle","floor":39,"turns":2},{"damage":0,"enemies":"Giant Head","floor":40,"turns":4},{"damage":0,"enemies":"Spire Growth","floor":41,"turns":1},{"damage":0,"enemies":"infinitespire:Three Voidlings","floor":42,"turns":2},{"damage":84,"enemies":"Nightmare_Alpha","floor":42,"turns":9}],"seed_played":"6824399479089345859","potions_obtained":[{"floor":3,"key":"Swift Potion"},{"floor":7,"key":"AttackPotion"},{"floor":11,"key":"SpeedPotion"},{"floor":13,"key":"SpeedPotion"},{"floor":18,"key":"SteroidPotion"},{"floor":20,"key":"Reflective Coating"},{"floor":28,"key":"Explosive Potion"},{"floor":37,"key":"Energy Potion"},{"floor":39,"key":"EntropicBrew"}],"is_trial":false,"path_per_floor":["M","?","M","?","M","R","M","$","T","M","E","?","E","?","R","B",null,"M","?","M","M","?","E","M","R","T","$","M","?","R","?","R","B",null,"M","M","M","$","?","E","M","?"],"character_chosen":"THE_SILENT","items_purchased":["Tingsha","Dagger Throw","ReplayTheSpireMod:Shiv Toss","ReplayTheSpireMod:Scrap Shanks","Basket Of Snakes","Accuracy"],"campfire_rested":2,"item_purchase_floors":[0,0,0,8,27,27],"current_hp_per_floor":[57,57,57,50,50,50,50,50,50,50,50,50,50,33,54,43,70,59,59,64,67,67,59,49,49,49,49,30,30,51,51,51,61,70,56,56,56,56,53,53,53,0,0],"gold":268,"neow_bonus":"","is_daily":false,"chose_seed":false,"campfire_upgraded":3,"win_rate":0.0,"timestamp":1611177682,"path_taken":["M","?","M","?","M","R","M","$","T","M","E","?","E","?","R","BOSS","M","?","M","M","?","E","M","R","T","$","M","?","R","?","R","BOSS","M","M","M","$","?","E","M","?"],"items_purchased_type":["Relic","Card","Card","Card","Relic","Card"],"build_version":"2020-12-22","purchased_purges":1,"victory":false,"max_hp_per_floor":[70,70,70,70,70,70,70,70,70,70,70,70,70,70,70,70,70,70,70,70,70,70,70,70,70,70,70,70,70,70,70,70,70,70,70,70,70,70,70,70,70,70,70],"card_choices":[{"not_picked":["Acrobatics","Bane"],"picked":"Eviscerate","floor":1},{"not_picked":["Sucker Punch","Deflect"],"picked":"Hidden Blade","floor":3},{"not_picked":["Quick Slash","Setup"],"picked":"ReplayTheSpireMod:The Works","floor":5},{"not_picked":["Dagger Throw","ReplayTheSpireMod:Speed Training"],"picked":"Prepared","floor":7},{"not_picked":["Quick Slash","Sucker Punch"],"picked":"Blade Dance","floor":10},{"not_picked":["Setup","Blade Dance"],"picked":"Adrenaline","floor":11},{"not_picked":["Fluid Movement","Dagger Spray","Atom Bomb"],"picked":"SKIP","floor":13},{"not_picked":["Slice","Bane"],"picked":"ReplayTheSpireMod:Scrap Shanks+1","floor":18},{"not_picked":["Catalyst","Leg Sweep"],"picked":"Cloak And Dagger","floor":20},{"not_picked":["Leg Sweep+1","Deflect+1","PiercingWail"],"picked":"SKIP","floor":21},{"not_picked":["Leg Sweep+1","Cloak And Dagger+1","Doppelganger"],"picked":"SKIP","floor":23},{"not_picked":["Outmaneuver","Flying Knee+1"],"picked":"Calculated Gamble","floor":24},{"not_picked":["Draining Mist","Cloak And Dagger","All Out Attack"],"picked":"SKIP","floor":28},{"not_picked":["Dagger Spray","Accuracy","Deadly Poison+1"],"picked":"SKIP","floor":35},{"not_picked":["Underhanded Strike","Night Terror","PiercingWail+1"],"picked":"SKIP","floor":36},{"not_picked":["conspire:PoisonWeapons","Bane+1","Flying Knee+1"],"picked":"SKIP","floor":37},{"not_picked":["Well Laid Plans+1","Masterful Stab"],"picked":"Prepared+1","floor":40},{"not_picked":["Calculated Gamble+1","Blade Dance+1","Quick Slash+1"],"picked":"SKIP","floor":41}],"player_experience":632171,"relics_obtained":[{"floor":2,"key":"aspiration:SeaSaltIceCream"},{"floor":9,"key":"infinitespire:Lucky Rock"},{"floor":11,"key":"Simple Rune"},{"floor":13,"key":"Toy Ornithopter"},{"floor":23,"key":"Pen Nib"},{"floor":26,"key":"Oddly Smooth Stone"},{"floor":39,"key":"Tough Bandages"},{"floor":40,"key":"Toxic Egg 2"}],"event_choices":[{"cards_removed":["Defend_G"],"damage_healed":0,"gold_gain":0,"player_choice":"Card Removal","damage_taken":7,"max_hp_gain":0,"max_hp_loss":0,"event_name":"Golden Wing","floor":4,"gold_loss":0},{"damage_healed":0,"gold_gain":0,"player_choice":"Grow","damage_taken":0,"max_hp_gain":0,"max_hp_loss":0,"event_name":"Living Wall","floor":12,"gold_loss":0,"cards_upgraded":["Adrenaline"]},{"damage_healed":0,"gold_gain":0,"player_choice":"Take Damage","damage_taken":17,"relics_obtained":["Golden Idol"],"max_hp_gain":0,"max_hp_loss":0,"event_name":"Golden Idol","floor":14,"gold_loss":0},{"damage_healed":0,"gold_gain":0,"player_choice":"Leave","damage_taken":0,"max_hp_gain":0,"max_hp_loss":0,"event_name":"conspire:Investor","floor":31,"gold_loss":0},{"damage_healed":0,"gold_gain":0,"player_choice":"Fight","damage_taken":0,"max_hp_gain":0,"max_hp_loss":0,"event_name":"MindBloom","floor":39,"gold_loss":0}],"is_beta":false,"boss_relics":[{"not_picked":["Calling Bell","Honey Jar","Fusion Hammer"]},{"not_picked":["energizedSpire:EnergizedDie","Replay:Wanted Poster","Abe\u0027s Treasure"]}],"items_purged_floors":[38],"is_endless":false,"potions_floor_spawned":[3,7,11,13,18,20,28,37,39,40,42],"killed_by":"Nightmare_Alpha","ascension_level":0}}