{"host":"q0qnzbgdx8oqogg9","time":1611185033,"event":{"mods":["BaseMod","Minty Spire (QoL Compilation)","Slay-I","StSLib"],"gold_per_floor":[114,114,129,148,164,164,177,202,253,269,269,284,284,303,303,401,401,418,418,431,21,31,31,46,46,46,66,94,106,205,221,221,326,326,341,391,22,0,351,351,351,371,447,477,493,493,509,60,60,60],"floor_reached":51,"language":"ENG","playtime":2153,"items_purged":["Strike_R","Strike_R"],"score":1024,"play_id":"2b1ddece-48fc-4a26-b847-17af316fb6c1","local_time":"20210120182353","is_ascension_mode":true,"campfire_choices":[{"data":"Searing Blow","floor":6.0,"key":"SMITH"},{"data":"Searing Blow+1","floor":11.0,"key":"SMITH"},{"data":"Searing Blow+2","floor":13.0,"key":"SMITH"},{"data":"Searing Blow+3","floor":15.0,"key":"SMITH"},{"data":"Demon Form","floor":23.0,"key":"SMITH"},{"data":"Iron Wave","floor":32.0,"key":"SMITH"},{"data":"Flame Barrier","floor":40,"key":"SMITH"},{"data":"Heavy Blade","floor":46,"key":"SMITH"},{"data":"Corruption","floor":49,"key":"SMITH"}],"circlet_count":0,"master_deck":["Strike_R","Strike_R","Strike_R","Defend_R","Defend_R","Defend_R","Defend_R","Bash","Finesse","Carnage","Anger","Uppercut","Searing Blow+4","Power Through","Flame Barrier+1","Iron Wave+1","Evolve","Demon Form+1","Panache","Anger","Heavy Blade+1","Cleave+1","Corruption+1","Battle Trance+1","Feel No Pain+1","Feel No Pain","Metallicize","Havoc+1","Wild Strike+1","Clothesline+1","Rage+1"],"relics":["Burning Blood","Orichalcum","Oddly Smooth Stone","Coffee Dripper","Medical Kit","MutagenicStrength","Anchor","White Beast Statue","Snecko Eye","Du-Vu Doll","Incense Burner","Red Mask","Old Coin","Pantograph","Ancient Tea Set","Bottled Tornado"],"acts_visited":["Exordium","TheCity","TheBeyond"],"potions_floor_usage":[44,44,45,45,50,50],"damage_taken":[{"damage":0.0,"enemies":"Small Slimes","floor":1.0,"turns":3.0},{"damage":0.0,"enemies":"Cultist","floor":3.0,"turns":2.0},{"damage":2.0,"enemies":"Jaw Worm","floor":4.0,"turns":4.0},{"damage":8.0,"enemies":"3 Louse","floor":5.0,"turns":3.0},{"damage":0.0,"enemies":"Large Slime","floor":7.0,"turns":4.0},{"damage":18.0,"enemies":"3 Sentries","floor":8.0,"turns":6.0},{"damage":0.0,"enemies":"2 Fungi Beasts","floor":10.0,"turns":3.0},{"damage":0.0,"enemies":"Looter","floor":12.0,"turns":4.0},{"damage":0.0,"enemies":"Large Slime","floor":14.0,"turns":5.0},{"damage":51.0,"enemies":"Hexaghost","floor":16.0,"turns":10.0},{"damage":28.0,"enemies":"3 Byrds","floor":18.0,"turns":6.0},{"damage":5.0,"enemies":"2 Thieves","floor":20.0,"turns":4.0},{"damage":5.0,"enemies":"Snake Plant","floor":22.0,"turns":4.0},{"damage":15.0,"enemies":"Shelled Parasite and Fungi","floor":24.0,"turns":5.0},{"damage":7.0,"enemies":"Snecko","floor":27.0,"turns":4.0},{"damage":23.0,"enemies":"Book of Stabbing","floor":28.0,"turns":4.0},{"damage":18.0,"enemies":"Cultist and Chosen","floor":29.0,"turns":6.0},{"damage":0.0,"enemies":"Centurion and Healer","floor":31.0,"turns":6.0},{"damage":8.0,"enemies":"Champ","floor":33.0,"turns":6.0},{"damage":27.0,"enemies":"3 Darklings","floor":35.0,"turns":5.0},{"damage":0.0,"enemies":"Mind Bloom Boss Battle","floor":36.0,"turns":4.0},{"damage":26,"enemies":"2 Orb Walkers","floor":39,"turns":4},{"damage":2,"enemies":"3 Shapes","floor":42,"turns":6},{"damage":17,"enemies":"Reptomancer","floor":44,"turns":5},{"damage":24,"enemies":"Maw","floor":45,"turns":6},{"damage":8,"enemies":"4 Shapes","floor":47,"turns":6},{"damage":13,"enemies":"Awakened One","floor":50,"turns":11}],"seed_played":"-5450265092424577231","potions_obtained":[{"floor":2.0,"key":"SteroidPotion"},{"floor":2.0,"key":"Swift Potion"},{"floor":2.0,"key":"SpeedPotion"},{"floor":12.0,"key":"ColorlessPotion"},{"floor":16.0,"key":"LiquidMemories"},{"floor":28.0,"key":"Fire Potion"},{"floor":31.0,"key":"DuplicationPotion"},{"floor":33.0,"key":"Fruit Juice"},{"floor":35.0,"key":"SpeedPotion"},{"floor":36.0,"key":"Dexterity Potion"},{"floor":39,"key":"SpeedPotion"},{"floor":44,"key":"Weak Potion"},{"floor":45,"key":"LiquidBronze"},{"floor":47,"key":"Fire Potion"}],"is_trial":false,"path_per_floor":["M","?","M","M","M","R","M","E","T","M","R","M","R","M","R","B",null,"M","?","M","$","M","R","M","?","T","M","E","M","?","M","R","B",null,"M","?","$","?","?","R","?","M","T","E","M","R","M","$","R","B",null],"character_chosen":"IRONCLAD","items_purchased":["Panache","Medical Kit","Feel No Pain","Incense Burner","Bottled Tornado","HeartOfIron"],"campfire_rested":0,"item_purchase_floors":[21,21,37,37,48,48],"current_hp_per_floor":[78,78,80,80,78,78,80,68,68,74,74,80,80,80,80,35,69,47,47,48,48,49,49,40,40,40,39,22,10,10,16,16,14,64,43,49,49,49,29,29,29,33,33,22,9,9,7,7,7,25],"gold":60,"neow_bonus":"RANDOM_COLORLESS","is_daily":false,"chose_seed":false,"campfire_upgraded":9,"win_rate":0.0,"timestamp":1611185033,"path_taken":["M","?","M","M","M","R","M","E","T","M","R","?","R","M","R","BOSS","M","?","M","$","M","R","M","?","T","M","E","M","?","M","R","BOSS","M","?","$","?","?","R","?","M","T","E","?","R","M","$","R","BOSS"],"items_purchased_type":["Card","Relic","Card","Relic","Relic","Potion"],"build_version":"2020-12-22","purchased_purges":2,"victory":true,"max_hp_per_floor":[80,80,80,80,80,80,80,80,80,80,80,80,80,80,80,80,80,80,80,80,80,80,80,80,80,80,80,80,80,80,80,80,80,80,80,80,80,80,80,80,80,80,80,80,85,85,85,85,85,85],"card_choices":[{"not_picked":["Impatience","Madness"],"picked":"Finesse","floor":0.0},{"not_picked":["Havoc","Uppercut"],"picked":"Carnage","floor":1.0},{"not_picked":["Armaments","Feel No Pain"],"picked":"Anger","floor":3.0},{"not_picked":["Shrug It Off","Sever Soul"],"picked":"Uppercut","floor":4.0},{"not_picked":["Heavy Blade","Body Slam","Searing Blow"],"picked":"SKIP","floor":5.0},{"not_picked":["Heavy Blade","Body Slam"],"picked":"Searing Blow","floor":5.0},{"not_picked":["True Grit","Burning Pact"],"picked":"Power Through","floor":7.0},{"not_picked":["Berserk","Warcry","Twin Strike"],"picked":"SKIP","floor":8.0},{"not_picked":["Wild Strike","True Grit"],"picked":"Flame Barrier","floor":10.0},{"not_picked":["Evolve","Cleave"],"picked":"Iron Wave","floor":12.0},{"not_picked":["Carnage","Warcry"],"picked":"Evolve","floor":14.0},{"not_picked":["Berserk","Brutality"],"picked":"Demon Form","floor":16.0},{"not_picked":["Body Slam","Flex","Pommel Strike"],"picked":"SKIP","floor":18.0},{"not_picked":["True Grit","Perfected Strike","Clash+1"],"picked":"SKIP","floor":20.0},{"not_picked":["Armaments","Cleave"],"picked":"Anger","floor":22.0},{"not_picked":["Demon Form","Hemokinesis+1","Dual Wield+1"],"picked":"SKIP","floor":24.0},{"not_picked":["Cleave","Flex+1"],"picked":"Heavy Blade","floor":27.0},{"not_picked":["Fire Breathing","True Grit+1"],"picked":"Cleave+1","floor":28.0},{"not_picked":["Perfected Strike","Pummel","Warcry"],"picked":"SKIP","floor":29.0},{"not_picked":["Flex+1","Heavy Blade","Twin Strike"],"picked":"SKIP","floor":31.0},{"not_picked":["Offering","Juggernaut"],"picked":"Corruption","floor":33.0},{"not_picked":["Headbutt","Fire Breathing+1"],"picked":"Battle Trance+1","floor":35.0},{"not_picked":["Shrug It Off+1","Havoc"],"picked":"Feel No Pain","floor":36.0},{"not_picked":["Anger+1","Intimidate+1"],"picked":"Metallicize","floor":39},{"not_picked":["Flex+1","Perfected Strike"],"picked":"Havoc+1","floor":42},{"not_picked":["Double Tap","Armaments+1"],"picked":"Wild Strike+1","floor":44},{"not_picked":["Evolve","Burning Pact"],"picked":"Clothesline+1","floor":45},{"not_picked":["Flex+1","Headbutt+1"],"picked":"Rage+1","floor":47}],"player_experience":238593,"relics_obtained":[{"floor":8.0,"key":"Orichalcum"},{"floor":9.0,"key":"Oddly Smooth Stone"},{"floor":26.0,"key":"Anchor"},{"floor":28.0,"key":"White Beast Statue"},{"floor":36.0,"key":"Du-Vu Doll"},{"floor":39,"key":"Old Coin"},{"floor":43,"key":"Pantograph"},{"floor":44,"key":"Ancient Tea Set"}],"event_choices":[{"damage_healed":0.0,"max_hp_gain":0.0,"max_hp_loss":0.0,"gold_gain":0.0,"event_name":"Lab","player_choice":"Got Potions","floor":2.0,"gold_loss":0.0,"damage_taken":0.0},{"damage_healed":0.0,"max_hp_gain":0.0,"max_hp_loss":0.0,"gold_gain":0.0,"event_name":"The Mausoleum","player_choice":"Ignored","floor":19.0,"gold_loss":0.0,"damage_taken":0.0},{"damage_healed":0.0,"max_hp_gain":0.0,"max_hp_loss":0.0,"gold_gain":0.0,"event_name":"Drug Dealer","player_choice":"Inject Mutagens","floor":25.0,"gold_loss":0.0,"damage_taken":0.0,"relics_obtained":["MutagenicStrength"]},{"damage_healed":0.0,"max_hp_gain":0.0,"max_hp_loss":0.0,"gold_gain":99.0,"event_name":"Nest","player_choice":"Stole From Cult","floor":30.0,"gold_loss":0.0,"damage_taken":0.0},{"damage_healed":0.0,"max_hp_gain":0.0,"max_hp_loss":0.0,"gold_gain":0.0,"event_name":"MindBloom","player_choice":"Fight","floor":36.0,"gold_loss":0.0,"damage_taken":0.0},{"damage_healed":0.0,"max_hp_gain":0.0,"max_hp_loss":0.0,"gold_gain":0.0,"event_name":"Tomb of Lord Red Mask","player_choice":"Paid","floor":38.0,"gold_loss":22.0,"damage_taken":0.0,"relics_obtained":["Red Mask"]},{"damage_healed":0,"gold_gain":0,"player_choice":"Fight","damage_taken":0,"max_hp_gain":0,"max_hp_loss":0,"event_name":"Mysterious Sphere","floor":39,"gold_loss":0},{"damage_healed":0,"gold_gain":0,"player_choice":"Upgraded","damage_taken":0,"max_hp_gain":0,"max_hp_loss":0,"event_name":"Upgrade Shrine","floor":41,"gold_loss":0,"cards_upgraded":["Feel No Pain"]}],"is_beta":false,"boss_relics":[{"not_picked":["Empty Cage","SacredBark"],"picked":"Coffee Dripper"},{"not_picked":["Cursed Key","Philosopher\u0027s Stone"],"picked":"Snecko Eye"}],"items_purged_floors":[21,48],"is_endless":false,"potions_floor_spawned":[3,4,12,16,18,27,28,29,31,33,35,36,39,42,44,45,47],"ascension_level":8}}