{"host":"4u66lrbz4v7cei5p","time":1611166859,"event":{"mods":["BaseMod","Colored Map","Downfall","Minty Spire (QoL Compilation)","Permanent Neow","Relic Sorter","StSLib"],"gold_per_floor":[99,109,129,42,52,52,78,90,90,90,120,120,120,137,151,247,247,147,157,175,0,10,36,84,117,117,151,164,164,180,194,211,310,310,310,326,326,326,326,402,476,502,520,320,331,458,307,334,347,347,347,375,104,104,104,104],"floor_reached":57,"language":"ENG","playtime":9478,"items_purged":["downfall:Icky","bronze:Replicate"],"score":1279,"play_id":"36aaa1af-a2c7-4c96-a877-b02fa1d1fb6c","local_time":"20210120102059","is_ascension_mode":false,"campfire_choices":[{"data":"bronze:HyperBeam","floor":1,"key":"SMITH"},{"data":"bronze:Turbo","floor":6,"key":"SMITH"},{"data":"bronze:Goto","floor":9,"key":"SMITH"},{"data":"bronze:Repulsor","floor":18,"key":"SMITH"},{"data":"bronze:FindAndReplace","floor":29,"key":"SMITH"},{"floor":35,"key":"RECALL"},{"data":"bronze:BurnOut","floor":44,"key":"SMITH"},{"data":"bronze:Fortify","floor":54,"key":"SMITH"}],"circlet_count":0,"master_deck":["bronze:Strike+1","bronze:Strike+1","bronze:Defend","bronze:Defend","bronze:Goto+1","bronze:HyperBeam+1","bronze:Fortify+1","bronze:Branch","bronze:DelayedGuard+1","bronze:Repulsor+1","bronze:Shield","bronze:Turbo","bronze:ChosenStrike","bronze:ClassDefault","bronze:DarkDash","bronze:SpaghettiCode+1","bronze:ForceShield","expansioncontent:AwakenDeath","bronze:GetLatest","bronze:Return","bronze:FindAndReplace+1","bronze:Frontload+1","bronze:BurnOut+1","expansioncontent:AwakenDeath","expansioncontent:YouAreMine","expansioncontent:PrepareCrush","bronze:Boost+1","bronze:OilSpill+1","bronze:BurnOut+1","expansioncontent:AwakenDeath","bronze:OilSpill+1"],"relics":["bronze:BronzeCore","Whetstone","Bronze Scales","bronze:CableSpool","Snecko Eye","downfall:HeartBlessingGreen","Letter Opener","Omamori","War Paint","InkBottle","Empty Cage","bronze:BottledCode","Bottled Tornado","downfall:HeartBlessingRed","downfall:HeartBlessingBlue","Molten Egg 2","ClockworkSouvenir","Bird Faced Urn","Bag of Marbles"],"acts_visited":["Exordium","TheCity","TheBeyond","TheEnding"],"potions_floor_usage":[28,30,32,56,56,56],"damage_taken":[{"damage":5,"enemies":"Jaw Worm","floor":2,"turns":4},{"damage":0,"enemies":"2 Louse","floor":3,"turns":2},{"damage":0,"enemies":"downfall:FleeingMerchant","floor":4,"turns":4},{"damage":2,"enemies":"Cultist","floor":5,"turns":4},{"damage":7,"enemies":"3 Louse","floor":8,"turns":3},{"damage":3,"enemies":"Gremlin Nob","floor":11,"turns":3},{"damage":6,"enemies":"Large Slime","floor":14,"turns":3},{"damage":0,"enemies":"Exordium Thugs","floor":15,"turns":4},{"damage":22,"enemies":"SI_SHIV_ARCHETYPE","floor":16,"turns":9},{"damage":0,"enemies":"Spheric Guardian","floor":19,"turns":2},{"damage":1,"enemies":"Centurion and Healer","floor":20,"turns":3},{"damage":0,"enemies":"downfall:FleeingMerchant","floor":21,"turns":4},{"damage":24,"enemies":"3 Cultists","floor":22,"turns":4},{"damage":15,"enemies":"Gremlin Leader","floor":23,"turns":6},{"damage":0,"enemies":"Slavers","floor":25,"turns":1},{"damage":3,"enemies":"Book of Stabbing","floor":27,"turns":4},{"damage":0,"enemies":"Snake Plant","floor":28,"turns":3},{"damage":0,"enemies":"Shelled Parasite and Fungi","floor":30,"turns":3},{"damage":0,"enemies":"Cultist and Chosen","floor":31,"turns":4},{"damage":0,"enemies":"Chosen and Byrds","floor":32,"turns":3},{"damage":39,"enemies":"WA_ARCHETYPE_CALM","floor":33,"turns":16},{"damage":0,"enemies":"3 Darklings","floor":36,"turns":3},{"damage":0,"enemies":"downfall:FleeingMerchant","floor":40,"turns":4},{"damage":1,"enemies":"Nemesis","floor":42,"turns":7},{"damage":0,"enemies":"Orb Walker","floor":43,"turns":3},{"damage":0,"enemies":"Sphere and 2 Shapes","floor":45,"turns":2},{"damage":19,"enemies":"Giant Head","floor":46,"turns":9},{"damage":20,"enemies":"Reptomancer","floor":48,"turns":6},{"damage":30,"enemies":"Writhing Mass","floor":49,"turns":9},{"damage":1,"enemies":"IC_BLOCK_ARCHETYPE","floor":50,"turns":9},{"damage":120,"enemies":"downfall:CharBossMerchant","floor":52,"turns":9},{"damage":50,"enemies":"downfall:NeowBoss","floor":55,"turns":18},{"damage":173,"enemies":"downfall:NeowBossFinal","floor":56,"turns":10}],"seed_played":"3702532836424294929","potions_obtained":[{"floor":8,"key":"Swift Potion"},{"floor":14,"key":"sneckomod:MuddlingPotion"},{"floor":15,"key":"Swift Potion"},{"floor":16,"key":"champ:CounterPotion"},{"floor":19,"key":"DuplicationPotion"},{"floor":25,"key":"Energy Potion"},{"floor":28,"key":"Guardian:BlockOnCardUsePotion"},{"floor":30,"key":"Swift Potion"},{"floor":42,"key":"SteroidPotion"}],"is_trial":false,"path_per_floor":["R","M","M","$","M","R","T","M","R","?","E","?","?","M","M","B",null,"R","M","M","$","M","E","T","E","?","E","M","R","M","M","M","B",null,"R","M","?","?","?","$","T","E","M","R","M","E","$","E","M","B",null,"E","$","R","B","B",null],"character_chosen":"THE_AUTOMATON","items_purchased":["bronze:Repulsor","expansioncontent:AwakenDeath","OrangePellets","ClockworkSouvenir","bronze:BurnOut+1","expansioncontent:AwakenDeath","bronze:OilSpill+1"],"campfire_rested":0,"item_purchase_floors":[4,21,40,47,53,53,53],"current_hp_per_floor":[70,65,65,65,63,63,63,56,56,44,41,41,41,35,35,13,70,70,70,69,69,45,30,30,30,30,27,27,27,27,27,27,9,70,70,70,60,50,50,50,50,49,49,59,59,40,40,20,40,45,70,40,40,40,60,20],"gold":104,"neow_bonus":"TRANSFORM_TWO_CARDS","is_daily":false,"chose_seed":false,"campfire_upgraded":7,"win_rate":0.0,"timestamp":1611166859,"path_taken":["R","M","M","$","M","R","T","M","R","?","E","?","?","?","M","BOSS","R","M","M","$","M","E","T","E","?","E","M","R","M","M","M","BOSS","R","M","?","?","?","$","T","E","M","R","M","E","$","E","M","BOSS","E","$","R","BOSS","BOSS"],"items_purchased_type":["Card","Card","Relic","Relic","Card","Card","Card"],"build_version":"2020-12-22","purchased_purges":2,"victory":true,"max_hp_per_floor":[70,70,70,70,70,70,70,70,70,70,70,70,70,70,70,70,70,70,70,70,70,70,70,70,70,70,70,70,70,70,70,70,70,70,70,70,60,60,60,60,60,60,60,70,70,70,70,70,70,70,70,70,70,70,70,70],"card_choices":[{"not_picked":["bronze:Iterate","bronze:ChildClass"],"picked":"bronze:Fortify","floor":2},{"not_picked":["bronze:DelayedGuard","bronze:Shield"],"picked":"bronze:Branch","floor":3},{"not_picked":["bronze:Shield","bronze:Optimize"],"picked":"bronze:DelayedGuard","floor":4},{"not_picked":["bronze:Optimize","bronze:CutThrough"],"picked":"bronze:Shield","floor":5},{"not_picked":["bronze:BronzeArmor","bronze:Invalidate"],"picked":"bronze:Turbo","floor":8},{"not_picked":["bronze:Optimize","bronze:Backtrace"],"picked":"bronze:ChosenStrike","floor":11},{"not_picked":["bronze:BronzeOrb","bronze:BronzeArmor"],"picked":"bronze:DarkDash","floor":14},{"not_picked":["bronze:Return","bronze:DarkDash"],"picked":"bronze:FineTuning","floor":15},{"not_picked":["bronze:HardenedForm","bronze:HyperBeam"],"picked":"bronze:SpaghettiCode","floor":16},{"not_picked":["bronze:BugBarrage","bronze:ChildClass"],"picked":"bronze:ForceShield","floor":19},{"not_picked":["bronze:Deprecate+1","bronze:BuggyMess","bronze:Backtrace"],"picked":"SKIP","floor":20},{"not_picked":["bronze:DarkDash","bronze:Shield","bronze:Overheat"],"picked":"SKIP","floor":21},{"not_picked":["bronze:ClassDefault+1","bronze:Invalidate","bronze:Break"],"picked":"SKIP","floor":22},{"not_picked":["bronze:WhirlingStrike","bronze:DelayedGuard","bronze:CutThrough"],"picked":"SKIP","floor":23},{"not_picked":["bronze:Iterate+1","bronze:DelayedSlice"],"picked":"bronze:GetLatest","floor":25},{"not_picked":["bronze:NullPointer","bronze:HyperBeam"],"picked":"bronze:FindAndReplace","floor":27},{"not_picked":["bronze:FineTuning","bronze:GetLatest","bronze:BuggyMess"],"picked":"SKIP","floor":28},{"not_picked":["bronze:BitShift+1","bronze:Overheat","bronze:BugBarrage"],"picked":"SKIP","floor":30},{"not_picked":["bronze:Turbo","bronze:DelayedSlice+1"],"picked":"bronze:Frontload+1","floor":31},{"not_picked":["bronze:Fortify","bronze:DigitalCarnage","bronze:DelayedGuard+1"],"picked":"SKIP","floor":32},{"not_picked":["bronze:ShipIt","bronze:Format"],"picked":"bronze:BurnOut","floor":33},{"not_picked":["bronze:BronzeArmor+1","bronze:CutThrough","bronze:ForLoop+1"],"picked":"SKIP","floor":36},{"not_picked":["expansioncontent:LastStand","expansioncontent:YouAreMine"],"picked":"expansioncontent:AwakenDeath","floor":38},{"not_picked":["expansioncontent:Hexaburn","expansioncontent:GuardianWhirl"],"picked":"expansioncontent:YouAreMine","floor":38},{"not_picked":["expansioncontent:Hexaburn","expansioncontent:Chronoboost"],"picked":"expansioncontent:PrepareCrush","floor":38},{"not_picked":["bronze:Iterate","bronze:Return","bronze:Overheat+1"],"picked":"SKIP","floor":40},{"not_picked":["bronze:BitShift","bronze:Optimize","bronze:BuggyMess+1"],"picked":"SKIP","floor":42},{"not_picked":["bronze:BuggyMess+1","bronze:ChildClass","bronze:GetLatest"],"picked":"SKIP","floor":43},{"not_picked":["bronze:Safeguard+1","bronze:Invalidate+1","bronze:ClassDefault"],"picked":"SKIP","floor":45},{"not_picked":["bronze:Safeguard+1","bronze:NullPointer+1"],"picked":"bronze:Boost+1","floor":46},{"not_picked":["bronze:BuggyMess","bronze:WhirlingStrike+1","bronze:DelayedSlice+1"],"picked":"SKIP","floor":48},{"not_picked":["bronze:BuggyMess+1","bronze:CutThrough+1","bronze:ChildClass"],"picked":"SKIP","floor":49},{"not_picked":["bronze:ChildClass+1","bronze:WildBeam+1"],"picked":"bronze:OilSpill+1","floor":52}],"player_experience":107393,"relics_obtained":[{"floor":7,"key":"Whetstone"},{"floor":11,"key":"bronze:CableSpool"},{"floor":23,"key":"Letter Opener"},{"floor":24,"key":"Omamori"},{"floor":25,"key":"War Paint"},{"floor":27,"key":"InkBottle"},{"floor":42,"key":"Bottled Tornado"},{"floor":46,"key":"Molten Egg 2"},{"floor":48,"key":"Bird Faced Urn"},{"floor":52,"key":"Bag of Marbles"}],"event_choices":[{"damage_healed":0,"gold_gain":0,"player_choice":"Success","damage_taken":12,"relics_obtained":["Bronze Scales"],"max_hp_gain":0,"max_hp_loss":0,"event_name":"Scrap Ooze","floor":10,"gold_loss":0},{"damage_healed":0,"gold_gain":0,"cards_transformed":["bronze:Defend","bronze:Strike"],"player_choice":"Became Test Subject","damage_taken":0,"max_hp_gain":0,"max_hp_loss":0,"event_name":"Drug Dealer","floor":26,"gold_loss":0,"cards_obtained":["bronze:Return","bronze:Invalidate"]},{"cards_removed":["bronze:FineTuning"],"damage_healed":0,"gold_gain":0,"player_choice":"Removed Skill","damage_taken":0,"max_hp_gain":0,"max_hp_loss":0,"event_name":"Falling","floor":39,"gold_loss":0}],"is_beta":false,"boss_relics":[{"not_picked":["Runic Dome","SacredBark"],"picked":"Snecko Eye"},{"not_picked":["Runic Pyramid","Black Star"],"picked":"Empty Cage"}],"items_purged_floors":[21,40],"is_endless":false,"potions_floor_spawned":[8,14,15,16,19,20,25,28,30,42,46,48],"ascension_level":0}}