{"host":"Charlie","time":1611121163,"event":{"mods":["100% Spire Juice","Aspiration","BaseMod","Better Match","Better Skull","Better Third Choice","BetterRewards","ChefMod","Colored Map","Colored Powertips","Conspire","Curses Come First","Dota2Spire","Downfall","Ekko","Evolution","Fox Events","Friendly Minions","Halation","Hermit","Hubris","Infinite Spire","Luminous","Melee Mod","Minty Spire (QoL Compilation)","Quick Restart","Rare Cards Sparkle","Relic Stats","Robot Space Explorer","Shade Mod","Spicy Shops","Spire Arcade","StSLib","SuperFastMode","Synergy Search","The Animator","The Blue Laboratory","The Caster","The Cursed","The Dragon Tamer","The Factory","The Gatherer","The Jungle","The Marked","The Necromancer","Unceasing Turn Reminder","vexMod"],"gold_per_floor":[16,16,41,141,66,105,105,105,131,166,181,181,181,181],"floor_reached":13,"language":"ENG","playtime":797,"items_purged":["caster:strike"],"score":91,"play_id":"b566b247-f097-4d68-bb0f-da8b8c743975","local_time":"20210119213923","is_ascension_mode":false,"campfire_choices":[{"data":"caster:SunGoddessAmaterasu","floor":7,"key":"SMITH"}],"circlet_count":0,"master_deck":["caster:Meteor","caster:DivertFocus","caster:strike","caster:strike","caster:strike","caster:defend","caster:defend","caster:defend","caster:defend","caster:defend","caster:SunGoddessAmaterasu+1","caster:Eruption","caster:Eruption","caster:Sandstorm","caster:Heavy+1","caster:Rectify"],"relics":["caster:MagicBook","EVO:Axolotl","Golden Idol","Torii","Bag of Marbles","Centennial Puzzle"],"acts_visited":["Exordium"],"potions_floor_usage":[13,13],"damage_taken":[{"damage":4,"enemies":"conspire:RoseBush","floor":1,"turns":5},{"damage":0,"enemies":"Cultist","floor":3,"turns":3},{"damage":16,"enemies":"3 Sentries","floor":6,"turns":9},{"damage":16,"enemies":"Lagavulin","floor":10,"turns":7},{"damage":6,"enemies":"Jaw Worm","floor":11,"turns":5},{"damage":29,"enemies":"Gremlin Nob","floor":13,"turns":6}],"seed_played":"517906786769245107","potions_obtained":[{"floor":1,"key":"blueLaboratory:HorrorPotion"},{"floor":3,"key":"blueLaboratory:BottleOfVodka"},{"floor":6,"key":"AttackPotion"}],"is_trial":false,"path_per_floor":["M","?","M","?","$","E","R","?","T","E","M","?","E"],"character_chosen":"THE_CASTER","items_purchased":[],"campfire_rested":0,"item_purchase_floors":[],"current_hp_per_floor":[60,59,59,59,59,43,43,43,43,27,21,21,0,0],"gold":181,"neow_bonus":"THREE_RARE_CARDS","is_daily":false,"chose_seed":false,"campfire_upgraded":1,"win_rate":0.0,"timestamp":1611121163,"path_taken":["M","?","M","?","$","E","R","?","T","E","?","?","E"],"items_purchased_type":[],"build_version":"2020-12-18","purchased_purges":1,"victory":false,"max_hp_per_floor":[64,59,59,59,59,59,59,59,59,59,59,59,59,59],"relic_stats":{"Centennial Puzzle":[6],"Torii":2,"counters":[6,35],"Golden Idol":23,"obtain_stats":[{"Centennial Puzzle":10,"Torii":6,"Golden Idol":2,"Bag of Marbles":9,"EVO:Axolotl":0,"halation:StarCompass":12,"caster:MagicBook":0},{"Centennial Puzzle":4,"Torii":3,"Golden Idol":1,"Bag of Marbles":3,"EVO:Axolotl":0,"halation:StarCompass":5,"caster:MagicBook":0},{"Centennial Puzzle":24,"Torii":17,"Golden Idol":5,"Bag of Marbles":17,"EVO:Axolotl":0,"halation:StarCompass":29,"caster:MagicBook":0}]},"card_choices":[{"not_picked":["caster:Susanoo","caster:Ifrit"],"picked":"caster:SunGoddessAmaterasu","floor":0},{"not_picked":["caster:MagicWeapon","caster:Illusion"],"picked":"caster:Eruption","floor":1},{"not_picked":["caster:FrostDriver","caster:MagicBarrier"],"picked":"caster:Eruption","floor":3},{"not_picked":["caster:QuickCast","caster:Embers"],"picked":"caster:Sandstorm","floor":6},{"not_picked":["caster:FireWall","caster:Sleet"],"picked":"caster:Rectify","floor":10},{"not_picked":["caster:Fissure","caster:MagicWeapon","caster:Sandstorm"],"picked":"SKIP","floor":11}],"player_experience":487812,"relics_obtained":[{"floor":6,"key":"Torii"},{"floor":9,"key":"Bag of Marbles"},{"floor":10,"key":"Centennial Puzzle"}],"event_choices":[{"damage_healed":0,"gold_gain":0,"player_choice":"Lose Max HP","damage_taken":0,"relics_obtained":["Golden Idol"],"max_hp_gain":0,"max_hp_loss":5,"event_name":"Golden Idol","floor":2,"gold_loss":0},{"damage_healed":0,"gold_gain":100,"player_choice":"Pray","damage_taken":0,"max_hp_gain":0,"max_hp_loss":0,"event_name":"Golden Shrine","floor":4,"gold_loss":0}],"is_beta":true,"boss_relics":[],"items_purged_floors":[5],"is_endless":false,"potions_floor_spawned":[1,3,6],"killed_by":"Gremlin Nob","ascension_level":0}}