{"host":"7k7fhzlbqzyu5ijh","time":1611105922,"event":{"mods":["AchievementEnabler","BaseMod","Bestiary","Colored Powertips","Filter the Spire","Highlight Path","Minty Spire (QoL Compilation)","Potion Indicator Mod","RNG Fix","Random Character Button","Relic Stats"],"gold_per_floor":[118,118,134,146,21,21,47,47,47,47,47,47],"floor_reached":11,"language":"ENG","playtime":417,"items_purged":["Pain"],"score":99,"play_id":"e1214b89-54e4-4647-9f00-469b4670a7e8","local_time":"20210119202522","is_ascension_mode":true,"campfire_choices":[{"data":"Streamline","floor":6,"key":"SMITH"},{"data":"Recycle","floor":10,"key":"SMITH"}],"circlet_count":0,"master_deck":["Strike_B","Strike_B","Strike_B","Strike_B","Defend_B","Defend_B","Defend_B","Defend_B","Zap","Dualcast","Compile Driver","Chaos","Streamline+1","Recycle+1"],"relics":["Cracked Core","WarpedTongs","White Beast Statue","Pantograph"],"acts_visited":["Exordium"],"potions_floor_usage":[1,7,7],"damage_taken":[{"damage":8,"enemies":"Small Slimes","floor":1,"turns":3},{"damage":7,"enemies":"Cultist","floor":3,"turns":4},{"damage":4,"enemies":"2 Louse","floor":4,"turns":2},{"damage":12,"enemies":"3 Sentries","floor":7,"turns":4},{"damage":40,"enemies":"Gremlin Nob","floor":11,"turns":3}],"seed_played":"-8088431921269229747","potions_obtained":[{"floor":0,"key":"ColorlessPotion"},{"floor":0,"key":"Explosive Potion"},{"floor":0,"key":"SpeedPotion"}],"is_trial":false,"path_per_floor":["M","?","M","M","$","R","E","?","T","R","E"],"character_chosen":"DEFECT","items_purchased":["Streamline"],"campfire_rested":0,"item_purchase_floors":[5],"current_hp_per_floor":[60,60,53,49,49,49,37,30,30,30,0,0],"gold":47,"neow_bonus":"THREE_SMALL_POTIONS","is_daily":false,"chose_seed":false,"campfire_upgraded":2,"win_rate":0.0,"timestamp":1611105922,"path_taken":["M","?","M","M","$","R","E","?","T","R","E"],"items_purchased_type":["Card"],"build_version":"2020-12-22","purchased_purges":1,"victory":false,"max_hp_per_floor":[75,75,75,75,75,75,75,75,75,75,75,75],"relic_stats":{"counters":[5,16],"Pantograph":0,"obtain_stats":[{"Pantograph":9,"Cracked Core":0,"White Beast Statue":7,"WarpedTongs":2},{"Pantograph":4,"Cracked Core":0,"White Beast Statue":4,"WarpedTongs":1},{"Pantograph":13,"Cracked Core":0,"White Beast Statue":13,"WarpedTongs":3}],"WarpedTongs":[13]},"card_choices":[{"not_picked":["Redo","Storm","Stack"],"picked":"SKIP","floor":1},{"not_picked":["Storm","Aggregate"],"picked":"Compile Driver","floor":3},{"not_picked":["Gash","Force Field"],"picked":"Chaos","floor":4},{"not_picked":["Tempest","Fusion"],"picked":"Recycle","floor":7}],"player_experience":476864,"relics_obtained":[{"floor":7,"key":"White Beast Statue"},{"floor":9,"key":"Pantograph"}],"event_choices":[{"damage_healed":0,"gold_gain":0,"player_choice":"Rummage","damage_taken":0,"relics_obtained":["WarpedTongs"],"max_hp_gain":0,"max_hp_loss":0,"event_name":"Accursed Blacksmith","floor":2,"gold_loss":0,"cards_obtained":["Pain"]},{"damage_healed":0,"gold_gain":0,"player_choice":"Damaged","damage_taken":7,"max_hp_gain":0,"max_hp_loss":0,"event_name":"Wheel of Change","floor":8,"gold_loss":0}],"is_beta":false,"boss_relics":[],"items_purged_floors":[5],"is_endless":false,"potions_floor_spawned":[],"killed_by":"Gremlin Nob","ascension_level":8}}