{"host":"txhhdwa0hqfs4jhb","time":1611170906,"event":{"mods":["BaseMod","Better Third Choice","Filter the Spire","Fox Events","Minty Spire (QoL Compilation)","Relic Stats","Replay The Spire","StSLib","Thieving Mod"],"gold_per_floor":[116,116,116,132,132,159,159,194,194,194,119,119,144,155,155,232,232,252,252,263,296,350,350,365,365,389,389,389,418,428,159,159,235,235,248,248,470,502,518,544,559,108,108,108,137,137,154,173,173,173],"floor_reached":51,"language":"ENG","playtime":4131,"items_purged":["Strike_G","Strike_G","Strike_G+1"],"score":1180,"play_id":"cd442c7d-2925-4b23-814b-facddc760287","local_time":"20210120192826","is_ascension_mode":true,"campfire_choices":[{"data":"Neutralize","floor":7.0,"key":"SMITH"},{"data":"Doppelganger","floor":10.0,"key":"SMITH"},{"data":"Heel Hook","floor":12.0,"key":"SMITH"},{"floor":15.0,"key":"DIG"},{"data":"Choke","floor":23,"key":"SMITH"},{"data":"Heel Hook","floor":25,"key":"SMITH"},{"floor":28,"key":"REST"},{"data":"Adrenaline","floor":32,"key":"SMITH"},{"floor":44,"key":"REST"},{"data":"Acrobatics","floor":46,"key":"SMITH"},{"floor":49,"key":"REST"}],"circlet_count":0,"master_deck":["AscendersBane","Defend_G","Defend_G","Defend_G","Survivor","Neutralize+1","ReplayTheSpireMod:Tripwire+1","Heel Hook+1","Underhanded Strike+1","Heel Hook+1","Heel Hook+1","Doppelganger+1","Adrenaline+1","Heel Hook+1","Choke+1","Acrobatics+1"],"relics":["Astrolabe","Eternal Feather","Strawberry","Boot","Replay:Bottled Snecko","Du-Vu Doll","Centennial Puzzle","Letter Opener","Sozu","Red Mask","Pen Nib","ReplayTheSpireMod:TigerMarble","Ninja Scroll","Lee\u0027s Waffle","Ring of Chaos","Dream Catcher","Whetstone","Mango","Blue Candle","Snake Skull"],"acts_visited":["Exordium","TheCity","TheBeyond"],"potions_floor_usage":[],"damage_taken":[{"damage":3.0,"enemies":"Jaw Worm","floor":1.0,"turns":3.0},{"damage":0.0,"enemies":"2 Louse","floor":4.0,"turns":3.0},{"damage":0.0,"enemies":"Lagavulin","floor":6.0,"turns":5.0},{"damage":30.0,"enemies":"3 Sentries","floor":8.0,"turns":9.0},{"damage":0.0,"enemies":"Lagavulin","floor":13.0,"turns":4.0},{"damage":7.0,"enemies":"Small Slimes","floor":14.0,"turns":2.0},{"damage":10.0,"enemies":"Fading Forest","floor":16.0,"turns":11.0},{"damage":1.0,"enemies":"3 Byrds","floor":18.0,"turns":3.0},{"damage":0,"enemies":"Spheric Guardian","floor":20,"turns":3},{"damage":34,"enemies":"Masked Bandits","floor":21,"turns":4},{"damage":0,"enemies":"Centurion and Healer","floor":24,"turns":3},{"damage":3,"enemies":"Gremlin Leader","floor":29,"turns":2},{"damage":0,"enemies":"Snecko","floor":30,"turns":2},{"damage":76,"enemies":"Automaton","floor":33,"turns":8},{"damage":4,"enemies":"3 Shapes","floor":35,"turns":1},{"damage":0,"enemies":"3 Darklings","floor":39,"turns":3},{"damage":10,"enemies":"Nemesis","floor":40,"turns":3},{"damage":0,"enemies":"Transient","floor":41,"turns":5},{"damage":16,"enemies":"Giant Head","floor":45,"turns":3},{"damage":0,"enemies":"Sphere and 2 Shapes","floor":47,"turns":3},{"damage":0,"enemies":"3 Darklings","floor":48,"turns":2},{"damage":25,"enemies":"Replay:Hell Engine","floor":50,"turns":2}],"seed_played":"-7632164900212558232","potions_obtained":[{"floor":1.0,"key":"DistilledChaos"},{"floor":4.0,"key":"BlessingOfTheForge"},{"floor":8.0,"key":"FearPotion"}],"is_trial":false,"path_per_floor":["M","?","?","M","?","E","R","E","T","R","$","R","E","M","R","B",null,"M","?","M","?","T","R","M","R","T","?","R","E","M","$","R","B",null,"M","?","?","?","M","E","M","$","T","R","E","R","M","M","R","B",null],"character_chosen":"THE_SILENT","items_purchased":["Lee\u0027s Waffle","Mango"],"campfire_rested":3,"item_purchase_floors":[31,42],"current_hp_per_floor":[56,49,38,38,43,50,56,26,26,35,35,41,41,34,40,30,66,65,65,65,31,31,40,40,49,49,27,60,57,57,90,90,14,71,67,67,67,31,31,21,21,35,35,75,59,68,68,68,104,79],"gold":173,"neow_bonus":"BOSS_RELIC","is_daily":false,"chose_seed":false,"campfire_upgraded":7,"win_rate":0.0,"timestamp":1611170906,"path_taken":["M","?","?","M","?","E","R","E","T","R","?","R","E","M","R","BOSS","M","?","?","?","?","R","M","R","T","?","R","E","?","?","R","BOSS","M","?","?","?","M","E","M","$","T","R","E","R","M","M","R","BOSS"],"items_purchased_type":["Relic","Relic"],"build_version":"2020-12-22","purchased_purges":3,"victory":true,"max_hp_per_floor":[66,66,66,66,71,78,78,78,78,78,78,78,78,78,78,78,78,78,78,78,78,78,78,78,78,78,83,83,83,83,90,90,90,90,90,90,90,90,90,90,90,104,104,104,104,104,104,104,104,104],"relic_stats":{"Lee\u0027s Waffle":33,"counters":[22,84],"Astrolabe":["ReplayTheSpireMod:Tripwire","Heel Hook","Underhanded Strike"],"Blue Candle":[0],"Eternal Feather":81,"Pen Nib":[25],"Snake Skull":[0],"Letter Opener":[153],"Whetstone":["Strike_G","Heel Hook"],"Boot":[94],"Sozu":9,"Centennial Puzzle":[30],"Dream Catcher":2,"obtain_stats":[{"Lee\u0027s Waffle":31,"Astrolabe":0,"Blue Candle":43,"Eternal Feather":3,"Mango":42,"Pen Nib":22,"Ring of Chaos":34,"Snake Skull":45,"Letter Opener":15,"Whetstone":40,"Boot":8,"Du-Vu Doll":11,"Sozu":17,"Centennial Puzzle":13,"Dream Catcher":38,"Ninja Scroll":29,"Strawberry":6,"Red Mask":21,"ReplayTheSpireMod:TigerMarble":26,"Replay:Bottled Snecko":9,"Ring of the Snake":0},{"Lee\u0027s Waffle":13,"Astrolabe":0,"Blue Candle":18,"Eternal Feather":1,"Mango":18,"Pen Nib":10,"Ring of Chaos":14,"Snake Skull":19,"Letter Opener":6,"Whetstone":17,"Boot":4,"Du-Vu Doll":4,"Sozu":7,"Centennial Puzzle":5,"Dream Catcher":15,"Ninja Scroll":12,"Strawberry":3,"Red Mask":10,"ReplayTheSpireMod:TigerMarble":11,"Replay:Bottled Snecko":4,"Ring of the Snake":0},{"Lee\u0027s Waffle":54,"Astrolabe":0,"Blue Candle":74,"Eternal Feather":3,"Mango":74,"Pen Nib":47,"Ring of Chaos":62,"Snake Skull":77,"Letter Opener":26,"Whetstone":69,"Boot":20,"Du-Vu Doll":20,"Sozu":37,"Centennial Puzzle":24,"Dream Catcher":63,"Ninja Scroll":52,"Strawberry":11,"Red Mask":47,"ReplayTheSpireMod:TigerMarble":50,"Replay:Bottled Snecko":20,"Ring of the Snake":0}]},"card_choices":[{"not_picked":["ReplayTheSpireMod:Shiv Toss","Underhanded Strike"],"picked":"Heel Hook","floor":1.0},{"not_picked":["Outmaneuver","Bouncing Flask"],"picked":"Heel Hook","floor":4.0},{"not_picked":["Masterful Stab","Replay:Poison Smokescreen","Outmaneuver"],"picked":"SKIP","floor":6.0},{"not_picked":["Prepared","Caltrops"],"picked":"Doppelganger","floor":8.0},{"not_picked":["Deadly Poison","Acrobatics","Flying Knee"],"picked":"SKIP","floor":13.0},{"not_picked":["Toxin Wave","Backflip","Slice"],"picked":"SKIP","floor":14.0},{"not_picked":["After Image","Phantasmal Killer"],"picked":"Adrenaline","floor":16.0},{"not_picked":["Crippling Poison","Outmaneuver"],"picked":"Heel Hook","floor":18.0},{"not_picked":["Riddle With Holes","Deflect","Bane"],"picked":"SKIP","floor":20},{"not_picked":["Acrobatics","PiercingWail"],"picked":"Choke","floor":21},{"not_picked":["Underhanded Strike","Blade Dance","Infinite Blades"],"picked":"SKIP","floor":24},{"not_picked":["ReplayTheSpireMod:Tripwire+1","Quick Slash","Dodge and Roll"],"picked":"SKIP","floor":29},{"not_picked":["Deadly Poison","Bane","Sucker Punch"],"picked":"SKIP","floor":30},{"not_picked":["Cloak And Dagger","Poisoned Stab","Deflect"],"picked":"SKIP","floor":35},{"not_picked":["Backflip","Slice","Well Laid Plans"],"picked":"SKIP","floor":39},{"not_picked":["Tactician","Reflex+1","Blade Dance"],"picked":"SKIP","floor":40},{"not_picked":["Well Laid Plans+1","Storm of Steel"],"picked":"Acrobatics","floor":41},{"not_picked":["Blade Dance","Sucker Punch","Flying Knee"],"picked":"SKIP","floor":45},{"not_picked":["Dagger Throw","ReplayTheSpireMod:Tripwire","Deadly Poison"],"picked":"SKIP","floor":47},{"not_picked":["Sneak Up","Finisher","Prepared"],"picked":"SKIP","floor":48}],"player_experience":277610,"relics_obtained":[{"floor":6.0,"key":"Strawberry"},{"floor":8.0,"key":"Boot"},{"floor":9.0,"key":"Replay:Bottled Snecko"},{"floor":13.0,"key":"Centennial Puzzle"},{"floor":15.0,"key":"Letter Opener"},{"floor":21,"key":"Red Mask"},{"floor":22,"key":"Pen Nib"},{"floor":26,"key":"ReplayTheSpireMod:TigerMarble"},{"floor":29,"key":"Ninja Scroll"},{"floor":38,"key":"Dream Catcher"},{"floor":40,"key":"Whetstone"},{"floor":43,"key":"Blue Candle"},{"floor":45,"key":"Snake Skull"}],"event_choices":[{"cards_removed":["Strike_G"],"damage_healed":0.0,"max_hp_gain":0.0,"max_hp_loss":0.0,"gold_gain":0.0,"event_name":"Golden Wing","player_choice":"Card Removal","floor":2.0,"gold_loss":0.0,"damage_taken":7.0},{"damage_healed":0.0,"max_hp_gain":0.0,"max_hp_loss":0.0,"gold_gain":0.0,"event_name":"betterThird:BetterScrap","player_choice":"Relic ","floor":3.0,"gold_loss":0.0,"damage_taken":11.0,"cards_obtained":["Replay:Anticipation"]},{"damage_healed":0.0,"max_hp_gain":5.0,"max_hp_loss":0.0,"gold_gain":0.0,"event_name":"Big Fish","player_choice":"Donut","floor":5.0,"gold_loss":0.0,"damage_taken":0.0},{"damage_healed":0,"gold_gain":0,"player_choice":"Ignored","damage_taken":0,"max_hp_gain":0,"max_hp_loss":0,"event_name":"The Mausoleum","floor":19,"gold_loss":0},{"damage_healed":0,"gold_gain":0,"player_choice":"Fought Bandits","damage_taken":0,"max_hp_gain":0,"max_hp_loss":0,"event_name":"Masked Bandits","floor":21,"gold_loss":0},{"damage_healed":0,"gold_gain":0,"player_choice":"Shed Blood","damage_taken":27,"max_hp_gain":5,"max_hp_loss":0,"event_name":"Forgotten Altar","floor":27,"gold_loss":0},{"damage_healed":0,"gold_gain":222,"player_choice":"Wore Mask","damage_taken":0,"max_hp_gain":0,"max_hp_loss":0,"event_name":"Tomb of Lord Red Mask","floor":37,"gold_loss":0}],"is_beta":false,"boss_relics":[{"not_picked":["Abe\u0027s Treasure","SlaversCollar"],"picked":"Sozu"},{"not_picked":["Snecko Eye","Black Star"],"picked":"Ring of Chaos"}],"items_purged_floors":[11,31,42],"is_endless":false,"potions_floor_spawned":[1,4,8,20,21,24,33,40,41,48],"ascension_level":16}}