{"host":"ml80p9p157c7xd90","time":1611137993,"event":{"mods":["Ascension Unlocker","Aspiration","BaseMod","Bestiary","Better Altar","Better Match","Better Note","Better Sensory Stone","Better Skull","Better Third Choice","Colored Map","Conspire","Dark Map","Downfall","Friendly Minions","Halation","Hubris","Minty Spire (QoL Compilation)","Relic Stats","StSLib","Wandering Minibosses"],"gold_per_floor":[99,99,99,99,99,115,170,197,197,17,17,52,52,78,95,95,95,95],"floor_reached":16,"language":"ENG","playtime":611,"items_purged":[],"score":278,"play_id":"2bc1b0f6-047c-4ec8-8f74-f25f12c0ac45","local_time":"20210120031953","is_ascension_mode":true,"campfire_choices":[{"data":"bronze:Replicate","floor":1,"key":"SMITH"},{"data":"bronze:AlphaBuild","floor":11,"key":"SMITH"},{"floor":13,"key":"REST"}],"circlet_count":0,"master_deck":["AscendersBane","bronze:Strike","bronze:Strike","bronze:Strike","bronze:Strike","bronze:Defend","bronze:Defend","bronze:Defend","bronze:Defend","bronze:Replicate+1","bronze:Goto","bronze:Iterate+1","bronze:FollowUp","bronze:Constructor+1","bronze:AlphaBuild+1","bronze:Iterate+1","bronze:Virus"],"relics":["bronze:BronzeCore","downfall:HeartsMalice","halation:EternalFortune","Nunchaku","conspire:TreasureMap","Vajra","Pear"],"acts_visited":["Exordium"],"potions_floor_usage":[15,16],"damage_taken":[{"damage":0,"enemies":"2 Louse","floor":2,"turns":1},{"damage":0,"enemies":"Small Slimes","floor":3,"turns":1},{"damage":0,"enemies":"Cultist","floor":4,"turns":1},{"damage":3,"enemies":"2 Fungi Beasts","floor":6,"turns":5},{"damage":28,"enemies":"Gremlin Nob","floor":8,"turns":4},{"damage":0,"enemies":"downfall:FleeingMerchant","floor":10,"turns":4},{"damage":17,"enemies":"3 Sentries","floor":12,"turns":9},{"damage":0,"enemies":"Gremlin Nob","floor":14,"turns":2},{"damage":5,"enemies":"Gremlin Gang","floor":15,"turns":2},{"damage":39,"enemies":"WA_ARCHETYPE_RETAIN","floor":16,"turns":9}],"seed_played":"-8436275106917134303","potions_obtained":[{"floor":8,"key":"Energy Potion"},{"floor":12,"key":"bronze:FreeFunctionsPotion"},{"floor":14,"key":"EssenceOfSteel"},{"floor":15,"key":"GamblersBrew"}],"is_trial":false,"path_per_floor":["R","M","M","M","?","M","T","E","?","$","R","E","R","E","M","B"],"character_chosen":"THE_AUTOMATON","items_purchased":["conspire:TreasureMap"],"campfire_rested":1,"item_purchase_floors":[10],"current_hp_per_floor":[57,57,57,57,60,57,57,32,32,32,32,15,35,45,40,1,1,1],"gold":95,"neow_bonus":"THREE_ENEMY_KILL","is_daily":false,"chose_seed":false,"campfire_upgraded":2,"win_rate":0.0,"timestamp":1611137993,"path_taken":["R","M","M","M","?","M","T","E","?","$","R","E","R","E","M","BOSS"],"items_purchased_type":["Relic"],"build_version":"2020-12-22","purchased_purges":0,"victory":false,"max_hp_per_floor":[63,63,63,63,66,66,66,69,69,69,69,69,69,79,79,79,79,79],"relic_stats":{"Nunchaku":[5],"counters":[10,35],"obtain_stats":[{"Nunchaku":8,"conspire:TreasureMap":10,"bronze:BronzeCore":0,"Pear":14,"halation:EternalFortune":5,"Vajra":12,"downfall:HeartsMalice":0},{"Nunchaku":5,"conspire:TreasureMap":6,"bronze:BronzeCore":0,"Pear":8,"halation:EternalFortune":3,"Vajra":7,"downfall:HeartsMalice":0},{"Nunchaku":9,"conspire:TreasureMap":13,"bronze:BronzeCore":0,"Pear":24,"halation:EternalFortune":0,"Vajra":22,"downfall:HeartsMalice":0}]},"card_choices":[{"not_picked":["bronze:Optimize","bronze:Invalidate"],"picked":"bronze:Iterate","floor":2},{"not_picked":["bronze:Overheat","bronze:BuggyMess"],"picked":"bronze:FollowUp","floor":3},{"not_picked":["bronze:Shield","bronze:Frontload"],"picked":"bronze:Constructor","floor":4},{"not_picked":["bronze:Repair","bronze:Branch"],"picked":"bronze:AlphaBuild","floor":6},{"not_picked":["bronze:Invalidate","bronze:SpaghettiCode"],"picked":"bronze:Iterate","floor":8},{"not_picked":["bronze:DelayedSlice","bronze:BuggyMess","bronze:WhirlingStrike"],"picked":"SKIP","floor":10},{"not_picked":["bronze:BuggyMess","bronze:CutThrough","bronze:Allocate"],"picked":"SKIP","floor":12},{"not_picked":["bronze:Turbo","bronze:MaxOutput"],"picked":"bronze:Virus","floor":14},{"not_picked":["bronze:OilSpill","bronze:BuggyMess","bronze:FineTuning"],"picked":"SKIP","floor":15}],"player_experience":445223,"relics_obtained":[{"floor":8,"key":"halation:EternalFortune"},{"floor":8,"key":"Nunchaku"},{"floor":12,"key":"Vajra"},{"floor":14,"key":"Pear"}],"event_choices":[],"is_beta":false,"boss_relics":[],"items_purged_floors":[],"is_endless":false,"potions_floor_spawned":[8,12,14,15],"killed_by":"WA_ARCHETYPE_RETAIN","ascension_level":20}}