{"host":"qekv59dthhdg54sz","time":1611118002,"event":{"mods":["AchievementEnabler","BaseMod","Colored Map","DeckTracker","KOR Keyword Fix","Minty Spire (QoL Compilation)","Rare Cards Sparkle","StSLib","SuperFastMode"],"gold_per_floor":[119,119,132,51,67,98,116,129,129,187,187,112,127,137,137,210,210,230,35,35,35,52,82,82,82,82],"floor_reached":25,"language":"KOR","playtime":471,"items_purged":["Strike_P"],"score":596,"play_id":"6183e4fb-bfaa-4183-9a63-b81aeb19cdd3","local_time":"20210120134642","is_ascension_mode":true,"campfire_choices":[{"data":"BattleHymn","floor":11.0,"key":"SMITH"},{"data":"MentalFortress","floor":15.0,"key":"SMITH"},{"floor":24,"key":"REST"}],"circlet_count":0,"master_deck":["AscendersBane","Strike_P","Strike_P","Strike_P","Defend_P","Defend_P","Defend_P","Defend_P","Eruption+1","Vigilance","BattleHymn+1","Meditate","Tantrum","WheelKick","EmptyMind","MentalFortress+1","Establishment"],"relics":["Cursed Key","Tiny Chest","Bag of Marbles","Pen Nib","SlaversCollar","Membership Card","MutagenicStrength","Letter Opener"],"acts_visited":["Exordium","TheCity"],"potions_floor_usage":[25],"damage_taken":[{"damage":7.0,"enemies":"Cultist","floor":1.0,"turns":4.0},{"damage":0.0,"enemies":"2 Louse","floor":3.0,"turns":3.0},{"damage":7.0,"enemies":"Jaw Worm","floor":5.0,"turns":2.0},{"damage":0.0,"enemies":"Lagavulin","floor":6.0,"turns":4.0},{"damage":8.0,"enemies":"Blue Slaver","floor":7.0,"turns":2.0},{"damage":0.0,"enemies":"Exordium Thugs","floor":8.0,"turns":3.0},{"damage":3.0,"enemies":"Gremlin Nob","floor":10.0,"turns":3.0},{"damage":0.0,"enemies":"Large Slime","floor":13.0,"turns":3.0},{"damage":6.0,"enemies":"Red Slaver","floor":14.0,"turns":2.0},{"damage":0.0,"enemies":"Slime Boss","floor":16.0,"turns":4.0},{"damage":29.0,"enemies":"Shell Parasite","floor":18.0,"turns":3.0},{"damage":6.0,"enemies":"3 Byrds","floor":22.0,"turns":4.0},{"damage":33,"enemies":"Gremlin Leader","floor":23,"turns":5},{"damage":26,"enemies":"Slavers","floor":25,"turns":2}],"seed_played":"-3994001594899875522","potions_obtained":[{"floor":1.0,"key":"Regen Potion"},{"floor":3.0,"key":"Energy Potion"},{"floor":13.0,"key":"Regen Potion"}],"is_trial":false,"path_per_floor":["M","?","M","$","M","E","M","M","T","?","R","?","M","M","R","B",null,"M","$","?","T","M","E","R","E"],"character_chosen":"WATCHER","items_purchased":["Meditate","Membership Card"],"campfire_rested":1,"item_purchase_floors":[4,19],"current_hp_per_floor":[54,54,54,54,47,47,39,39,39,45,45,45,45,39,39,39,61,32,32,32,32,38,5,25,0,0],"gold":82,"neow_bonus":"BOSS_RELIC","is_daily":false,"chose_seed":false,"campfire_upgraded":2,"win_rate":0.0,"timestamp":1611118002,"path_taken":["M","?","M","$","M","E","M","M","T","?","R","?","M","M","R","BOSS","M","$","?","?","M","E","R","E"],"items_purchased_type":["Card","Relic"],"build_version":"2020-12-22","purchased_purges":1,"victory":false,"max_hp_per_floor":[68,68,68,68,68,68,68,68,68,68,68,68,68,68,68,68,68,68,68,68,68,68,68,68,68,68],"card_choices":[{"not_picked":["Nirvana","JustLucky"],"picked":"BattleHymn","floor":1.0},{"not_picked":["PathToVictory","CutThroughFate","Protect"],"picked":"SKIP","floor":3.0},{"not_picked":["Crescendo","BowlingBash","Wireheading"],"picked":"SKIP","floor":5.0},{"not_picked":["JustLucky","WindmillStrike"],"picked":"Tantrum","floor":6.0},{"not_picked":["FollowUp","Worship"],"picked":"WheelKick","floor":7.0},{"not_picked":["Consecrate","EmptyFist"],"picked":"EmptyMind","floor":8.0},{"not_picked":["EmptyBody","FearNoEvil"],"picked":"MentalFortress","floor":13.0},{"not_picked":["EmptyMind","ConjureBlade","Prostrate"],"picked":"SKIP","floor":14.0},{"not_picked":["LessonLearned","Omniscience"],"picked":"Establishment","floor":16.0},{"not_picked":["Indignation","Vengeance","Crescendo"],"picked":"SKIP","floor":18.0},{"not_picked":["SignatureMove","WreathOfFlame","FollowUp"],"picked":"SKIP","floor":22.0},{"not_picked":["Meditate","SignatureMove","Wireheading"],"picked":"SKIP","floor":23}],"player_experience":782817,"relics_obtained":[{"floor":6.0,"key":"Tiny Chest"},{"floor":9.0,"key":"Bag of Marbles"},{"floor":10.0,"key":"Pen Nib"},{"floor":23,"key":"Letter Opener"}],"event_choices":[{"damage_healed":0.0,"max_hp_gain":0.0,"max_hp_loss":0.0,"gold_gain":0.0,"event_name":"Living Wall","player_choice":"Grow","floor":2.0,"gold_loss":0.0,"damage_taken":0.0,"cards_upgraded":["Eruption"]},{"damage_healed":0.0,"max_hp_gain":0.0,"max_hp_loss":0.0,"gold_gain":0.0,"event_name":"Dead Adventurer","player_choice":"Searched \u00272\u0027 times","floor":10.0,"gold_loss":0.0,"damage_taken":0.0},{"cards_removed":["Writhe"],"damage_healed":0.0,"max_hp_gain":0.0,"max_hp_loss":0.0,"gold_gain":0.0,"event_name":"The Cleric","player_choice":"Card Removal","floor":12.0,"gold_loss":75.0,"damage_taken":0.0},{"damage_healed":0.0,"max_hp_gain":0.0,"max_hp_loss":0.0,"gold_gain":0.0,"event_name":"Drug Dealer","player_choice":"Inject Mutagens","floor":20.0,"gold_loss":0.0,"damage_taken":0.0,"relics_obtained":["MutagenicStrength"]}],"is_beta":false,"boss_relics":[{"not_picked":["Fusion Hammer","Sozu"],"picked":"SlaversCollar"}],"items_purged_floors":[19],"is_endless":false,"potions_floor_spawned":[1,3,6,13,14,18],"killed_by":"Slavers","ascension_level":20}}