{"host":"7tqog9fnhs0gxmti","time":1611132472,"event":{"mods":["AchievementEnabler","Act Like it!","Astrologer","BaseMod","Beaked The Cultist","CapriCore","Colored Map","Colored Powertips","Hermit","Highlight Path","Minty Spire (QoL Compilation)","Quick Restart","Random Character Button","Rare Cards Sparkle","Robot Space Explorer","Somnambulant","StSLib","The Blackbeard","The Bug Knight","The Construct","The Cursed","The Disciple","The Gatherer","The Hayseed","The Immortal","The Marked","Wandering Minibosses","everything is the same but u backflip on backflip"],"gold_per_floor":[112,124,124,137,312,312,339,339,339,339,355,355,375,187,187,187,187],"floor_reached":16,"language":"ENG","playtime":478,"items_purged":["Doubt"],"score":100,"play_id":"d609baf3-f9fc-443d-9c5d-8b8dc7f0251c","local_time":"20210120164752","is_ascension_mode":false,"campfire_choices":[{"data":"theMarked:SoldierOfQuellstein","floor":6,"key":"SMITH"},{"data":"theMarked:StartUp","floor":12,"key":"SMITH"},{"floor":15,"key":"REST"}],"circlet_count":0,"master_deck":["theMarked:Strike","theMarked:Strike","theMarked:Strike","theMarked:Strike","theMarked:Strike","theMarked:Defend","theMarked:Defend","theMarked:Defend+1","theMarked:Defend","theMarked:SoldierOfQuellstein+1","theMarked:Aftermath+1","theMarked:ShockingTouch","theMarked:SwordAndMagic","theMarked:Reabsorb+1","theMarked:StartUp+1","theMarked:PowerFlow","theMarked:HeritageOfTheMarked","theMarked:AttractMetal"],"relics":["theMarked:ArtifactOfAir","NeowsBlessing","StrikeDummy","Omamori"],"acts_visited":["Exordium"],"potions_floor_usage":[7,16,16],"damage_taken":[{"damage":0,"enemies":"Jaw Worm","floor":1,"turns":1},{"damage":0,"enemies":"2 Louse","floor":2,"turns":1},{"damage":0,"enemies":"Small Slimes","floor":4,"turns":1},{"damage":26,"enemies":"3 Sentries","floor":7,"turns":6},{"damage":2,"enemies":"3 Louse","floor":11,"turns":2},{"damage":7,"enemies":"Blue Slaver","floor":13,"turns":2},{"damage":45,"enemies":"The Guardian","floor":16,"turns":8}],"seed_played":"3838168844605822597","potions_obtained":[{"floor":1,"key":"SteroidPotion"},{"floor":2,"key":"construct:ShiftPotion"},{"floor":4,"key":"Fire Potion"},{"floor":7,"key":"SteroidPotion"}],"is_trial":false,"path_per_floor":["M","M","?","M","?","R","E","?","T","?","M","R","M","$","R","B"],"character_chosen":"THE_DEFAULT","items_purchased":["theMarked:HeritageOfTheMarked","theMarked:AttractMetal"],"campfire_rested":1,"item_purchase_floors":[14,14],"current_hp_per_floor":[70,70,70,70,70,70,44,30,30,30,28,28,21,21,42,0,0],"gold":187,"neow_bonus":"THREE_ENEMY_KILL","is_daily":false,"chose_seed":false,"campfire_upgraded":2,"win_rate":0.0,"timestamp":1611132472,"path_taken":["M","M","?","M","?","R","E","?","T","?","M","R","?","$","R","BOSS"],"items_purchased_type":["Card","Card"],"build_version":"2020-12-22","purchased_purges":1,"victory":false,"max_hp_per_floor":[70,70,70,70,70,70,70,70,70,70,70,70,70,70,70,70,70],"card_choices":[{"not_picked":["theMarked:CreepingChasm","theMarked:KeepCalmAndFightOn"],"picked":"theMarked:Aftermath","floor":1},{"not_picked":["theMarked:ElectricStrings","theMarked:HeightenedSenses"],"picked":"theMarked:ShockingTouch","floor":2},{"not_picked":["theMarked:ContemptForTheProud","theMarked:RepellingDischarge"],"picked":"theMarked:SwordAndMagic","floor":4},{"not_picked":["theMarked:DispelDoubt","theMarked:TwofoldDefense"],"picked":"theMarked:Reabsorb","floor":7},{"not_picked":["theMarked:Static","theMarked:Reabsorb"],"picked":"theMarked:StartUp","floor":11},{"not_picked":["theMarked:StartUp","theMarked:TwofoldDefense"],"picked":"theMarked:PowerFlow","floor":13}],"player_experience":834022,"relics_obtained":[{"floor":7,"key":"StrikeDummy"},{"floor":9,"key":"Omamori"}],"event_choices":[{"damage_healed":0,"gold_gain":0,"player_choice":"Leave","damage_taken":0,"max_hp_gain":0,"max_hp_loss":0,"event_name":"The Cleric","floor":3,"gold_loss":0},{"damage_healed":0,"gold_gain":175,"player_choice":"AGREE","damage_taken":0,"max_hp_gain":0,"max_hp_loss":0,"event_name":"Liars Game","floor":5,"gold_loss":0,"cards_obtained":["Doubt"]},{"damage_healed":0,"gold_gain":0,"player_choice":"Entered Light","damage_taken":14,"max_hp_gain":0,"max_hp_loss":0,"event_name":"Shining Light","floor":8,"gold_loss":0,"cards_upgraded":["theMarked:Reabsorb","theMarked:Defend"]},{"damage_healed":0,"gold_gain":0,"player_choice":"Grow","damage_taken":0,"max_hp_gain":0,"max_hp_loss":0,"event_name":"Living Wall","floor":10,"gold_loss":0,"cards_upgraded":["theMarked:Aftermath"]}],"is_beta":false,"boss_relics":[],"items_purged_floors":[14],"is_endless":false,"potions_floor_spawned":[1,2,4,7],"killed_by":"The Guardian","ascension_level":0}}