{"host":"neshiy0twyn5josp","time":1611154345,"event":{"mods":["AchievementEnabler","Act Like it!","AlwaysNeverKeys","Aspiration","BaseMod","Better Note","Better Silent Start","Better Third Choice","Challenge The Spire","Colored Powertips","Conspire","Emptier Cage","Energized Spire","GifTheSpireLib","Hubris","Minty Spire (QoL Compilation)","Permanent Neow","Quick Restart","Rare Cards Sparkle","Replay The Spire","Reworked Bosses","Spicy Shops","StS++","StSLib","Stuff the Spire"],"gold_per_floor":[111,111,111,91,91,91,118,118,118,132,148,16,16,16,16,145,145,164,35,110,131,41,59,102,102,102,115,139,139,153,153,153,153,153,276,276,291,10,10,30,30,30,30],"floor_reached":42,"language":"ENG","playtime":2464,"items_purged":["Regret","Injury","Injury","Strike_G"],"score":563,"play_id":"5821c743-cf09-4196-b545-876ab7134fcf","local_time":"20210120065225","is_ascension_mode":true,"campfire_choices":[{"data":"StSpp:ChainedTrap","floor":6,"key":"SMITH"},{"data":"Neutralize","floor":8,"key":"SMITH"},{"data":"Noxious Fumes","floor":25,"key":"SMITH"},{"data":"Survivor","floor":29,"key":"SMITH"},{"floor":34,"key":"REST"}],"circlet_count":0,"master_deck":["Strike_G","Strike_G","Defend_G","Defend_G","Defend_G+1","Defend_G","Survivor+1","Neutralize+1","StSpp:ChainedTrap+1","StuffTheSpire:Sprint+1","Pot Of Greed+1","Pot Of Greed+1","StSpp:Dive+1","Footwork+1","Noxious Fumes+1","StSpp:ChainedTrap+1","Toxin Wave+1","StuffTheSpire:MirrorStance+1","Caltrops","Fluid Movement","Pot Of Greed+1"],"relics":["Ring of the Snake","NeowsBlessing","Iron Hammer","Toxic Egg 2","betterThird:SlimedRelic","hubris:Towel","Grinning Jar","hubris:CrystalStatue","StuffTheSpire:RedRose","Golden Idol","aspiration:RunicSpoon","StSpp:SailorCap","Blue Candle","Meat on the Bone","ReplayTheSpireMod:Shallot","hubris:HollowSoul","Lee\u0027s Waffle"],"acts_visited":["Exordium","TheCity","TheBeyond"],"potions_floor_usage":[16,35],"damage_taken":[{"damage":0,"enemies":"Cultist","floor":1,"turns":1},{"damage":0,"enemies":"Gremlin Nob","floor":7,"turns":1},{"damage":0,"enemies":"2 Louse","floor":10,"turns":1},{"damage":4,"enemies":"Small Slimes","floor":11,"turns":3},{"damage":15,"enemies":"Hexaghost","floor":16,"turns":9},{"damage":12,"enemies":"Spheric Guardian","floor":18,"turns":6},{"damage":14,"enemies":"Chosen","floor":21,"turns":6},{"damage":0,"enemies":"Snake Plant","floor":23,"turns":5},{"damage":0,"enemies":"Book of Stabbing","floor":24,"turns":7},{"damage":0,"enemies":"Centurion and Healer","floor":27,"turns":6},{"damage":10,"enemies":"Chosen and Byrds","floor":28,"turns":7},{"damage":22,"enemies":"Snecko","floor":30,"turns":8},{"damage":12,"enemies":"bossMod:newCollector","floor":35,"turns":12},{"damage":24,"enemies":"3 Darklings","floor":37,"turns":5},{"damage":18,"enemies":"Orb Walker","floor":40,"turns":6},{"damage":47,"enemies":"Giant Head","floor":42,"turns":9}],"seed_played":"3386336470571218234","potions_obtained":[{"floor":1,"key":"Swift Potion"},{"floor":7,"key":"Venom Potion"},{"floor":20,"key":"CunningPotion"},{"floor":21,"key":"SteroidPotion"},{"floor":24,"key":"Fire Potion"},{"floor":30,"key":"Dexterity Potion"},{"floor":37,"key":"DuplicationPotion"}],"is_trial":false,"path_per_floor":["M","?","?","?","?","R","E","R","T","M","M","$","?","?","R","B",null,"M","$","?","M","?","M","E","R","T","M","M","R","M","$","PTL","PTL","R","B",null,"M","$","?","M","?","E"],"character_chosen":"THE_SILENT","items_purchased":["Noxious Fumes","StSpp:SailorCap","Caltrops","Lee\u0027s Waffle"],"campfire_rested":1,"item_purchase_floors":[12,19,38,38],"current_hp_per_floor":[70,70,70,59,59,59,59,59,59,59,55,55,55,55,70,55,70,58,58,41,27,27,27,27,27,27,39,41,41,31,15,15,15,36,36,70,46,77,77,59,59,12,12],"gold":30,"neow_bonus":"THREE_ENEMY_KILL","is_daily":false,"chose_seed":false,"campfire_upgraded":4,"win_rate":0.0,"timestamp":1611154345,"path_taken":["M","?","?","?","?","R","E","R","T","?","?","$","?","?","R","BOSS","M","$","?","M","?","M","E","R","T","?","?","R","M","?","PTL","PTL","R","BOSS","M","$","?","M","?","E"],"items_purchased_type":["Card","Relic","Card","Relic"],"build_version":"2020-12-22","purchased_purges":4,"victory":false,"max_hp_per_floor":[70,70,70,70,70,70,70,70,70,70,70,70,70,70,70,70,70,70,70,70,70,70,70,70,70,70,70,70,70,70,70,70,70,70,70,70,70,77,77,77,77,77,77],"card_choices":[{"not_picked":["StuffTheSpire:ClusterCrunch","ReplayTheSpireMod:Exploit Weakness"],"picked":"StSpp:ChainedTrap","floor":1},{"not_picked":["Choke","Dagger Spray"],"picked":"StuffTheSpire:Sprint+1","floor":7},{"not_picked":["Sucker Punch","ReplayTheSpireMod:Speed Training+1"],"picked":"StSpp:Dive+1","floor":10},{"not_picked":["Bullet Time+1","StuffTheSpire:Incursion+1"],"picked":"Footwork","floor":11},{"not_picked":["StSpp:TimeParadox+1","Masterful Stab","StuffTheSpire:BumpUp"],"picked":"SKIP","floor":18},{"not_picked":["StuffTheSpire:ClusterCrunch+1","conspire:DoublingDagger+1"],"picked":"StSpp:ChainedTrap+1","floor":21},{"not_picked":["Endless Agony+1","StuffTheSpire:Incursion+1","StuffTheSpire:Injection+1"],"picked":"SKIP","floor":23},{"not_picked":["Sucker Punch+1","Storm of Steel+1","Flying Knee"],"picked":"SKIP","floor":24},{"not_picked":["Sucker Punch+1","Storm of Steel+1","Flying Knee"],"picked":"SKIP","floor":24},{"not_picked":["StuffTheSpire:Python+1","StSpp:TimeParadox+1","StuffTheSpire:ReptileScales+1"],"picked":"SKIP","floor":27},{"not_picked":["Well Laid Plans+1","Dash","Poisoned Stab+1"],"picked":"SKIP","floor":28},{"not_picked":["hubris:SlightOfHand+1","Storm of Steel+1"],"picked":"Toxin Wave+1","floor":30},{"not_picked":["Heel Hook","StuffTheSpire:MirrorStance+1","Quick Slash"],"picked":"SKIP","floor":37},{"not_picked":["Heel Hook","Quick Slash"],"picked":"StuffTheSpire:MirrorStance+1","floor":37},{"not_picked":["Well Laid Plans+1","Poisoned Stab"],"picked":"Fluid Movement","floor":40}],"player_experience":305243,"relics_obtained":[{"floor":7,"key":"Grinning Jar"},{"floor":9,"key":"hubris:CrystalStatue"},{"floor":20,"key":"Blue Candle"},{"floor":24,"key":"Meat on the Bone"},{"floor":26,"key":"ReplayTheSpireMod:Shallot"}],"event_choices":[{"damage_healed":0,"gold_gain":0,"player_choice":"Box","damage_taken":0,"relics_obtained":["Iron Hammer"],"max_hp_gain":0,"max_hp_loss":0,"event_name":"Big Fish","floor":2,"gold_loss":0,"cards_obtained":["Regret"]},{"damage_healed":0,"gold_gain":0,"player_choice":"Slimed","damage_taken":11,"max_hp_gain":0,"max_hp_loss":0,"event_name":"betterThird:BetterGoop","floor":4,"gold_loss":20},{"damage_healed":0,"gold_gain":0,"player_choice":"Take Wound","damage_taken":0,"relics_obtained":["Golden Idol"],"max_hp_gain":0,"max_hp_loss":0,"event_name":"Golden Idol","floor":14,"gold_loss":0,"cards_obtained":["Injury"]},{"cards_removed":["Regret"],"damage_healed":0,"gold_gain":0,"player_choice":"Upgrade and Remove","damage_taken":0,"max_hp_gain":0,"max_hp_loss":0,"event_name":"Designer","floor":22,"gold_loss":90,"cards_upgraded":["Defend_G"]},{"damage_healed":0,"gold_gain":0,"player_choice":"Leave","damage_taken":0,"max_hp_gain":0,"max_hp_loss":0,"event_name":"conspire:Investor","floor":39,"gold_loss":0},{"cards_removed":["Strike_G"],"damage_healed":0,"gold_gain":0,"player_choice":"Removed Attack","damage_taken":0,"max_hp_gain":0,"max_hp_loss":0,"event_name":"Falling","floor":41,"gold_loss":0}],"is_beta":false,"boss_relics":[{"not_picked":["ChewingGum","aspiration:FutureDiary"],"picked":"aspiration:RunicSpoon"},{"not_picked":["aspiration:DefectSkillbook","Replay:Drink Me"],"picked":"hubris:HollowSoul"}],"items_purged_floors":[12,31,31,38],"is_endless":false,"potions_floor_spawned":[1,7,21,24,30,37],"killed_by":"Giant Head","ascension_level":1}}