{"host":"u9h06qdlnp3wgzsw","time":1611182364,"event":{"mods":["Act Like it!","BaseMod","Curses Come First","Downfall","Hallownest","Hermit","Minty Spire (QoL Compilation)","Quick Restart","Rare Cards Sparkle","Shop Mod","StSLib","The Disciple","The Hierophant","The Servant 0.9.4"],"gold_per_floor":[117,117,135,135,151,151,151,151,151,151,169,183,105,135,135,244,244,254,254,284,284,284],"floor_reached":21,"language":"ENG","playtime":1056,"items_purged":[],"score":171,"play_id":"2aeb3943-62a0-41e8-adfe-4f0c747311fa","local_time":"20210120173924","is_ascension_mode":false,"campfire_choices":[{"floor":6,"key":"REST"},{"floor":15,"key":"REST"}],"circlet_count":0,"master_deck":["Strike_Br","Strike_Br","Strike_Br","Strike_Br","Defend_Br","Defend_Br","Defend_Br","SecondHand","PatternShift","OldTimer","LockedBlood","LockedWhetstone","HandsUpC","BiteCommand","LockedMawBank","RageCommand","LockedWarPaint","Writhe","LockedScales"],"relics":["Chronograph","MysticCrockPot","Pantograph","Lantern"],"acts_visited":["Exordium","TheCity"],"potions_floor_usage":[16,16,18,20],"damage_taken":[{"damage":6,"enemies":"2 Louse","floor":1,"turns":4},{"damage":7,"enemies":"Cultist","floor":3,"turns":5},{"damage":9,"enemies":"Jaw Worm","floor":5,"turns":4},{"damage":5,"enemies":"Looter","floor":11,"turns":3},{"damage":9,"enemies":"Large Slime","floor":12,"turns":6},{"damage":14,"enemies":"Blue Slaver","floor":14,"turns":5},{"damage":19,"enemies":"Hexaghost","floor":16,"turns":10},{"damage":31,"enemies":"3 Byrds","floor":18,"turns":6},{"damage":33,"enemies":"Spheric Guardian","floor":20,"turns":6},{"damage":14,"enemies":"Snake Plant","floor":21,"turns":1}],"seed_played":"2897855502860591281","potions_obtained":[{"floor":5,"key":"Slimebound:ThreeZeroPotion"},{"floor":11,"key":"Energy Potion"},{"floor":12,"key":"Dexterity Potion"},{"floor":18,"key":"Block Potion"}],"is_trial":false,"path_per_floor":["M","$","M","?","M","R","?","?","T","?","M","M","$","M","R","B",null,"M","?","M","M"],"character_chosen":"CHRONO_CLASS","items_purchased":["LockedMawBank"],"campfire_rested":2,"item_purchase_floors":[13],"current_hp_per_floor":[59,59,58,52,47,65,32,32,32,32,27,24,24,14,33,45,65,38,38,14,0,0],"gold":284,"neow_bonus":"TRANSFORM_CARD","is_daily":false,"chose_seed":false,"campfire_upgraded":0,"win_rate":0.0,"timestamp":1611182364,"path_taken":["M","$","M","?","?","R","?","?","T","?","?","M","$","M","R","BOSS","M","?","M","M"],"items_purchased_type":["Card"],"build_version":"2020-12-22","purchased_purges":0,"victory":false,"max_hp_per_floor":[65,65,65,65,65,65,65,65,65,65,65,65,65,65,65,65,65,65,65,65,65,65],"card_choices":[{"not_picked":["Analog","BlueShift"],"picked":"LockedBlood","floor":1},{"not_picked":["PrimeTime","LockedThread"],"picked":"LockedWhetstone","floor":3},{"not_picked":["CrunchTime","Tempo","Stagnate"],"picked":"SKIP","floor":5},{"not_picked":["TiringSlam","Analog"],"picked":"HandsUpC","floor":11},{"not_picked":["Recurrance","AlternateTimeline"],"picked":"BiteCommand","floor":12},{"not_picked":["BeatsPerMinute","VestedLegacy","LockedAnchor"],"picked":"SKIP","floor":14},{"not_picked":["LockedCalendar","OldTimer"],"picked":"RageCommand","floor":16},{"not_picked":["Facsimile","TiringSlam"],"picked":"LockedWarPaint","floor":18},{"not_picked":["CrunchTime","BiteCommand"],"picked":"LockedScales","floor":20}],"player_experience":839922,"relics_obtained":[{"floor":9,"key":"Pantograph"}],"event_choices":[{"damage_healed":0,"gold_gain":0,"player_choice":"Damaged","damage_taken":6,"max_hp_gain":0,"max_hp_loss":0,"event_name":"Wheel of Change","floor":4,"gold_loss":0},{"damage_healed":0,"gold_gain":0,"player_choice":"Success","damage_taken":33,"relics_obtained":["MysticCrockPot"],"max_hp_gain":0,"max_hp_loss":0,"event_name":"Scrap Ooze","floor":7,"gold_loss":0},{"damage_healed":0,"gold_gain":0,"player_choice":"Searched \u00270\u0027 times","damage_taken":0,"max_hp_gain":0,"max_hp_loss":0,"event_name":"Dead Adventurer","floor":8,"gold_loss":0},{"damage_healed":0,"gold_gain":0,"player_choice":"Opened","damage_taken":0,"relics_obtained":["Lantern"],"max_hp_gain":0,"max_hp_loss":0,"event_name":"The Mausoleum","floor":19,"gold_loss":0,"cards_obtained":["Writhe"]}],"is_beta":false,"boss_relics":[{"not_picked":["Black Star","Tiny House"],"picked":"Chronograph"}],"items_purged_floors":[],"is_endless":false,"potions_floor_spawned":[5,11,12,18],"killed_by":"Snake Plant","ascension_level":0}}