{"host":"tr12w2fixbnujl15","time":1611155449,"event":{"mods":["100% Spire Juice","2.2 Compatiblity","Arknights The Spire","BaseMod","Better Skull","BetterRewards","CapriCore","Clockwork Mod","Colored Powertips","Evolution","Hermit","Hubris","Infinite Spire","JesterMod","Koishi","Mad Scientist","Magitek Elite","Minty Spire (QoL Compilation)","Prisma Mod","Quick Restart","Replay The Spire","Shop Mod","StSLib","SuperFastMode","The Accelerator","The Animator","The Bug Knight","The Construct","The Cursed","The Hierophant","The Immortal","The Mystic","The Necromancer","The Runesmith","The Sage","The Senshi","The Servant 0.9.4","The Spell Scribe","TheFirefly","TheVelvet","WarShipGirlsR/????R mod","Yakumo Yukari mod"],"gold_per_floor":[109,284,19,19,42,42,42,42,112,127,151,4,23,23,23,144,144,144,144,144],"floor_reached":18,"language":"ENG","playtime":494,"items_purged":[],"score":150,"play_id":"bc9e1233-653e-46cb-98e0-9dd5ddd4b93a","local_time":"20210120101049","is_ascension_mode":false,"campfire_choices":[{"floor":6,"key":"REST"},{"data":"ReplayUltimateDefense","floor":8,"key":"SMITH"},{"data":"MokouMod:Overheat","floor":15,"key":"SMITH"}],"circlet_count":0,"master_deck":["MokouMod:Strike","MokouMod:Strike","MokouMod:Strike","MokouMod:Strike","MokouMod:Strike","MokouMod:Defend","MokouMod:Defend","MokouMod:Defend","MokouMod:Defend","MokouMod:HeatSpark","MokouMod:ShiftIgnition","ReplayUltimateDefense+1","Madness","Jack Of All Trades","MokouMod:ResoluteFlare","MokouMod:CrimsonFlare","MokouMod:SpontaneousHumanCombustion","MokouMod:Overheat+1","MokouMod:RadiantBlade"],"relics":["MokouMod:PhoenixFeather","EVO:Axolotl","NeowsBlessing","ReplayTheSpireMod:ShopPack","MerchantsRug","Golden Idol","ReplayTheSpireMod:Shallot","ReplayTheSpireMod:TigerMarble","Black Star"],"acts_visited":["Exordium","TheCity"],"potions_floor_usage":[16],"damage_taken":[{"damage":0,"enemies":"2 Louse","floor":1,"turns":1},{"damage":0,"enemies":"Jaw Worm","floor":5,"turns":1},{"damage":0,"enemies":"Small Slimes","floor":10,"turns":1},{"damage":0,"enemies":"Red Slaver","floor":11,"turns":3},{"damage":10,"enemies":"Exordium Thugs","floor":13,"turns":5},{"damage":18,"enemies":"Slime Boss","floor":16,"turns":10},{"damage":0,"enemies":"3 Byrds","floor":18,"turns":1}],"seed_played":"6292937386899312958","potions_obtained":[{"floor":1,"key":"BlessingOfTheForge"},{"floor":10,"key":"Fire Potion"}],"is_trial":false,"path_per_floor":["M","?","$","?","M","R","?","R","T","M","M","$","M","$","R","B",null,"M"],"character_chosen":"MKU","items_purchased":["ReplayTheSpireMod:ShopPack","MerchantsRug","ReplayTheSpireMod:TigerMarble"],"campfire_rested":1,"item_purchase_floors":[3,3,12],"current_hp_per_floor":[75,75,75,57,57,75,75,75,75,75,75,75,65,65,65,47,75,75,75,75],"gold":144,"neow_bonus":"THREE_ENEMY_KILL","is_daily":false,"chose_seed":false,"campfire_upgraded":2,"win_rate":0.0,"timestamp":1611155449,"path_taken":["M","?","$","?","?","R","?","R","T","M","?","$","M","?","R","BOSS","M"],"items_purchased_type":["Relic","Relic","Relic"],"build_version":"2020-12-22","purchased_purges":0,"victory":false,"max_hp_per_floor":[75,75,75,75,75,75,75,75,75,75,75,75,75,75,75,75,75,75,75,75],"card_choices":[{"not_picked":["MokouMod:SearingShot","MokouMod:ScorchingColumn"],"picked":"MokouMod:ShiftIgnition","floor":1},{"not_picked":["Sadistic Nature","ReplayTheSpireMod:Brewmster"],"picked":"ReplayUltimateDefense","floor":3},{"not_picked":["ReplayTheSpireMod:Uncanny Aura","PanicButton"],"picked":"Madness","floor":3},{"not_picked":["ReplayTheSpireMod:Uncanny Aura","ReplayTheSpireMod:Trickstab"],"picked":"Jack Of All Trades","floor":3},{"not_picked":["MokouMod:FujiyamaVolcano","MokouMod:FlickeringFlame"],"picked":"MokouMod:ResoluteFlare","floor":5},{"not_picked":["MokouMod:RoaringFlare","MokouMod:EternalBurstReactor"],"picked":"MokouMod:CrimsonFlare","floor":10},{"not_picked":["MokouMod:AdaptivePyromancy","MokouMod:Overheat"],"picked":"MokouMod:SpontaneousHumanCombustion","floor":11},{"not_picked":["MokouMod:HeatTransfer","MokouMod:RetainTemperature"],"picked":"MokouMod:Overheat","floor":13},{"not_picked":["MokouMod:ExplosiveFlame","MokouMod:SearingBlow"],"picked":"MokouMod:RadiantBlade","floor":16}],"player_experience":77695,"relics_obtained":[{"floor":9,"key":"ReplayTheSpireMod:Shallot"}],"event_choices":[{"damage_healed":0,"gold_gain":175,"player_choice":"AGREE","damage_taken":0,"max_hp_gain":0,"max_hp_loss":0,"event_name":"Liars Game","floor":2,"gold_loss":0,"cards_obtained":["Doubt"]},{"damage_healed":0,"gold_gain":0,"player_choice":"Take Damage","damage_taken":18,"relics_obtained":["Golden Idol"],"max_hp_gain":0,"max_hp_loss":0,"event_name":"Golden Idol","floor":4,"gold_loss":0},{"cards_removed":["Doubt"],"damage_healed":0,"gold_gain":0,"player_choice":"Purged","damage_taken":0,"max_hp_gain":0,"max_hp_loss":0,"event_name":"Purifier","floor":7,"gold_loss":0}],"is_beta":false,"boss_relics":[{"not_picked":["construct:WeddingRing","Busted Crown"],"picked":"Black Star"}],"items_purged_floors":[],"is_endless":false,"potions_floor_spawned":[1,10],"killed_by":"3 Byrds","ascension_level":0}}