{"host":"udyc8f81k2jocuhg","time":1611185407,"event":{"mods":["2.2 Compatiblity","BaseMod","Better Third Choice","Colored Powertips","Conspire","Custom Start","GifTheSpireLib","Hermit","Minty Spire (QoL Compilation)","Permanent Neow","Quick Restart","Relic Filter","Relic Stats","Replay The Spire","Shop Mod","Spikes Relics","StSLib","Stuff the Spire"],"gold_per_floor":[110,120,137,154,170,170,170],"floor_reached":6,"language":"ENG","playtime":333,"items_purged":[],"score":80,"play_id":"bc1088f4-f6bc-487b-b9c8-b2e70f33c575","local_time":"20210121003007","is_ascension_mode":true,"campfire_choices":[],"circlet_count":0,"master_deck":["AscendersBane","Strike_B","Strike_B","Strike_B","Strike_B","Defend_B","Defend_B","Defend_B","Defend_B","Zap","Dualcast","Consume","Steam","Conserve Battery","Coolheaded","Self Repair","Stack","Defragment"],"relics":["Cracked Core","Prayer Wheel"],"acts_visited":["Exordium"],"potions_floor_usage":[6,6],"damage_taken":[{"damage":2.0,"enemies":"Jaw Worm","floor":1.0,"turns":3.0},{"damage":0.0,"enemies":"2 Louse","floor":2.0,"turns":3.0},{"damage":7.0,"enemies":"Small Slimes","floor":3.0,"turns":3.0},{"damage":20,"enemies":"Gremlin Gang","floor":4,"turns":8},{"damage":2,"enemies":"Large Slime","floor":5,"turns":7},{"damage":39,"enemies":"Gremlin Nob","floor":6,"turns":4}],"seed_played":"7991427248532857571","potions_obtained":[{"floor":1.0,"key":"Ancient Potion"},{"floor":5,"key":"Adrenaline Potion"}],"is_trial":false,"path_per_floor":["M","M","M","M","M","E"],"character_chosen":"DEFECT","items_purchased":[],"campfire_rested":0,"item_purchase_floors":[],"current_hp_per_floor":[44,44,37,24,29,0,0],"gold":170,"neow_bonus":"ONE_RARE_RELIC","is_daily":false,"chose_seed":false,"campfire_upgraded":0,"win_rate":0.0,"timestamp":1611185407,"path_taken":["M","M","M","M","M","E"],"items_purchased_type":[],"build_version":"2020-12-22","purchased_purges":0,"victory":false,"max_hp_per_floor":[71,71,71,71,71,71,71],"relic_stats":{"counters":[6,28],"Prayer Wheel":5,"obtain_stats":[{"Prayer Wheel":0,"Cracked Core":0},{"Prayer Wheel":0,"Cracked Core":0},{"Prayer Wheel":0,"Cracked Core":0}]},"card_choices":[{"not_picked":["Hologram","StuffTheSpire:Plugnplay"],"picked":"Consume","floor":1.0},{"not_picked":["Time Bomb","Compile Driver","StuffTheSpire:SnapShoot"],"picked":"SKIP","floor":1.0},{"not_picked":["Reprogram","Panic Button"],"picked":"Steam","floor":2.0},{"not_picked":["ReplayTheSpireMod:Reroute Power","Beam Cell"],"picked":"Conserve Battery","floor":2.0},{"not_picked":["Panic Button","Gash"],"picked":"Coolheaded","floor":3.0},{"not_picked":["Leap","Aggregate"],"picked":"Self Repair","floor":3.0},{"not_picked":["ReplaySort","Panic Button"],"picked":"Stack","floor":4},{"not_picked":["Multi-Cast","StuffTheSpire:Plugnplay","Panic Button"],"picked":"SKIP","floor":4},{"not_picked":["Compile Driver","StuffTheSpire:LoadUp"],"picked":"Defragment","floor":5},{"not_picked":["Genetic Algorithm","Sweeping Beam","Recycle"],"picked":"SKIP","floor":5}],"player_experience":2010761,"relics_obtained":[],"event_choices":[],"is_beta":false,"boss_relics":[],"items_purged_floors":[],"is_endless":false,"potions_floor_spawned":[1,5],"killed_by":"Gremlin Nob","ascension_level":20}}