{"host":"s41rn2jhghpwfrvz","time":1611127531,"event":{"mods":["BaseMod","Minty Spire (QoL Compilation)","Quick Restart","Relic Stats","SuperFastMode"],"gold_per_floor":[109,121,133,208,223,255,274,302,329,356,356,367,383,406,406,477,477,496,421,435,321,339,368,368,393,419,419,432,457,457,490,490,567,567,583,631,631,313,325,352,352,383,454,468,479,514,536,94,94,94,94,94,94,41,66,66],"floor_reached":57,"language":"ENG","playtime":1681,"items_purged":["Well Laid Plans","Prepared"],"score":3934,"play_id":"64eddf59-e6bb-4b31-a0a5-a222d74ece08","local_time":"20210120092531","daily_mods":["SealedDeck","Vintage","DeadlyEvents"],"is_ascension_mode":true,"campfire_choices":[{"data":"Accuracy","floor":11,"key":"SMITH"},{"data":"Acrobatics","floor":15,"key":"SMITH"},{"data":"Accuracy","floor":24,"key":"SMITH"},{"data":"Backflip","floor":27,"key":"SMITH"},{"data":"PiercingWail","floor":30,"key":"PURGE"},{"floor":32,"key":"RECALL"},{"data":"Leg Sweep","floor":41,"key":"PURGE"},{"floor":49,"key":"REST"},{"floor":53,"key":"REST"}],"circlet_count":0,"master_deck":["AscendersBane","Acrobatics+1","Escape Plan","Blade Dance+1","Accuracy+1","Backflip+1","Accuracy+1","Blur"],"relics":["Ring of the Snake","Pen Nib","Matryoshka","Nunchaku","Bag of Preparation","Mango","Ancient Tea Set","Ninja Scroll","Snake Skull","War Paint","Potion Belt","Centennial Puzzle","Sundial","Anchor","Black Star","Blue Candle","HornCleat","Bottled Tornado","Torii","Boot","Vajra","Singing Bowl","Art of War","Peace Pipe","Lantern","Bottled Lightning","Blood Vial","Bronze Scales","Fusion Hammer","Eternal Feather","Incense Burner","OrangePellets","Darkstone Periapt","TungstenRod","Bag of Marbles","Smiling Mask","Omamori","StrikeDummy","Akabeko","Whetstone","Oddly Smooth Stone","MawBank","Mercury Hourglass","Pear","Happy Flower","Kunai","Mummified Hand"],"acts_visited":["Exordium","TheCity","TheBeyond","TheEnding"],"potions_floor_usage":[8,8,56,56,56,56],"damage_taken":[{"damage":3,"enemies":"Small Slimes","floor":1,"turns":3},{"damage":1,"enemies":"Jaw Worm","floor":2,"turns":4},{"damage":0,"enemies":"2 Louse","floor":3,"turns":3},{"damage":3,"enemies":"2 Fungi Beasts","floor":5,"turns":3},{"damage":36,"enemies":"Gremlin Nob","floor":6,"turns":4},{"damage":0,"enemies":"Exordium Thugs","floor":7,"turns":4},{"damage":14,"enemies":"3 Sentries","floor":8,"turns":5},{"damage":0,"enemies":"Lagavulin","floor":10,"turns":4},{"damage":0,"enemies":"Looter","floor":12,"turns":1},{"damage":0,"enemies":"Large Slime","floor":13,"turns":2},{"damage":0,"enemies":"Hexaghost","floor":16,"turns":1},{"damage":0,"enemies":"Spheric Guardian","floor":18,"turns":1},{"damage":0,"enemies":"Chosen","floor":20,"turns":1},{"damage":0,"enemies":"Centurion and Healer","floor":22,"turns":1},{"damage":0,"enemies":"Gremlin Leader","floor":23,"turns":1},{"damage":0,"enemies":"Book of Stabbing","floor":25,"turns":1},{"damage":0,"enemies":"3 Cultists","floor":28,"turns":1},{"damage":0,"enemies":"Slavers","floor":29,"turns":1},{"damage":0,"enemies":"Book of Stabbing","floor":31,"turns":1},{"damage":0,"enemies":"Collector","floor":33,"turns":1},{"damage":0,"enemies":"3 Shapes","floor":35,"turns":1},{"damage":0,"enemies":"2 Orb Walkers","floor":36,"turns":1},{"damage":0,"enemies":"Orb Walker","floor":39,"turns":1},{"damage":0,"enemies":"Reptomancer","floor":40,"turns":1},{"damage":0,"enemies":"Nemesis","floor":42,"turns":1},{"damage":0,"enemies":"Spire Growth","floor":44,"turns":1},{"damage":0,"enemies":"Writhing Mass","floor":45,"turns":1},{"damage":0,"enemies":"Giant Head","floor":46,"turns":1},{"damage":0,"enemies":"Transient","floor":47,"turns":1},{"damage":0,"enemies":"Donu and Deca","floor":50,"turns":1},{"damage":0,"enemies":"Time Eater","floor":51,"turns":7},{"damage":0,"enemies":"Shield and Spear","floor":55,"turns":1},{"damage":0,"enemies":"The Heart","floor":56,"turns":5}],"seed_played":"3752131766948621210","potions_obtained":[{"floor":2,"key":"Fire Potion"},{"floor":6,"key":"SkillPotion"},{"floor":10,"key":"ColorlessPotion"},{"floor":12,"key":"FearPotion"},{"floor":13,"key":"Block Potion"},{"floor":18,"key":"SkillPotion"},{"floor":28,"key":"Dexterity Potion"}],"is_trial":true,"path_per_floor":["M","M","M","?","M","E","M","E","T","E","R","M","M","T","R","B",null,"M","?","M","$","M","E","R","E","T","R","M","E","R","E","R","B",null,"M","?","?","$","M","E","R","E","T","M","M","E","M","$","R","B","B",null,"R","$","E","B",null],"character_chosen":"THE_SILENT","items_purchased":["Accuracy","OrangePellets","PowerPotion","Pear","Happy Flower","SpeedPotion"],"campfire_rested":2,"item_purchase_floors":[21,38,38,48,48,54],"current_hp_per_floor":[56,55,55,44,41,19,19,5,5,5,5,5,5,5,5,5,61,61,61,61,61,61,61,61,63,63,63,63,65,65,67,67,71,84,86,90,90,90,90,90,90,92,92,92,92,94,94,104,104,104,104,104,104,104,106,106],"gold":66,"neow_bonus":"","is_daily":false,"chose_seed":false,"campfire_upgraded":4,"win_rate":0.0,"timestamp":1611127531,"path_taken":["M","M","M","?","M","E","?","E","T","E","R","M","M","?","R","BOSS","M","?","?","?","M","E","R","E","T","R","M","E","R","E","R","BOSS","M","?","?","?","?","E","R","E","T","M","M","E","M","$","R","BOSS","BOSS","R","$","E","BOSS"],"items_purchased_type":["Card","Relic","Potion","Relic","Relic","Potion"],"build_version":"2020-12-22","purchased_purges":2,"victory":true,"max_hp_per_floor":[66,66,66,66,66,80,80,80,80,80,80,80,80,80,80,80,80,80,80,80,80,80,80,80,82,82,82,82,84,84,86,86,88,88,88,90,90,90,90,90,90,92,92,92,92,94,94,104,104,104,104,104,104,104,106,106],"relic_stats":{"Darkstone Periapt":0,"Torii":0,"Singing Bowl":16,"Snake Skull":[0],"Bag of Preparation":[6],"Whetstone":[],"Boot":[3],"Smiling Mask":0,"Blood Vial":6,"Nunchaku":[41],"Centennial Puzzle":[0],"Sundial":[258],"Mummified Hand":[3],"Kunai":[12],"Ring of the Snake":[66],"Happy Flower":[4],"counters":[33,66],"Blue Candle":[0],"Eternal Feather":0,"Pen Nib":[42],"War Paint":["Reflex","Blade Dance"],"MawBank":24,"Mercury Hourglass":[45],"Peace Pipe":2,"OrangePellets":[1],"Bronze Scales":[87],"Black Star":8,"Art of War":[3],"obtain_stats":[{"Darkstone Periapt":39,"Lantern":29,"Torii":23,"Singing Bowl":25,"Vajra":25,"Mango":6,"Snake Skull":9,"Bag of Preparation":5,"Incense Burner":36,"Whetstone":45,"Bottled Tornado":22,"Ancient Tea Set":7,"Boot":23,"Smiling Mask":42,"Blood Vial":31,"Nunchaku":3,"Centennial Puzzle":13,"Matryoshka":2,"HornCleat":20,"Ninja Scroll":8,"Sundial":14,"Mummified Hand":55,"Fusion Hammer":34,"Kunai":55,"Ring of the Snake":0,"Potion Belt":12,"Pear":48,"Happy Flower":48,"Blue Candle":18,"Oddly Smooth Stone":46,"Eternal Feather":35,"Pen Nib":1,"Omamori":42,"War Paint":10,"MawBank":46,"Akabeko":44,"Mercury Hourglass":47,"Peace Pipe":28,"OrangePellets":38,"Anchor":14,"Bronze Scales":31,"Black Star":17,"Art of War":26,"Bag of Marbles":40,"Bottled Lightning":29,"StrikeDummy":43,"TungstenRod":40},{"Darkstone Periapt":23,"Lantern":18,"Torii":15,"Singing Bowl":16,"Vajra":16,"Mango":5,"Snake Skull":7,"Bag of Preparation":4,"Incense Burner":22,"Whetstone":27,"Bottled Tornado":14,"Ancient Tea Set":6,"Boot":15,"Smiling Mask":25,"Blood Vial":19,"Nunchaku":3,"Centennial Puzzle":10,"Matryoshka":2,"HornCleat":13,"Ninja Scroll":7,"Sundial":10,"Mummified Hand":32,"Fusion Hammer":20,"Kunai":32,"Ring of the Snake":0,"Potion Belt":9,"Pear":29,"Happy Flower":29,"Blue Candle":12,"Oddly Smooth Stone":28,"Eternal Feather":21,"Pen Nib":1,"Omamori":25,"War Paint":8,"MawBank":28,"Akabeko":26,"Mercury Hourglass":29,"Peace Pipe":17,"OrangePellets":22,"Anchor":10,"Bronze Scales":19,"Black Star":11,"Art of War":16,"Bag of Marbles":24,"Bottled Lightning":18,"StrikeDummy":25,"TungstenRod":24},{"Darkstone Periapt":46,"Lantern":41,"Torii":38,"Singing Bowl":39,"Vajra":39,"Mango":17,"Snake Skull":26,"Bag of Preparation":13,"Incense Burner":45,"Whetstone":50,"Bottled Tornado":37,"Ancient Tea Set":21,"Boot":38,"Smiling Mask":48,"Blood Vial":42,"Nunchaku":10,"Centennial Puzzle":33,"Matryoshka":7,"HornCleat":36,"Ninja Scroll":26,"Sundial":33,"Mummified Hand":61,"Fusion Hammer":43,"Kunai":61,"Ring of the Snake":0,"Potion Belt":31,"Pear":52,"Happy Flower":52,"Blue Candle":35,"Oddly Smooth Stone":51,"Eternal Feather":44,"Pen Nib":3,"Omamori":48,"War Paint":30,"MawBank":51,"Akabeko":49,"Mercury Hourglass":52,"Peace Pipe":40,"OrangePellets":45,"Anchor":33,"Bronze Scales":42,"Black Star":34,"Art of War":39,"Bag of Marbles":47,"Bottled Lightning":41,"StrikeDummy":48,"TungstenRod":47}],"TungstenRod":0},"card_choices":[{"not_picked":["Slice","Skewer","Blade Dance"],"picked":"SKIP","floor":6},{"not_picked":["Eviscerate","Slice"],"picked":"Reflex","floor":8},{"not_picked":["Deadly Poison","Finisher","Dash"],"picked":"SKIP","floor":10},{"not_picked":["Flechettes","Footwork","Concentrate"],"picked":"SKIP","floor":23},{"not_picked":["Caltrops+1","Outmaneuver","Sucker Punch"],"picked":"Singing Bowl","floor":25},{"not_picked":["Dagger Spray","Finisher","Tactician"],"picked":"Singing Bowl","floor":29},{"not_picked":["Outmaneuver","Acrobatics","Blade Dance"],"picked":"Singing Bowl","floor":31},{"not_picked":["Wraith Form v2","Burst","Grand Finale"],"picked":"Singing Bowl","floor":33},{"not_picked":["Acrobatics","Slice","Dodge and Roll"],"picked":"Singing Bowl","floor":36},{"not_picked":["Backflip","Wraith Form v2"],"picked":"Blur","floor":40},{"not_picked":["Flechettes","Choke","Grand Finale"],"picked":"Singing Bowl","floor":42},{"not_picked":["Bouncing Flask","Envenom","Sucker Punch"],"picked":"Singing Bowl","floor":46},{"not_picked":["Bane","Outmaneuver","Dodge and Roll"],"picked":"Singing Bowl","floor":55}],"player_experience":1820426,"relics_obtained":[{"floor":1,"key":"Pen Nib"},{"floor":2,"key":"Matryoshka"},{"floor":3,"key":"Nunchaku"},{"floor":5,"key":"Bag of Preparation"},{"floor":6,"key":"Mango"},{"floor":7,"key":"Ancient Tea Set"},{"floor":8,"key":"Ninja Scroll"},{"floor":9,"key":"Snake Skull"},{"floor":10,"key":"War Paint"},{"floor":12,"key":"Potion Belt"},{"floor":13,"key":"Centennial Puzzle"},{"floor":14,"key":"Sundial"},{"floor":14,"key":"Anchor"},{"floor":18,"key":"Blue Candle"},{"floor":20,"key":"HornCleat"},{"floor":22,"key":"Bottled Tornado"},{"floor":23,"key":"Torii"},{"floor":23,"key":"Boot"},{"floor":25,"key":"Vajra"},{"floor":25,"key":"Singing Bowl"},{"floor":26,"key":"Art of War"},{"floor":28,"key":"Peace Pipe"},{"floor":29,"key":"Lantern"},{"floor":29,"key":"Bottled Lightning"},{"floor":31,"key":"Blood Vial"},{"floor":31,"key":"Bronze Scales"},{"floor":35,"key":"Eternal Feather"},{"floor":36,"key":"Incense Burner"},{"floor":39,"key":"Darkstone Periapt"},{"floor":40,"key":"TungstenRod"},{"floor":40,"key":"Bag of Marbles"},{"floor":42,"key":"Smiling Mask"},{"floor":42,"key":"Omamori"},{"floor":43,"key":"StrikeDummy"},{"floor":44,"key":"Akabeko"},{"floor":45,"key":"Whetstone"},{"floor":46,"key":"Oddly Smooth Stone"},{"floor":46,"key":"MawBank"},{"floor":47,"key":"Mercury Hourglass"},{"floor":55,"key":"Kunai"},{"floor":55,"key":"Mummified Hand"}],"event_choices":[{"damage_healed":0,"gold_gain":75,"player_choice":"Gather Gold","damage_taken":11,"max_hp_gain":0,"max_hp_loss":0,"event_name":"World of Goop","floor":4,"gold_loss":0},{"cards_removed":["Caltrops"],"damage_healed":0,"gold_gain":0,"player_choice":"Gave Gold","damage_taken":0,"max_hp_gain":0,"max_hp_loss":0,"event_name":"Beggar","floor":19,"gold_loss":75},{"damage_healed":0,"gold_gain":0,"player_choice":"Fight","damage_taken":0,"max_hp_gain":0,"max_hp_loss":0,"event_name":"Mysterious Sphere","floor":36,"gold_loss":0},{"cards_removed":["Reflex"],"damage_healed":0,"gold_gain":0,"player_choice":"Removed Skill","damage_taken":0,"max_hp_gain":0,"max_hp_loss":0,"event_name":"Falling","floor":37,"gold_loss":0}],"is_beta":false,"boss_relics":[{"not_picked":["SacredBark","WristBlade"],"picked":"Black Star"},{"not_picked":["Velvet Choker","Sozu"],"picked":"Fusion Hammer"}],"items_purged_floors":[21,38],"is_endless":false,"potions_floor_spawned":[2,6,10,12,13,18,28,31,35,39,42,47],"ascension_level":20}}