{"host":"ndpbn7fqb3wjbd7p","time":1611124253,"event":{"mods":["AchievementEnabler","Act Like it!","AlwaysNeverKeys","BaseMod","Better Vampires","Block Reminder","Colored Powertips","DeckTracker","Defuse TimeMaze Blight","Friendly Minions","Hallownest","Hermit","Highlight Path","MarisaÅiñ∂âJÅ@ñÇóùçπÅj","Minty Spire (QoL Compilation)","Permanent Neow","Shade Mod","StSLib","SuperFastMode","Synergy Search","The Mystic","Unceasing Turn Reminder","Wandering Minibosses","egg"],"gold_per_floor":[117,42,42,117,117,117,132,150,175,75,95,37,37,37,37,37,37],"floor_reached":16,"language":"ENG","playtime":535,"items_purged":["Defend_G","Defend_G"],"score":172,"play_id":"43864f68-3408-4e9f-86ee-10e8d53f6b0d","local_time":"20210120073053","is_ascension_mode":true,"campfire_choices":[{"data":"Concentrate","floor":6,"key":"SMITH"},{"data":"Reflex","floor":13,"key":"SMITH"},{"floor":15,"key":"REST"}],"circlet_count":0,"master_deck":["AscendersBane","Strike_G","Strike_G","Defend_G","Defend_G","Defend_G","Survivor","Neutralize","Concentrate+1","Acrobatics","Choke","Reflex+1","Backflip"],"relics":["Ring of the Snake","Oddly Smooth Stone"],"acts_visited":["Exordium"],"potions_floor_usage":[16,16],"damage_taken":[{"damage":2,"enemies":"Small Slimes","floor":1,"turns":5},{"damage":3,"enemies":"2 Louse","floor":7,"turns":4},{"damage":13,"enemies":"Cultist","floor":8,"turns":6},{"damage":0,"enemies":"Blue Slaver","floor":11,"turns":6},{"damage":28,"enemies":"Hexaghost","floor":16,"turns":7}],"seed_played":"-7752196735189837850","potions_obtained":[{"floor":8,"key":"CultistPotion"},{"floor":11,"key":"ColorlessPotion"}],"is_trial":false,"path_per_floor":["M","$","?","?","?","R","M","M","T","$","M","$","R","?","R","B"],"character_chosen":"THE_SILENT","items_purchased":["Backflip"],"campfire_rested":1,"item_purchase_floors":[12],"current_hp_per_floor":[42,42,42,31,27,27,24,11,11,11,11,11,11,4,23,0,0],"gold":37,"neow_bonus":"REMOVE_TWO","is_daily":false,"chose_seed":false,"campfire_upgraded":2,"win_rate":0.0,"timestamp":1611124253,"path_taken":["M","$","?","?","?","R","M","M","T","$","?","$","R","?","R","BOSS"],"items_purchased_type":["Card"],"build_version":"2020-12-22","purchased_purges":2,"victory":false,"max_hp_per_floor":[66,66,66,66,66,66,66,66,66,66,66,66,66,66,66,66,66],"card_choices":[{"not_picked":["Dodge and Roll","Endless Agony"],"picked":"Concentrate","floor":1},{"not_picked":["Dagger Throw","Escape Plan"],"picked":"Acrobatics","floor":7},{"not_picked":["PiercingWail","Bouncing Flask"],"picked":"Choke","floor":8},{"not_picked":["Accuracy","Footwork"],"picked":"Reflex","floor":11}],"player_experience":1165856,"relics_obtained":[{"floor":9,"key":"Oddly Smooth Stone"}],"event_choices":[{"damage_healed":0,"gold_gain":0,"player_choice":"Leave","damage_taken":0,"max_hp_gain":0,"max_hp_loss":0,"event_name":"The Cleric","floor":3,"gold_loss":0},{"damage_healed":0,"gold_gain":75,"player_choice":"Gather Gold","damage_taken":11,"max_hp_gain":0,"max_hp_loss":0,"event_name":"World of Goop","floor":4,"gold_loss":0},{"damage_healed":0,"gold_gain":0,"player_choice":"Bought 0 Potions","damage_taken":0,"max_hp_gain":0,"max_hp_loss":0,"event_name":"The Woman in Blue","floor":5,"gold_loss":0},{"cards_removed":["Strike_G"],"damage_healed":0,"gold_gain":0,"player_choice":"Card Removal","damage_taken":7,"max_hp_gain":0,"max_hp_loss":0,"event_name":"Golden Wing","floor":14,"gold_loss":0}],"is_beta":false,"boss_relics":[],"items_purged_floors":[2,10],"is_endless":false,"potions_floor_spawned":[8,11],"killed_by":"Hexaghost","ascension_level":19}}