{"host":"v54ek091sdz7ha6h","time":1611159799,"event":{"mods":["BaseMod","Better Vampires","Colored Map","Colored Powertips","Custom Start","DeckTracker","Friendly Minions","Highlight Path","KOR Keyword Fix","Minty Spire (QoL Compilation)","Relic Stats","StSLib","The Animator"],"gold_per_floor":[113,63,89,105,105,105,118,118,118,145,320,69,83,37,37,37,37],"floor_reached":16,"language":"KOR","playtime":1286,"items_purged":[],"score":100,"play_id":"a73acf9b-86a8-4935-ad75-880fdd0c3fd7","local_time":"20210121012319","is_ascension_mode":false,"campfire_choices":[{"data":"animator:Aqua","floor":6,"key":"SMITH"},{"data":"animator:HououinKyouma","floor":8,"key":"SMITH"},{"data":"animator:Patchouli","floor":15,"key":"SMITH"}],"circlet_count":0,"master_deck":["animator:Strike_Konosuba","animator:Defend_Konosuba","animator:Strike","animator:Strike","animator:Defend","animator:Defend","animator:Defend","animator:Kazuma","animator:Aqua+1","animator:HououinKyouma+1","animator:Genos","animator:Yuuichirou","animator:MumenRider","animator:Tatsumaki","animator:KrulTepes","Doubt","animator:DolaStephanie","animator:DolaSchwi","animator:Patchouli+1","animator:ElricEdward","animator:ElricAlphonse"],"relics":["animator:LivingPicture","animator:TheMissingPiece","Ice Cream","Centennial Puzzle"],"acts_visited":["Exordium"],"potions_floor_usage":[13,16],"damage_taken":[{"damage":0,"enemies":"2 Louse","floor":1,"turns":4},{"damage":5,"enemies":"Small Slimes","floor":3,"turns":5},{"damage":5,"enemies":"Jaw Worm","floor":4,"turns":3},{"damage":3,"enemies":"Blue Slaver","floor":7,"turns":6},{"damage":45,"enemies":"Lagavulin","floor":10,"turns":7},{"damage":3,"enemies":"Looter","floor":13,"turns":4},{"damage":13,"enemies":"Hexaghost","floor":16,"turns":7}],"seed_played":"3626463552782750736","potions_obtained":[{"floor":7,"key":"CultistPotion"},{"floor":10,"key":"Ancient Potion"},{"floor":13,"key":"Ancient Potion"}],"is_trial":false,"path_per_floor":["M","?","M","M","?","R","M","R","T","E","?","$","M","$","R","B"],"character_chosen":"THE_ANIMATOR","items_purchased":["animator:DolaStephanie","animator:DolaSchwi","animator:Patchouli","animator:ElricAlphonse"],"campfire_rested":0,"item_purchase_floors":[12,12,12,14],"current_hp_per_floor":[50,50,47,44,49,49,49,49,49,8,8,8,8,8,8,0,0],"gold":37,"neow_bonus":"RANDOM_COLORLESS_2","is_daily":false,"chose_seed":false,"campfire_upgraded":3,"win_rate":0.0,"timestamp":1611159799,"path_taken":["M","?","M","M","?","R","M","R","T","E","?","$","M","?","R","BOSS"],"items_purchased_type":["Card","Card","Card","Card"],"build_version":"2020-12-22","purchased_purges":0,"victory":false,"max_hp_per_floor":[66,66,66,66,71,71,71,71,71,72,72,72,72,72,72,72,72],"relic_stats":{"Centennial Puzzle":[6],"counters":[7,36],"obtain_stats":[{"Ice Cream":9,"Centennial Puzzle":10,"animator:TheMissingPiece":0,"animator:LivingPicture":0},{"Ice Cream":4,"Centennial Puzzle":5,"animator:TheMissingPiece":0,"animator:LivingPicture":0},{"Ice Cream":18,"Centennial Puzzle":25,"animator:TheMissingPiece":0,"animator:LivingPicture":0}]},"card_choices":[{"not_picked":["animator:Lelouch","animator:HarukoHaruhara"],"picked":"animator:HououinKyouma","floor":0},{"not_picked":["animator:Caster","animator:Tet"],"picked":"animator:Genos","floor":1},{"not_picked":["animator:SilverFang","animator:IrohaTamaki"],"picked":"animator:Yuuichirou","floor":3},{"not_picked":["animator:Yuuichirou","animator:Kazuma"],"picked":"animator:MumenRider","floor":4},{"not_picked":["animator:MumenRider","animator:Melzalgald"],"picked":"animator:Tatsumaki","floor":7},{"not_picked":["animator:IrohaTamaki","animator:Vanir"],"picked":"animator:KrulTepes","floor":10},{"not_picked":["animator:SilverFang","animator:Tet"],"picked":"animator:ElricEdward","floor":13}],"player_experience":1461000,"relics_obtained":[{"floor":9,"key":"Ice Cream"},{"floor":10,"key":"Centennial Puzzle"}],"event_choices":[{"cards_removed":["animator:Strike"],"damage_healed":0,"gold_gain":0,"player_choice":"Card Removal","damage_taken":0,"max_hp_gain":0,"max_hp_loss":0,"event_name":"The Cleric","floor":2,"gold_loss":50},{"damage_healed":0,"gold_gain":0,"player_choice":"Donut","damage_taken":0,"max_hp_gain":5,"max_hp_loss":0,"event_name":"Big Fish","floor":5,"gold_loss":0},{"damage_healed":0,"gold_gain":175,"player_choice":"AGREE","damage_taken":0,"max_hp_gain":0,"max_hp_loss":0,"event_name":"Liars Game","floor":11,"gold_loss":0,"cards_obtained":["Doubt"]}],"is_beta":false,"boss_relics":[],"items_purged_floors":[],"is_endless":false,"potions_floor_spawned":[7,10,13],"killed_by":"Hexaghost","ascension_level":0}}