{"host":"8aoim7owc9xd4zca","time":1611108860,"event":{"mods":["AchievementEnabler","BaseMod","Colored Powertips","Highlight Path","Minty Spire (QoL Compilation)","Permanent Neow","Rare Cards Sparkle","StSLib","SuperFastMode","The Jungle"],"gold_per_floor":[20,38,56,56,56,88,88,88,139,139,149,168,28,43,43,142,142,160,25,39,39,57,57,92,92,92],"floor_reached":25,"language":"ENG","playtime":1593,"items_purged":[],"score":234,"play_id":"04de12be-2390-4d44-b4e9-6789e57e3501","local_time":"20210119181420","is_ascension_mode":true,"campfire_choices":[{"floor":8.0,"key":"REST"},{"floor":10,"key":"REST"},{"floor":15,"key":"REST"},{"floor":23,"key":"DIG"}],"circlet_count":0,"master_deck":["Strike_B","Defend_B","Zap","Dualcast","Heatsinks","Lockon","Amplify","Ball Lightning","Conserve Battery","Coolheaded","Static Discharge","White Noise","Compile Driver","Creative AI","Steam+1","Hello World","Writhe","Electrodynamics"],"relics":["Cracked Core","Bag of Preparation","Happy Flower","Empty Cage","theJungle:Flamango","Shovel","Juzu Bracelet","InkBottle"],"acts_visited":["Exordium","Exordium"],"potions_floor_usage":[12,14,14,16,22],"damage_taken":[{"damage":2.0,"enemies":"2 Louse","floor":1.0,"turns":2.0},{"damage":0.0,"enemies":"Small Slimes","floor":2.0,"turns":2.0},{"damage":1.0,"enemies":"Cultist","floor":3.0,"turns":3.0},{"damage":64.0,"enemies":"3 Sentries","floor":6.0,"turns":11.0},{"damage":26,"enemies":"Exordium Thugs","floor":11,"turns":4},{"damage":5,"enemies":"Blue Slaver","floor":12,"turns":2},{"damage":4,"enemies":"Looter","floor":14,"turns":3},{"damage":10,"enemies":"The Guardian","floor":16,"turns":7},{"damage":27,"enemies":"theJungle:GiantWrat","floor":18,"turns":4},{"damage":15,"enemies":"theJungle:Flameango_and_Byrd","floor":20,"turns":4},{"damage":2,"enemies":"theJungle:SlimyTreeVines","floor":22,"turns":7},{"damage":35,"enemies":"theJungle:2_Phrogs","floor":24,"turns":11},{"damage":17,"enemies":"theJungle:2_Snecko_Cultists","floor":25,"turns":2}],"seed_played":"1787698717713295136","potions_obtained":[{"floor":1.0,"key":"SkillPotion"},{"floor":3.0,"key":"ColorlessPotion"},{"floor":6.0,"key":"Swift Potion"},{"floor":7.0,"key":"EssenceOfSteel"},{"floor":7.0,"key":"BlessingOfTheForge"},{"floor":12,"key":"AttackPotion"},{"floor":18,"key":"SteroidPotion"},{"floor":20,"key":"ColorlessPotion"}],"is_trial":false,"path_per_floor":["M","M","M","?","?","E","?","R","T","R","M","M","$","M","R","B",null,"M","?","M","?","M","R","E","M"],"character_chosen":"DEFECT","items_purchased":["Static Discharge","White Noise"],"campfire_rested":3,"item_purchase_floors":[13,13],"current_hp_per_floor":[73,73,72,72,65,1,1,23,23,45,19,14,14,10,32,22,75,48,48,33,33,37,37,2,0,0],"gold":92,"neow_bonus":"REMOVE_TWO","is_daily":false,"chose_seed":false,"campfire_upgraded":0,"win_rate":0.0,"timestamp":1611108860,"path_taken":["M","M","M","?","?","E","?","R","T","R","?","M","?","M","R","BOSS","M","?","M","?","M","R","E","M"],"items_purchased_type":["Card","Card"],"build_version":"2020-12-22","purchased_purges":0,"victory":false,"max_hp_per_floor":[75,75,75,75,75,75,75,75,75,75,75,75,75,75,75,75,75,75,75,75,75,75,75,75,75,75],"card_choices":[{"not_picked":["Barrage","Rebound","Turbo"],"picked":"SKIP","floor":1.0},{"not_picked":["Compile Driver","Hologram"],"picked":"Heatsinks","floor":2.0},{"not_picked":["Rebound","Go for the Eyes"],"picked":"Lockon","floor":3.0},{"not_picked":["Reinforced Body","Compile Driver"],"picked":"Ball Lightning","floor":6.0},{"not_picked":["Steam","Sweeping Beam"],"picked":"Conserve Battery","floor":11},{"not_picked":["Conserve Battery","Recycle"],"picked":"Coolheaded","floor":12},{"not_picked":["Barrage","All For One"],"picked":"Compile Driver","floor":14},{"not_picked":["Rainbow","Seek"],"picked":"Creative AI","floor":16},{"not_picked":["Genetic Algorithm","Rebound"],"picked":"Steam+1","floor":18},{"not_picked":["Streamline","Scrape"],"picked":"Hello World","floor":20},{"not_picked":["Blizzard","Compile Driver","Stack"],"picked":"SKIP","floor":22},{"not_picked":["Stack","Conserve Battery"],"picked":"Electrodynamics","floor":24}],"player_experience":269357,"relics_obtained":[{"floor":6.0,"key":"Bag of Preparation"},{"floor":9.0,"key":"Happy Flower"},{"floor":23,"key":"Juzu Bracelet"},{"floor":24,"key":"InkBottle"}],"event_choices":[{"damage_healed":0.0,"max_hp_gain":0.0,"max_hp_loss":0.0,"gold_gain":0.0,"cards_transformed":["Strike_B"],"event_name":"Living Wall","player_choice":"Change","floor":4.0,"gold_loss":0.0,"damage_taken":0.0,"cards_obtained":["Amplify"]},{"cards_removed":["Defend_B"],"damage_healed":0.0,"max_hp_gain":0.0,"max_hp_loss":0.0,"gold_gain":0.0,"event_name":"Golden Wing","player_choice":"Card Removal","floor":5.0,"gold_loss":0.0,"damage_taken":7.0},{"damage_healed":0.0,"max_hp_gain":0.0,"max_hp_loss":0.0,"gold_gain":0.0,"event_name":"Lab","player_choice":"Got Potions","floor":7.0,"gold_loss":0.0,"damage_taken":0.0}],"is_beta":false,"boss_relics":[{"not_picked":["Cursed Key","Sozu"],"picked":"Empty Cage"}],"items_purged_floors":[],"is_endless":false,"potions_floor_spawned":[1,3,6,12,18,20],"killed_by":"theJungle:2_Snecko_Cultists","ascension_level":1}}