{"host":"vm38gssijriejdfn","time":1611160593,"event":{"mods":["100% Spire Juice","AchievementEnabler","Act Like it!","BaseMod","Better Match","Better Note","Better Sensory Stone","Better Synergies","Better Vampires","CCEM","Colored Map","Colored Powertips","Fireblade Mod","Gensokyo","GifTheSpireLib","Gold Saver","Hallownest","Infinite Spire","Magitek Elite","Minty Spire (QoL Compilation)","Rare Cards Sparkle","Reimu??????","Spicy Shops","StSLib","The Administrix","The Animator","The Exalted","The Marked","Wandering Minibosses","???Mod?????????"],"gold_per_floor":[944,869,888,408,408,91,135,154,235,75,75,406,406,417,417,515,515,573,573,596,611,375,375,411,411,436,436,458,493,516,516,516,614,614,646,391,391,403,421,454,274,305,305,329,362,287,302,334,334,334,334,334,92,125,125],"floor_reached":56,"language":"ENG","playtime":69930,"items_purged":["Pain","animator:Strike","animator:Strike","Forgetful"],"score":1617,"play_id":"9b4b59e5-afa9-4e7b-aac3-ccd0f98152e7","local_time":"20210120103633","is_ascension_mode":true,"campfire_choices":[{"data":"animator:AcuraShin","floor":11,"key":"SMITH"},{"data":"animator:Aqua","floor":13,"key":"SMITH"},{"data":"animator:Layla","floor":15,"key":"SMITH"},{"data":"animator:Bozes","floor":23,"key":"SMITH"},{"floor":25,"key":"RECALL"},{"data":"infinitespire:UltimateForm","floor":32,"key":"SMITH"},{"data":"infinitespire:Oblivion","floor":49,"key":"SMITH"},{"data":"infinitespire:TheBestDefense","floor":52,"key":"SMITH"}],"circlet_count":0,"master_deck":["animator:Strike_Konosuba","animator:Defend_Konosuba","animator:Strike","animator:Defend","animator:Defend","animator:Defend","animator:Kazuma","animator:Aqua+1","animator:Ain","animator:Patchouli+1","animator:AcuraShin+1","animator:Layla+1","animator:Darkness","animator:Verdia","animator:Eris","animator:Bozes+1","J.A.X.","animator:Megumin+11","animator:Arpeggio","animator:Witch+1","infinitespire:UltimateForm+1","animator:PandorasActor+1","animator:Layla","animator:Vanir","animator:Eve","infinitespire:TheBestDefense+1","animator:Fredrika","infinitespire:Oblivion+1","animator:LeleiLaLalena+1","animator:Yoichi+1","animator:Tatsumaki+1","animator:Assassin+1","animator:Arpeggio+1","animator:Kazuma+1","animator:Laby","animator:CowGirl+1"],"relics":["animator:TheMissingPiece","animator:PurgingStone","Golden_Hairpin","TwistedFunnel","ClockworkSouvenir","Gensokyo:LunaticRedEyes","Turnip","Enchiridion","Bromod:ArcaneAwakening","MealTicket","Bromod:ArcaneAvenger","Black Star","Toy Ornithopter","Oddly Smooth Stone","Bromod:ArcaneNullifier","Shuriken","Potion Belt","Bronze Scales","Cursed Key","infinitespire:ShieldingShard","CCEMRelics:TinyMinotavrHorn","PreservedInsect","Hallownest:StagBellRelic1","Unceasing Top","infinitespire:FocusingShard","Mastiff:ReiMu","Bromod:ArcaneConsequence","Bottled Tornado","CCEMRelics:GrindingGear","Strawberry","Paper Crane","Bromod:ArcaneTempo"],"acts_visited":["Gensokyo:Gensokyo","TheCity","Hallownest:KingdomsEdge","TheEnding"],"potions_floor_usage":[7,18,28,33,33,40,40,40,42,50,50,55],"damage_taken":[{"damage":0,"enemies":"Gensokyo:Python","floor":1,"turns":3},{"damage":0,"enemies":"Gensokyo:3_Fairies","floor":3,"turns":4},{"damage":18,"enemies":"Gensokyo:Cirno","floor":7,"turns":5},{"damage":0,"enemies":"Gensokyo:2_Kodama","floor":8,"turns":3},{"damage":4,"enemies":"Gensokyo:Mamizou","floor":12,"turns":5},{"damage":7,"enemies":"Gensokyo:Gryphon_and_Rabbit","floor":14,"turns":4},{"damage":0,"enemies":"Gensokyo:Reimu","floor":16,"turns":5},{"damage":9,"enemies":"2 Thieves","floor":18,"turns":3},{"damage":3,"enemies":"Spheric Guardian","floor":20,"turns":3},{"damage":1,"enemies":"Cultist and Chosen","floor":21,"turns":5},{"damage":3,"enemies":"Gremlin Leader","floor":24,"turns":4},{"damage":3,"enemies":"Snecko","floor":28,"turns":3},{"damage":8,"enemies":"animator:HornedBat","floor":29,"turns":5},{"damage":3,"enemies":"Centurion and Healer","floor":30,"turns":5},{"damage":27,"enemies":"Collector","floor":33,"turns":5},{"damage":11,"enemies":"Hallownest:2_Littles","floor":35,"turns":4},{"damage":3,"enemies":"Hallownest:3_Siblings","floor":38,"turns":4},{"damage":0,"enemies":"Hallownest:2_Great","floor":39,"turns":3},{"damage":26,"enemies":"Nightmare","floor":40,"turns":6},{"damage":0,"enemies":"Hallownest:StalkingDevout","floor":42,"turns":2},{"damage":0,"enemies":"Hallownest:Xero_Hu_Marmu","floor":44,"turns":4},{"damage":0,"enemies":"Hallownest:eliteHiveKnight","floor":45,"turns":4},{"damage":0,"enemies":"Hallownest:2_Wandering_and_1_Horned","floor":47,"turns":4},{"damage":0,"enemies":"Hallownest:StalkingDevout","floor":48,"turns":4},{"damage":0,"enemies":"Hallownest:Radiance","floor":50,"turns":7},{"damage":0,"enemies":"Shield and Spear","floor":54,"turns":3},{"damage":30,"enemies":"The Heart","floor":55,"turns":9}],"seed_played":"2700364834589076254","potions_obtained":[{"floor":1,"key":"AttackPotion"},{"floor":8,"key":"BlessingOfTheForge"},{"floor":12,"key":"Swift Potion"},{"floor":18,"key":"Swift Potion"},{"floor":24,"key":"PowerPotion"},{"floor":28,"key":"CultistPotion"},{"floor":30,"key":"SneckoOil"},{"floor":38,"key":"ZuzhouPotion:ReiMu"},{"floor":39,"key":"PowerPotion"},{"floor":42,"key":"BlessingOfTheForge"},{"floor":44,"key":"FearPotion"},{"floor":47,"key":"Block Potion"}],"is_trial":false,"path_per_floor":["M","?","M","COS","?","$","E","M","T","?","R","E","R","M","R","B",null,"M","?","M","M","$","R","E","R","T","AVR","M","E","M","?","R","B",null,"M","$","?","M","M","NM","?","E","T","M","E","?","M","E","R","B",null,"R","$","E","B",null],"character_chosen":"THE_ANIMATOR","items_purchased":["animator:AcuraShin","animator:Layla","animator:Darkness","animator:Arpeggio","infinitespire:ShieldingShard","animator:Laby"],"campfire_rested":0,"item_purchase_floors":[6,6,6,22,36,53],"current_hp_per_floor":[66,66,66,66,66,66,48,48,48,48,48,46,46,42,42,46,67,61,61,61,66,67,67,64,64,64,64,66,62,66,66,66,41,68,60,68,50,50,53,49,49,60,60,66,69,69,69,76,76,76,76,76,76,76,46],"gold":125,"neow_bonus":"BOSS_RELIC","is_daily":false,"chose_seed":false,"campfire_upgraded":7,"win_rate":0.0,"timestamp":1611160593,"path_taken":["M","?","M","COS","?","?","E","M","T","?","R","E","R","M","R","BOSS","M","?","M","M","$","R","E","R","T","AVR","M","E","M","?","R","BOSS","M","$","?","M","M","NM","?","E","T","M","E","?","?","E","R","BOSS","R","$","E","BOSS"],"items_purchased_type":["Card","Card","Card","Card","Relic","Card"],"build_version":"2020-12-22","purchased_purges":4,"victory":true,"max_hp_per_floor":[66,66,66,66,66,66,66,66,66,66,66,66,66,66,66,67,67,67,67,67,67,67,67,67,67,67,67,67,67,68,68,68,68,68,68,68,68,68,68,69,69,69,69,69,69,69,69,76,76,76,76,76,76,76,76],"card_choices":[{"not_picked":["animator:Arpeggio","animator:Chris"],"picked":"animator:Ain","floor":1},{"not_picked":["animator:Hibiki+1","animator:TanyaDegurechaff+1"],"picked":"animator:Patchouli+1","floor":2},{"not_picked":["animator:GuildGirl","animator:Ciel","animator:TukaLunaMarceau"],"picked":"SKIP","floor":3},{"not_picked":["animator:Demiurge","animator:Assassin"],"picked":"animator:Verdia","floor":7},{"not_picked":["animator:LeleiLaLalena","animator:SakuraMatou","animator:Shalltear"],"picked":"SKIP","floor":12},{"not_picked":["animator:Ara","animator:Aqua","animator:Illya"],"picked":"SKIP","floor":14},{"not_picked":["animator:Guren","animator:FeridBathory"],"picked":"animator:Eris","floor":16},{"not_picked":["animator:Demiurge","animator:CowGirl+1"],"picked":"animator:Bozes","floor":18},{"not_picked":["animator:Verdia","animator:Darkness"],"picked":"animator:Megumin","floor":20},{"not_picked":["animator:Ciel","animator:GuildGirl","animator:Evileye"],"picked":"SKIP","floor":21},{"not_picked":["animator:SakuraMatou+1","animator:Tatsumaki"],"picked":"animator:Witch+1","floor":24},{"not_picked":["animator:Rena","animator:Spearman"],"picked":"animator:PandorasActor+1","floor":28},{"not_picked":["animator:Guy","animator:Gillette"],"picked":"animator:Layla","floor":29},{"not_picked":["animator:Chung","animator:Sonic"],"picked":"animator:Vanir","floor":30},{"not_picked":["animator:Wiz","animator:ItamiYouji"],"picked":"animator:Eve","floor":33},{"not_picked":["animator:Evileye+1","animator:Guy"],"picked":"animator:Megumin+1","floor":35},{"not_picked":["infinitespire:Execution","infinitespire:FinalStrike"],"picked":"infinitespire:TheBestDefense","floor":37},{"not_picked":["animator:MetalKnight","animator:Yoichi","animator:Vanir"],"picked":"SKIP","floor":38},{"not_picked":["animator:ChaikaBohdan","animator:Gillette"],"picked":"animator:Fredrika","floor":39},{"not_picked":["infinitespire:TheBestDefense","infinitespire:Starlight"],"picked":"infinitespire:Oblivion","floor":40},{"not_picked":["animator:Raven+1","animator:Gillette+1"],"picked":"animator:LeleiLaLalena+1","floor":40},{"not_picked":["animator:Berserker","animator:ChaikaBohdan+1"],"picked":"animator:Yoichi+1","floor":42},{"not_picked":["animator:Mikaela+1","animator:Kuribayashi"],"picked":"animator:Tatsumaki+1","floor":44},{"not_picked":["animator:Genos+1","animator:Elsword+1"],"picked":"animator:Assassin+1","floor":46},{"not_picked":["animator:Tyuule","animator:Ain"],"picked":"animator:Arpeggio+1","floor":47},{"not_picked":["animator:Vanir+1","animator:Guren"],"picked":"animator:Kazuma+1","floor":48},{"not_picked":["animator:Melzalgald+1","animator:Sebas"],"picked":"animator:CowGirl+1","floor":54}],"player_experience":2696404,"relics_obtained":[{"floor":7,"key":"Turnip"},{"floor":12,"key":"MealTicket"},{"floor":24,"key":"Toy Ornithopter"},{"floor":24,"key":"Oddly Smooth Stone"},{"floor":26,"key":"Bromod:ArcaneNullifier"},{"floor":29,"key":"Shuriken"},{"floor":29,"key":"Potion Belt"},{"floor":40,"key":"CCEMRelics:TinyMinotavrHorn"},{"floor":40,"key":"PreservedInsect"},{"floor":42,"key":"Unceasing Top"},{"floor":42,"key":"infinitespire:FocusingShard"},{"floor":43,"key":"Mastiff:ReiMu"},{"floor":45,"key":"Bromod:ArcaneConsequence"},{"floor":45,"key":"Bottled Tornado"},{"floor":48,"key":"CCEMRelics:GrindingGear"},{"floor":48,"key":"Strawberry"},{"floor":54,"key":"Paper Crane"},{"floor":54,"key":"Bromod:ArcaneTempo"}],"event_choices":[{"damage_healed":0,"gold_gain":0,"player_choice":"2","damage_taken":0,"max_hp_gain":0,"max_hp_loss":0,"event_name":"betterMatch:BetterMatch","floor":2,"gold_loss":0,"cards_obtained":["betterMatch:ColorlessRareCard"]},{"damage_healed":0,"gold_gain":0,"player_choice":"Obtain J.A.X.","damage_taken":0,"max_hp_gain":0,"max_hp_loss":0,"event_name":"Drug Dealer","floor":19,"gold_loss":0,"cards_obtained":["J.A.X."]},{"damage_healed":0,"gold_gain":0,"player_choice":"Opened","damage_taken":0,"relics_obtained":["Bronze Scales"],"max_hp_gain":0,"max_hp_loss":0,"event_name":"The Mausoleum","floor":31,"gold_loss":0},{"damage_healed":0,"gold_gain":0,"player_choice":"2","damage_taken":0,"max_hp_gain":0,"max_hp_loss":0,"event_name":"betterMatch:BetterMatch","floor":46,"gold_loss":0,"cards_obtained":["betterMatch:CommonCard"]}],"is_beta":false,"boss_relics":[{"not_picked":["animator:CursedBlade","Bromod:ArcaneBarrier"],"picked":"Black Star"},{"not_picked":["SacredBark","Tiny House"],"picked":"Cursed Key"}],"items_purged_floors":[6,22,27,53],"is_endless":false,"potions_floor_spawned":[1,8,12,18,24,28,30,38,39,42,44,47],"ascension_level":1}}