{"host":"9ltncrns7b9wt2tr","time":1611125555,"event":{"mods":["AchievementEnabler","BaseMod","BetterRewards","Colored Map","Colored Powertips","Minty Spire (QoL Compilation)","Quick Restart","Replay The Spire","StSLib","SuperFastMode"],"gold_per_floor":[112,145,160,175,189,221,221,248,320,335,335,335,335,87,87,190,190,201,221,234,234,1,26,26,26,26,26,26],"floor_reached":27,"language":"ZHS","playtime":1679,"items_purged":["Spreading Infection","Defend_B","Strike_B"],"score":306,"play_id":"cb882e77-7682-408f-a415-bf6ca2e7266e","local_time":"20210120145235","is_ascension_mode":true,"campfire_choices":[{"data":"Coolheaded","floor":7,"key":"SMITH"},{"data":"ReplayTheSpireMod:Calculation Training","floor":15,"key":"SMITH"}],"circlet_count":0,"master_deck":["Strike_B","Defend_B","Defend_B","Defend_B","Zap","Dualcast","Mirror Shield","Mirror Shield","Go for the Eyes","BootSequence","Cold Snap","ReplayTheSpireMod:Calculation Training+1","Coolheaded+1","Conserve Battery","Rainbow","FIFO Queue","Tempest","Finesse"],"relics":["Cracked Core","Replay:Wax Seal","ReplayTheSpireMod:CursedCoin","Thread and Needle","Gambling Chip","MealTicket","Solar Panel","Art of War","SlaversCollar","BargainBundle","Meat on the Bone","Ring of Peace","Ring of Fury","Molten Egg 2"],"acts_visited":["Exordium","TheCity"],"potions_floor_usage":[6,16],"damage_taken":[{"damage":2,"enemies":"Cultist","floor":1,"turns":4},{"damage":0,"enemies":"Jaw Worm","floor":3,"turns":2},{"damage":0,"enemies":"2 Louse","floor":4,"turns":2},{"damage":0,"enemies":"Lots of Slimes","floor":5,"turns":4},{"damage":0,"enemies":"Gremlin Nob","floor":6,"turns":4},{"damage":0,"enemies":"3 Sentries","floor":8,"turns":7},{"damage":0,"enemies":"Large Slime","floor":10,"turns":7},{"damage":11,"enemies":"Slime Boss","floor":16,"turns":13},{"damage":0,"enemies":"Shell Parasite","floor":18,"turns":8},{"damage":0,"enemies":"Spheric Guardian","floor":19,"turns":7},{"damage":0,"enemies":"Shelled Parasite and Fungi","floor":20,"turns":9},{"damage":11,"enemies":"Slavers","floor":23,"turns":7},{"damage":150,"enemies":"Snecko","floor":27,"turns":5}],"seed_played":"7148273260099035309","potions_obtained":[{"floor":1,"key":"SkillPotion"},{"floor":4,"key":"SteroidPotion"},{"floor":8,"key":"Adrenaline Potion"},{"floor":13,"key":"Swift Potion"},{"floor":13,"key":"DistilledChaos"},{"floor":13,"key":"LiquidMemories"},{"floor":16,"key":"PowerPotion"},{"floor":19,"key":"DistilledChaos"}],"is_trial":false,"path_per_floor":["M","?","M","M","M","E","R","E","T","M","?","T","?","$","R","B",null,"M","M","M","?","$","E","$","?","T","M"],"character_chosen":"DEFECT","items_purchased":["Replay:Wax Seal","ReplayTheSpireMod:CursedCoin","Mirror Shield","Art of War","BargainBundle","FIFO Queue","Tempest","Finesse"],"campfire_rested":0,"item_purchase_floors":[0,0,0,14,22,22,22,22],"current_hp_per_floor":[73,55,55,55,55,55,55,55,55,55,48,48,48,63,63,52,75,75,75,75,75,75,66,75,75,75,0,0],"gold":26,"neow_bonus":"","is_daily":false,"chose_seed":false,"campfire_upgraded":2,"win_rate":0.0,"timestamp":1611125555,"path_taken":["M","?","M","?","M","E","R","E","T","M","?","?","?","$","R","BOSS","M","M","?","?","?","E","$","?","T","M"],"items_purchased_type":["Relic","Relic","Card","Relic","Relic","Card","Card","Card"],"build_version":"2020-12-22","purchased_purges":3,"victory":false,"max_hp_per_floor":[75,75,75,75,75,75,75,75,75,75,75,75,75,75,75,75,75,75,75,75,75,75,75,75,75,75,75,75],"card_choices":[{"not_picked":["Steam","Leap"],"picked":"Go for the Eyes","floor":1},{"not_picked":["Barrage","White Noise"],"picked":"BootSequence","floor":2},{"not_picked":["BootSequence","Rebound"],"picked":"Cold Snap","floor":3},{"not_picked":["Genetic Algorithm","Redo"],"picked":"ReplayTheSpireMod:Calculation Training","floor":4},{"not_picked":["Chaos","Leap","Rebound"],"picked":"SKIP","floor":5},{"not_picked":["Barrage","Gash"],"picked":"Coolheaded","floor":6},{"not_picked":["Hologram","Scrape","Stack"],"picked":"SKIP","floor":8},{"not_picked":["BasicCrystalCard","Sweeping Beam"],"picked":"Conserve Battery","floor":10},{"not_picked":["Biased Cognition","All For One"],"picked":"Rainbow","floor":16},{"not_picked":["Compile Driver","Stack+1","ReplaySolidLightProjector+1"],"picked":"SKIP","floor":18},{"not_picked":["Rebound","Leap+1","FTL"],"picked":"SKIP","floor":19},{"not_picked":["Turbo","Leap+1","Beam Cell"],"picked":"SKIP","floor":20},{"not_picked":["FTL+1","Stack","Reinforced Body+1"],"picked":"SKIP","floor":23}],"player_experience":90063,"relics_obtained":[{"floor":2,"key":"Thread and Needle"},{"floor":6,"key":"Gambling Chip"},{"floor":8,"key":"MealTicket"},{"floor":12,"key":"Solar Panel"},{"floor":23,"key":"Meat on the Bone"},{"floor":25,"key":"Ring of Peace"},{"floor":25,"key":"Ring of Fury"},{"floor":26,"key":"Molten Egg 2"}],"event_choices":[{"cards_removed":["Strike_B"],"damage_healed":0,"gold_gain":0,"player_choice":"Card Removal","damage_taken":7,"max_hp_gain":0,"max_hp_loss":0,"event_name":"Golden Wing","floor":11,"gold_loss":0},{"damage_healed":0,"gold_gain":0,"player_choice":"Got Potions","damage_taken":0,"max_hp_gain":0,"max_hp_loss":0,"event_name":"Lab","floor":13,"gold_loss":0},{"cards_removed":["Strike_B"],"damage_healed":0,"gold_gain":0,"player_choice":"Elegance","damage_taken":0,"max_hp_gain":0,"max_hp_loss":0,"event_name":"Back to Basics","floor":21,"gold_loss":0}],"is_beta":false,"boss_relics":[{"not_picked":["Replay:Wanted Poster","Velvet Choker"],"picked":"SlaversCollar"}],"items_purged_floors":[0,14,22],"is_endless":false,"potions_floor_spawned":[1,4,8,16,19],"killed_by":"Snecko","ascension_level":1}}