{"host":"f0gpob8hq9vgebej","time":1611160868,"event":{"mods":["AchievementEnabler","BaseMod","Minty Spire (QoL Compilation)","Quick Restart","SuperFastMode"],"gold_per_floor":[365,40,40,55,65,65,91,91,91,91,106,106,125,145,163,163,163,163],"floor_reached":17,"language":"KOR","playtime":258,"items_purged":["Strike_R"],"score":174,"play_id":"f3b7a5c1-a18d-4c33-ad01-d58a2cdcf187","local_time":"20210121014108","is_ascension_mode":true,"campfire_choices":[{"data":"Shrug It Off","floor":6,"key":"SMITH"},{"data":"Bash","floor":8,"key":"SMITH"},{"data":"Flex","floor":16,"key":"SMITH"}],"circlet_count":0,"master_deck":["AscendersBane","Strike_R","Strike_R","Strike_R","Defend_R","Defend_R","Defend_R","Defend_R","Bash+1","Shrug It Off+1","Flex+1","Battle Trance","Pommel Strike","Dark Embrace+1","Cleave"],"relics":["Burning Blood","Frozen Egg 2","Letter Opener","Self Forming Clay"],"acts_visited":["Exordium"],"potions_floor_usage":[7,17],"damage_taken":[{"damage":11,"enemies":"Cultist","floor":1,"turns":4},{"damage":6,"enemies":"Jaw Worm","floor":4,"turns":4},{"damage":3,"enemies":"2 Louse","floor":5,"turns":4},{"damage":27,"enemies":"Gremlin Nob","floor":7,"turns":5},{"damage":15,"enemies":"Exordium Wildlife","floor":11,"turns":6},{"damage":0,"enemies":"3 Louse","floor":13,"turns":5},{"damage":6,"enemies":"Looter","floor":14,"turns":3},{"damage":3,"enemies":"Blue Slaver","floor":15,"turns":4},{"damage":6,"enemies":"Hexaghost","floor":17,"turns":4}],"seed_played":"-4760095587905568780","potions_obtained":[{"floor":4,"key":"Block Potion"},{"floor":5,"key":"SpeedPotion"},{"floor":7,"key":"SpeedPotion"}],"is_trial":false,"path_per_floor":["M","$","?","M","M","R","E","R","T","?","M","M","M","M","M","R","B"],"character_chosen":"IRONCLAD","items_purchased":["Frozen Egg 2"],"campfire_rested":0,"item_purchase_floors":[2],"current_hp_per_floor":[46,46,51,51,54,54,33,33,33,33,24,24,30,30,33,33,27,27],"gold":163,"neow_bonus":"TWO_FIFTY_GOLD","is_daily":false,"chose_seed":false,"campfire_upgraded":3,"win_rate":0.0,"timestamp":1611160868,"path_taken":["M","$","?","M","M","R","E","R","T","?","M","M","?","M","M","R","BOSS"],"items_purchased_type":["Relic"],"build_version":"2020-12-22","purchased_purges":1,"victory":false,"max_hp_per_floor":[80,80,85,85,85,85,85,85,85,85,85,85,85,85,85,85,85,85],"card_choices":[{"not_picked":["Havoc","Heavy Blade"],"picked":"Shrug It Off","floor":1},{"not_picked":["Warcry","Reckless Charge"],"picked":"Flex","floor":4},{"not_picked":["Metallicize+1","Havoc","Heavy Blade"],"picked":"SKIP","floor":5},{"not_picked":["Seeing Red","Searing Blow"],"picked":"Battle Trance","floor":7},{"not_picked":["Blood for Blood","Twin Strike","Havoc"],"picked":"SKIP","floor":11},{"not_picked":["Anger","Berserk+1"],"picked":"Pommel Strike","floor":13},{"not_picked":["Hemokinesis","Sever Soul"],"picked":"Dark Embrace+1","floor":14},{"not_picked":["Thunderclap","Iron Wave"],"picked":"Cleave","floor":15}],"player_experience":185710,"relics_obtained":[{"floor":7,"key":"Letter Opener"},{"floor":9,"key":"Self Forming Clay"}],"event_choices":[{"damage_healed":0,"gold_gain":0,"player_choice":"Donut","damage_taken":0,"max_hp_gain":5,"max_hp_loss":0,"event_name":"Big Fish","floor":3,"gold_loss":0},{"cards_removed":["Strike_R"],"damage_healed":0,"gold_gain":0,"player_choice":"Offered Basic","damage_taken":0,"max_hp_gain":0,"max_hp_loss":0,"event_name":"Bonfire Elementals","floor":10,"gold_loss":0}],"is_beta":false,"boss_relics":[],"items_purged_floors":[2],"is_endless":false,"potions_floor_spawned":[4,5,7],"killed_by":"Hexaghost","ascension_level":12}}