{"host":"Kdaddybrian","time":1611110142,"event":{"mods":["AchievementEnabler","BaseMod","Bestiary","Colored Powertips","Minty Spire (QoL Compilation)","Potion Indicator Mod","Quick Restart","Rare Cards Sparkle","Relic Stats","StSLib","Uncapped"],"gold_per_floor":[109,129,129,129,129,157,174,174,174,184,197,225,225,244,244,244,244],"floor_reached":16,"language":"ENG","playtime":390,"items_purged":[],"score":206,"play_id":"405569a4-98aa-4dc7-be4c-e1d40fc6f70e","local_time":"20210119213542","is_ascension_mode":true,"campfire_choices":[{"data":"Loop","floor":8,"key":"SMITH"},{"floor":15,"key":"REST"}],"circlet_count":0,"master_deck":["AscendersBane","Strike_B","Strike_B","Strike_B","Strike_B","Defend_B","Defend_B","Defend_B","Zap","Dualcast","Loop+1","Coolheaded","FTL","Sweeping Beam","Genetic Algorithm","Rebound+1","Undo","Compile Driver+1"],"relics":["Cracked Core","NeowsBlessing","Smiling Mask","MealTicket","Cables","Molten Egg 2","Frozen Egg 2","Centennial Puzzle"],"acts_visited":["Exordium"],"potions_floor_usage":[10,16,16],"damage_taken":[{"damage":0,"enemies":"Cultist","floor":1,"turns":1},{"damage":0,"enemies":"Jaw Worm","floor":2,"turns":1},{"damage":0,"enemies":"Lagavulin","floor":6,"turns":1},{"damage":11,"enemies":"Small Slimes","floor":7,"turns":3},{"damage":9,"enemies":"Red Slaver","floor":10,"turns":4},{"damage":16,"enemies":"3 Louse","floor":11,"turns":4},{"damage":22,"enemies":"Gremlin Nob","floor":12,"turns":4},{"damage":1,"enemies":"Looter","floor":14,"turns":3},{"damage":30,"enemies":"The Guardian","floor":16,"turns":8}],"seed_played":"-1952540669397600292","potions_obtained":[{"floor":6,"key":"GamblersBrew"},{"floor":12,"key":"SteroidPotion"},{"floor":14,"key":"AttackPotion"}],"is_trial":false,"path_per_floor":["M","M","T","?","?","E","M","R","T","M","M","E","?","M","R","B"],"character_chosen":"DEFECT","items_purchased":[],"campfire_rested":1,"item_purchase_floors":[],"current_hp_per_floor":[68,68,68,61,61,61,50,50,50,41,25,3,3,2,24,0,0],"gold":244,"neow_bonus":"THREE_ENEMY_KILL","is_daily":false,"chose_seed":false,"campfire_upgraded":1,"win_rate":0.0,"timestamp":1611110142,"path_taken":["M","M","?","?","?","E","M","R","T","M","?","E","?","M","R","BOSS"],"items_purchased_type":[],"build_version":"2020-12-18","purchased_purges":0,"victory":false,"max_hp_per_floor":[75,75,75,75,75,75,75,75,75,75,75,75,75,75,75,75,75],"relic_stats":{"Centennial Puzzle":[6],"counters":[9,28],"MealTicket":0,"Smiling Mask":0,"obtain_stats":[{"Centennial Puzzle":13,"NeowsBlessing":0,"MealTicket":4,"Molten Egg 2":9,"Frozen Egg 2":12,"Cracked Core":0,"Smiling Mask":3,"Cables":6},{"Centennial Puzzle":7,"NeowsBlessing":0,"MealTicket":2,"Molten Egg 2":4,"Frozen Egg 2":7,"Cracked Core":0,"Smiling Mask":2,"Cables":3},{"Centennial Puzzle":17,"NeowsBlessing":0,"MealTicket":2,"Molten Egg 2":6,"Frozen Egg 2":17,"Cracked Core":0,"Smiling Mask":2,"Cables":3}],"Cables":[21,19,2,0,0]},"card_choices":[{"not_picked":["Barrage","Static Discharge"],"picked":"Loop","floor":1},{"not_picked":["Steam","Turbo"],"picked":"Coolheaded","floor":2},{"not_picked":["Stack","Double Energy"],"picked":"FTL","floor":6},{"not_picked":["Gash","Static Discharge"],"picked":"Sweeping Beam","floor":7},{"not_picked":["Conserve Battery","Machine Learning"],"picked":"Genetic Algorithm","floor":10},{"not_picked":["Coolheaded","Conserve Battery"],"picked":"Rebound+1","floor":11},{"not_picked":["Conserve Battery","Beam Cell+1"],"picked":"Undo","floor":12},{"not_picked":["Coolheaded","Leap"],"picked":"Compile Driver+1","floor":14}],"player_experience":2971329,"relics_obtained":[{"floor":3,"key":"Smiling Mask"},{"floor":6,"key":"Cables"},{"floor":9,"key":"Molten Egg 2"},{"floor":12,"key":"Frozen Egg 2"}],"event_choices":[{"damage_healed":0,"gold_gain":0,"player_choice":"Success","damage_taken":7,"relics_obtained":["MealTicket"],"max_hp_gain":0,"max_hp_loss":0,"event_name":"Scrap Ooze","floor":4,"gold_loss":0},{"cards_removed":["Defend_B"],"damage_healed":0,"gold_gain":0,"player_choice":"Purged","damage_taken":0,"max_hp_gain":0,"max_hp_loss":0,"event_name":"Purifier","floor":5,"gold_loss":0},{"damage_healed":0,"gold_gain":0,"player_choice":"Searched \u00271\u0027 times","damage_taken":0,"relics_obtained":["Centennial Puzzle"],"max_hp_gain":0,"max_hp_loss":0,"event_name":"Dead Adventurer","floor":13,"gold_loss":0}],"is_beta":true,"boss_relics":[],"items_purged_floors":[],"is_endless":false,"potions_floor_spawned":[6,12,14],"killed_by":"The Guardian","ascension_level":10}}