{"host":"svjsz61ic7qdyp36","time":1611177143,"event":{"mods":["BaseMod","Colored Map","Colored Powertips","Downfall","Hermit","Infinite Spire","Marisa????????","Minty Spire (QoL Compilation)","StSLib","The Servant 0.9.4"],"gold_per_floor":[99,99,99,99,99,199,250,250,55,72,83,139,139,168,185,185,185,185],"floor_reached":16,"language":"ENG","playtime":742,"items_purged":[],"score":96,"play_id":"7754d5e7-2203-4988-82f0-fcde33eadf06","local_time":"20210120211223","is_ascension_mode":false,"campfire_choices":[{"data":"Slimebound:Split","floor":1,"key":"SMITH"},{"floor":8,"key":"REST"},{"floor":13,"key":"REST"}],"circlet_count":0,"master_deck":["Slimebound:Strike_Slimebound","Slimebound:Strike_Slimebound","Slimebound:Strike_Slimebound+1","Slimebound:Defend_Slimebound","Slimebound:Defend_Slimebound","Slimebound:Defend_Slimebound","Slimebound:Defend_Slimebound","Slimebound:Split+1","Slimebound:CorrosiveSpit","Slimebound:SplitBruiser+1","Slimebound:ViciousTackle","Slimebound:RejuvenatingLick","Slimebound:SamplingLick","Slimebound:LeechEnergy+1","Slimebound:LivingWall","Slimebound:SplitMire","Slimebound:SlimeBrawl","Slimebound:LeadByExample","Slimebound:SpikyOuterGoop","Slimebound:RainOfGoop","Slimebound:Schlurp"],"relics":["Slimebound:AbsorbEndCombat","downfall:HeartsMalice","WarpedTongs","Juzu Bracelet","Medical Kit","Whetstone","infinitespire:BottledMercury"],"acts_visited":["Exordium"],"potions_floor_usage":[14,14],"damage_taken":[{"damage":0,"enemies":"Cultist","floor":2,"turns":1},{"damage":0,"enemies":"2 Louse","floor":3,"turns":1},{"damage":0,"enemies":"Small Slimes","floor":5,"turns":1},{"damage":41,"enemies":"downfall:Heads","floor":6,"turns":6},{"damage":1,"enemies":"downfall:FleeingMerchant","floor":9,"turns":4},{"damage":16,"enemies":"2 Fungi Beasts","floor":10,"turns":3},{"damage":5,"enemies":"3 Louse","floor":11,"turns":2},{"damage":27,"enemies":"3 Sentries","floor":12,"turns":4},{"damage":18,"enemies":"3 Sentries","floor":14,"turns":6},{"damage":1,"enemies":"Exordium Wildlife","floor":15,"turns":2},{"damage":32,"enemies":"SI_SHIV_ARCHETYPE","floor":16,"turns":3}],"seed_played":"5096348497282458660","potions_obtained":[{"floor":10,"key":"bronze:BurnAndBuffPotion"},{"floor":12,"key":"Slimebound:SlimyTonguePotion"},{"floor":15,"key":"sneckomod:MuddlingPotion"}],"is_trial":false,"path_per_floor":["R","M","M","?","M","?","T","R","$","M","M","?","R","E","M","B"],"character_chosen":"SLIMEBOUND","items_purchased":["Slimebound:SplitMire","Medical Kit"],"campfire_rested":2,"item_purchase_floors":[9,9],"current_hp_per_floor":[65,65,65,65,65,28,28,47,52,40,39,18,37,27,30,0,0,0],"gold":185,"neow_bonus":"THREE_ENEMY_KILL","is_daily":false,"chose_seed":false,"campfire_upgraded":1,"win_rate":0.0,"timestamp":1611177143,"path_taken":["R","M","M","?","?","?","T","R","$","M","M","?","R","E","M","BOSS"],"items_purchased_type":["Card","Relic"],"build_version":"2020-12-22","purchased_purges":0,"victory":false,"max_hp_per_floor":[65,65,65,65,65,65,65,65,65,65,65,65,65,65,65,65,65,65],"card_choices":[{"not_picked":["Slimebound:AcidTongue","Slimebound:LeechEnergy"],"picked":"Slimebound:SplitBruiser","floor":2},{"not_picked":["Slimebound:RollThrough","Slimebound:WasteNot"],"picked":"Slimebound:ViciousTackle","floor":3},{"not_picked":["Slimebound:LeadByExample","Slimebound:SplitMire"],"picked":"Slimebound:RejuvenatingLick","floor":5},{"not_picked":["Slimebound:ComboTackle","Slimebound:SpikyOuterGoop"],"picked":"Slimebound:LeechEnergy","floor":6},{"not_picked":["Slimebound:PressTheAttack","Slimebound:Prepare"],"picked":"Slimebound:LivingWall","floor":9},{"not_picked":["Slimebound:OozeBath","Slimebound:ViciousTackle"],"picked":"Slimebound:SlimeBrawl","floor":10},{"not_picked":["Slimebound:SplitBruiser","Slimebound:ItLooksTasty"],"picked":"Slimebound:LeadByExample","floor":11},{"not_picked":["Slimebound:ComboTackle","Slimebound:LeechEnergy"],"picked":"Slimebound:SpikyOuterGoop","floor":12},{"not_picked":["Slimebound:RollThrough","Slimebound:PressTheAttack"],"picked":"Slimebound:RainOfGoop","floor":14},{"not_picked":["Slimebound:LivingWall","Slimebound:ComboTackle"],"picked":"Slimebound:Schlurp","floor":15}],"player_experience":238733,"relics_obtained":[{"floor":7,"key":"Juzu Bracelet"},{"floor":12,"key":"Whetstone"},{"floor":14,"key":"infinitespire:BottledMercury"}],"event_choices":[{"damage_healed":0,"gold_gain":0,"player_choice":"Rummage","damage_taken":0,"relics_obtained":["WarpedTongs"],"max_hp_gain":0,"max_hp_loss":0,"event_name":"Accursed Blacksmith","floor":4,"gold_loss":0,"cards_obtained":["Pain"]}],"is_beta":false,"boss_relics":[],"items_purged_floors":[],"is_endless":false,"potions_floor_spawned":[10,12,15],"killed_by":"SI_SHIV_ARCHETYPE","ascension_level":0}}