{"host":"uyrebrj0204enqpc","time":1611109969,"event":{"mods":["Act Like it!","Bard","BaseMod","Block Reminder","Challenge The Spire","Colored Map","Colored Powertips","DeckTracker","Downfall","GifTheSpireLib","HexUI Lib","Highlight Path","Hubris","Infinite Spire","Minty Spire (QoL Compilation)","Pale of the Ancients","Quick Restart","Random Character Button","Relic Sorter","Relic Stats","Shop Mod","StSLib","The Blue Laboratory","The Bug Knight","The Cursed","The Jungle","The Marked","Wandering Minibosses"],"gold_per_floor":[115,40,40,57,74,74,105,180,261,261,287,287,303,286,286,391,441,457,457,556,556,496,496],"floor_reached":22,"language":"ENG","playtime":843,"items_purged":["theMarked:Defend"],"score":228,"play_id":"95d2b639-9374-4b0f-a91b-2de64e7f1cad","local_time":"20210119213249","is_ascension_mode":true,"campfire_choices":[{"data":"theMarked:SoldierOfQuellstein","floor":6,"key":"SMITH"},{"data":"theMarked:Standoff","floor":10,"key":"SMITH"},{"floor":12,"key":"REST"},{"floor":15,"key":"REST"}],"circlet_count":0,"master_deck":["theMarked:Strike","theMarked:Strike","theMarked:Strike","theMarked:Defend+1","theMarked:Defend","theMarked:Defend","theMarked:SoldierOfQuellstein+1","theMarked:ParalyzingBlade","theMarked:ElementalBlade","theMarked:Standoff+1","theMarked:SummonStrength","theMarked:TwofoldDefense","theMarked:BindingBlade"],"relics":["theMarked:ArtifactOfAir","NeowsBlessing","Dream Catcher","Tiny House"],"acts_visited":["Exordium","TheCity"],"potions_floor_usage":[7,16],"damage_taken":[{"damage":0,"enemies":"2 Louse","floor":1,"turns":1},{"damage":0,"enemies":"Cultist","floor":4,"turns":1},{"damage":0,"enemies":"Jaw Worm","floor":5,"turns":1},{"damage":20,"enemies":"Lagavulin","floor":7,"turns":5},{"damage":16,"enemies":"The Mushroom Lair","floor":11,"turns":5},{"damage":5,"enemies":"3 Louse","floor":13,"turns":3},{"damage":15,"enemies":"2 Fungi Beasts","floor":14,"turns":5},{"damage":2,"enemies":"The Guardian","floor":16,"turns":17},{"damage":52,"enemies":"3 Byrds","floor":18,"turns":8},{"damage":17,"enemies":"2 Thieves","floor":22,"turns":2}],"seed_played":"-8695824341800871460","potions_obtained":[{"floor":4,"key":"blueLaboratory:EmptyBottle"},{"floor":7,"key":"blueLaboratory:BottledHope"},{"floor":13,"key":"LiquidMemories"},{"floor":17,"key":"SpeedPotion"}],"is_trial":false,"path_per_floor":["M","$","?","M","M","R","E","?","T","R","?","R","M","M","R","B",null,"M","?","?","?","M"],"character_chosen":"THE_DEFAULT","items_purchased":[],"campfire_rested":2,"item_purchase_floors":[],"current_hp_per_floor":[70,70,70,70,70,70,50,39,39,39,23,44,39,24,45,43,68,16,16,16,16,0,0],"gold":496,"neow_bonus":"THREE_ENEMY_KILL","is_daily":false,"chose_seed":false,"campfire_upgraded":2,"win_rate":0.0,"timestamp":1611109969,"path_taken":["M","$","?","M","?","R","E","?","T","R","?","R","M","M","R","BOSS","M","?","?","?","?"],"items_purchased_type":[],"build_version":"2020-12-22","purchased_purges":1,"victory":false,"max_hp_per_floor":[70,70,70,70,70,70,70,70,70,70,70,70,70,70,70,70,75,75,75,75,75,75,75],"relic_stats":{"Dream Catcher":2,"counters":[10,48],"obtain_stats":[{"theMarked:ArtifactOfAir":0,"Dream Catcher":7,"Tiny House":17,"NeowsBlessing":0,"Odd Mushroom":11},{"theMarked:ArtifactOfAir":0,"Dream Catcher":4,"Tiny House":8,"NeowsBlessing":0,"Odd Mushroom":5},{"theMarked:ArtifactOfAir":0,"Dream Catcher":8,"Tiny House":38,"NeowsBlessing":0,"Odd Mushroom":13}]},"card_choices":[{"not_picked":["theMarked:ElectricStrings","theMarked:LightningStrikesTwice"],"picked":"theMarked:ParalyzingBlade","floor":1},{"not_picked":["theMarked:ResourceFulStrike","theMarked:EmpowerWeapon"],"picked":"theMarked:ElementalBlade","floor":4},{"not_picked":["theMarked:ElectricStrings","theMarked:SwordAndMagic","theMarked:WastefulDefense"],"picked":"SKIP","floor":5},{"not_picked":["theMarked:BanishingStrike","theMarked:ChainLightning"],"picked":"theMarked:Standoff","floor":7},{"not_picked":["theMarked:WardOff","theMarked:ShockingTouch"],"picked":"theMarked:SummonStrength","floor":11},{"not_picked":["theMarked:WastefulDefense","theMarked:RepellingDischarge","theMarked:ElectricStrings"],"picked":"SKIP","floor":13},{"not_picked":["theMarked:BanishingStrike","theMarked:Parkour"],"picked":"theMarked:TwofoldDefense","floor":14},{"not_picked":["theMarked:Snap","theMarked:MuscleMemory"],"picked":"theMarked:BindingBlade","floor":16},{"not_picked":["theMarked:MaelstromOfLightning","theMarked:ChainLightning","theMarked:WastefulDefense"],"picked":"SKIP","floor":18}],"player_experience":1081819,"relics_obtained":[{"floor":7,"key":"Dream Catcher"},{"floor":11,"key":"Odd Mushroom"}],"event_choices":[{"cards_removed":["theMarked:Strike"],"damage_healed":0,"gold_gain":0,"player_choice":"Offered Basic","damage_taken":0,"max_hp_gain":0,"max_hp_loss":0,"event_name":"Bonfire Elementals","floor":3,"gold_loss":0},{"damage_healed":0,"gold_gain":75,"player_choice":"Gather Gold","damage_taken":11,"max_hp_gain":0,"max_hp_loss":0,"event_name":"World of Goop","floor":8,"gold_loss":0},{"damage_healed":0,"gold_gain":0,"player_choice":"Fought Mushrooms","damage_taken":0,"max_hp_gain":0,"max_hp_loss":0,"event_name":"Mushrooms","floor":11,"gold_loss":0},{"damage_healed":0,"gold_gain":0,"player_choice":"Ignored","damage_taken":0,"max_hp_gain":0,"max_hp_loss":0,"event_name":"Ghosts","floor":19,"gold_loss":0},{"damage_healed":0,"gold_gain":99,"player_choice":"Stole From Cult","damage_taken":0,"max_hp_gain":0,"max_hp_loss":0,"event_name":"Nest","floor":20,"gold_loss":0},{"cards_removed":["theMarked:Strike"],"damage_healed":0,"gold_gain":0,"player_choice":"Purged","damage_taken":0,"max_hp_gain":0,"max_hp_loss":0,"event_name":"Purifier","floor":21,"gold_loss":0}],"is_beta":false,"boss_relics":[{"not_picked":["hubris:GrandSneckoEye","hubris:BlackHole"],"picked":"Tiny House"}],"items_purged_floors":[2],"is_endless":false,"potions_floor_spawned":[4,7,13],"killed_by":"2 Thieves","ascension_level":5}}