{"host":"cw25u8qal1h0d7ia","time":1611146047,"event":{"mods":["BaseMod","Downfall","Minty Spire (QoL Compilation)","StSLib"],"gold_per_floor":[99,122,272,272,291,319,319,219,66,166,66,81,109,126,144,144,144,144],"floor_reached":16,"language":"ENG","playtime":1161,"items_purged":[],"score":102,"play_id":"8e86322b-7608-4d8f-8a2c-d81230abe821","local_time":"20210120133407","is_ascension_mode":false,"campfire_choices":[{"data":"hexamod:Float","floor":1,"key":"SMITH"},{"floor":8,"key":"RECALL"},{"data":"hexamod:FlamesFromBeyond","floor":11,"key":"SMITH"}],"circlet_count":0,"master_deck":["hexamod:Strike","hexamod:Strike+1","hexamod:Strike","hexamod:Defend+1","hexamod:Defend","hexamod:Defend","hexamod:Defend","hexamod:Sear+1","hexamod:Float+1","hexamod:SecondSeal","hexamod:FlamesFromBeyond+1","hexamod:GhostOfSpirePast","hexamod:SixthSeal","hexamod:FlamesFromBeyond+1","hexamod:SkipABeat","hexamod:StepThrough","hexamod:HexaLevel"],"relics":["hexamod:SpiritBrand","downfall:HeartBlessingBlue","Membership Card","downfall:HeartBlessingRed","WingedGreaves"],"acts_visited":["Exordium"],"potions_floor_usage":[16,16,16],"damage_taken":[{"damage":1,"enemies":"2 Louse","floor":2,"turns":3},{"damage":0,"enemies":"Small Slimes","floor":5,"turns":3},{"damage":0,"enemies":"Jaw Worm","floor":6,"turns":3},{"damage":0,"enemies":"downfall:FleeingMerchant","floor":9,"turns":4},{"damage":12,"enemies":"2 Fungi Beasts","floor":12,"turns":3},{"damage":16,"enemies":"3 Sentries","floor":13,"turns":9},{"damage":29,"enemies":"Gremlin Gang","floor":14,"turns":3},{"damage":0,"enemies":"Blue Slaver","floor":15,"turns":3},{"damage":32,"enemies":"DF_ARCHETYPE_STREAMLINE","floor":16,"turns":6}],"seed_played":"2119987275889028894","potions_obtained":[{"floor":6,"key":"PowerPotion"},{"floor":12,"key":"Guardian:BlockOnCardUsePotion"},{"floor":14,"key":"hexamod:SoulburnPotion"}],"is_trial":false,"path_per_floor":["R","M","?","?","M","M","T","R","$","?","R","M","E","M","M","B"],"character_chosen":"THE_SPIRIT","items_purchased":["Membership Card"],"campfire_rested":0,"item_purchase_floors":[9],"current_hp_per_floor":[70,69,69,69,69,69,69,79,79,79,79,67,51,22,22,0,0,0],"gold":144,"neow_bonus":"TRANSFORM_CARD","is_daily":false,"chose_seed":false,"campfire_upgraded":2,"win_rate":0.0,"timestamp":1611146047,"path_taken":["R","M","?","?","M","M","T","R","?","?","R","M","E","?","M","BOSS"],"items_purchased_type":["Relic"],"build_version":"2020-12-22","purchased_purges":0,"victory":false,"max_hp_per_floor":[70,70,70,70,70,70,70,80,80,80,80,80,80,80,80,80,80,80],"card_choices":[{"not_picked":["hexamod:ThermalTransfer","hexamod:SwordOfDarkness"],"picked":"hexamod:FlamesFromBeyond","floor":2},{"not_picked":["hexamod:HeatShield","hexamod:NightmareStrike","hexamod:AdvancingGuard"],"picked":"SKIP","floor":5},{"not_picked":["hexamod:GhostLash","hexamod:BurningTouch"],"picked":"hexamod:GhostOfSpirePast","floor":6},{"not_picked":["hexamod:ThermalTransfer","hexamod:RainOfEmbers"],"picked":"hexamod:SixthSeal","floor":9},{"not_picked":["hexamod:ChargedBarrage","hexamod:NightmareGuise"],"picked":"hexamod:FlamesFromBeyond","floor":12},{"not_picked":["hexamod:InspiringFlames","hexamod:BacktrackSmack"],"picked":"hexamod:SkipABeat","floor":13},{"not_picked":["hexamod:PowerFromBeyond","hexamod:BacktrackSmack"],"picked":"hexamod:StepThrough","floor":14},{"not_picked":["hexamod:ThermalTransfer","hexamod:Rewind"],"picked":"hexamod:HexaLevel","floor":15}],"player_experience":636242,"relics_obtained":[{"floor":13,"key":"WingedGreaves"}],"event_choices":[{"cards_removed":["downfall:Icky"],"damage_healed":0,"gold_gain":0,"player_choice":"Card Removal","damage_taken":0,"max_hp_gain":0,"max_hp_loss":0,"event_name":"The Cleric","floor":4,"gold_loss":0}],"is_beta":false,"boss_relics":[],"items_purged_floors":[],"is_endless":false,"potions_floor_spawned":[6,12,14,15],"killed_by":"DF_ARCHETYPE_STREAMLINE","ascension_level":0}}