{"host":"df48i9djcn92c5sx","time":1611156263,"event":{"mods":["BaseMod","Downfall","Marisa£®ÏF”Í°°ƒß¿Ì…≥£©","Minty Spire (QoL Compilation)","READ ME - Guardian Mod","READ ME - Snecko Mod","Reimu£®≤©¿ˆ¡È√Œ£©","Remilia£®¿Ÿ√◊¿Ú—«£©","Shop Mod","StSLib","The Jungle","The Servant 0.9.4"],"gold_per_floor":[99,99,99,99,99,99,145,165,192,203,53,88,88,117,130,226,226,226,245,255,166,166,181,206,206,221,221,249,249,249,269,285,386,386,86,98,98,192,242,290,337,337,337,337],"floor_reached":42,"language":"ZHS","playtime":5928,"items_purged":["Decay"],"score":529,"play_id":"613c2cb2-3249-48f9-945c-f769a7e6e978","local_time":"20210120232423","is_ascension_mode":true,"campfire_choices":[{"data":"bronze:Replicate","floor":1.0,"key":"SMITH"},{"data":"bronze:Flail","floor":6.0,"key":"SMITH"},{"data":"bronze:ChosenStrike","floor":13.0,"key":"SMITH"},{"data":"bronze:Library","floor":18.0,"key":"SMITH"},{"data":"bronze:Assembly","floor":27.0,"key":"SMITH"},{"data":"bronze:ForceShield","floor":29.0,"key":"SMITH"},{"floor":30.0,"key":"RECALL"},{"data":"bronze:InfiniteLoop","floor":35,"key":"SMITH"}],"circlet_count":0,"master_deck":["bronze:Strike","bronze:Strike","bronze:Strike","bronze:Defend","bronze:Defend","bronze:Defend","bronze:Defend","bronze:Replicate+1","bronze:Goto+1","bronze:Branch","bronze:Flail+1","bronze:OilSpill","bronze:ChosenStrike+1","bronze:Constructor+1","bronze:Fortify","bronze:WhirlingStrike","bronze:Terminator+1","bronze:Library+1","bronze:Assembly+1","bronze:AlphaBuild+1","bronze:InfiniteLoop+1","bronze:Return+1","bronze:ForceShield+1","bronze:DigitalCarnage+1","bronze:Separator+1","bronze:Verify","bronze:FollowUp+1","bronze:MaxOutput+1"],"relics":["bronze:BronzeCore","downfall:HeartsMalice","PreservedInsect","Pocketwatch","WingedGreaves","Gremlin Horn","Philosopher\u0027s Stone","Prayer Wheel","Snecko Eye","downfall:HeartBlessingRed","downfall:HeartBlessingGreen","downfall:HeartBlessingBlue","MealTicket","Juzu Bracelet","Shovel","Blood Vial"],"acts_visited":["Exordium","theJungle:Jungle","TheBeyond"],"potions_floor_usage":[33,33,40],"damage_taken":[{"damage":0.0,"enemies":"Cultist","floor":2.0,"turns":1.0},{"damage":0.0,"enemies":"2 Louse","floor":3.0,"turns":1.0},{"damage":0.0,"enemies":"Jaw Worm","floor":5.0,"turns":1.0},{"damage":11.0,"enemies":"Red Slaver","floor":8.0,"turns":3.0},{"damage":8.0,"enemies":"Lagavulin","floor":9.0,"turns":4.0},{"damage":0.0,"enemies":"Large Slime","floor":10.0,"turns":4.0},{"damage":0.0,"enemies":"Gremlin Nob","floor":12.0,"turns":3.0},{"damage":9.0,"enemies":"3 Sentries","floor":14.0,"turns":4.0},{"damage":0.0,"enemies":"Gremlin Gang","floor":15.0,"turns":3.0},{"damage":27.0,"enemies":"IC_STATUS_ARCHETYPE","floor":16.0,"turns":7.0},{"damage":2.0,"enemies":"theJungle:MUSHROOMGANG","floor":19.0,"turns":4.0},{"damage":0.0,"enemies":"theJungle:GiantWrat","floor":20.0,"turns":4.0},{"damage":0.0,"enemies":"downfall:FleeingMerchant","floor":21.0,"turns":4.0},{"damage":4.0,"enemies":"theJungle:SlimyTreeVines","floor":23.0,"turns":4.0},{"damage":0.0,"enemies":"theJungle:JungleHuntersEncounter","floor":26.0,"turns":3.0},{"damage":0.0,"enemies":"theJungle:MamaSnecko","floor":28.0,"turns":2.0},{"damage":0.0,"enemies":"theJungle:2_Snecko_Cultists","floor":31.0,"turns":2.0},{"damage":10.0,"enemies":"theJungle:SlimyTreeVines","floor":32.0,"turns":4.0},{"damage":20,"enemies":"WA_ARCHETYPE_CALM","floor":33,"turns":7},{"damage":13,"enemies":"Orb Walker","floor":36,"turns":3},{"damage":16,"enemies":"downfall:FleeingMerchant","floor":38,"turns":3},{"damage":29,"enemies":"2 Orb Walkers","floor":40,"turns":3},{"damage":36,"enemies":"Orin","floor":42,"turns":4}],"seed_played":"-8382262170517399359","potions_obtained":[{"floor":4.0,"key":"MagicPotion:ReiMu"},{"floor":4.0,"key":"Weak Potion"},{"floor":4.0,"key":"PowerPotion"},{"floor":9.0,"key":"Regen Potion"},{"floor":10.0,"key":"PowerPotion"},{"floor":12.0,"key":"Regen Potion"},{"floor":15.0,"key":"DistilledChaos"},{"floor":19.0,"key":"Swift Potion"},{"floor":28.0,"key":"Strength Potion"},{"floor":33,"key":"CultistPotion"}],"is_trial":false,"path_per_floor":["R","M","M","?","M","R","T","M","E","M","?","E","R","E","M","B",null,"R","M","M","$","?","M","T","?","M","R","E","R","R","M","M","B",null,"R","M","?","$","T","?","T","?"],"character_chosen":"THE_AUTOMATON","items_purchased":["bronze:AlphaBuild","MealTicket"],"campfire_rested":0,"item_purchase_floors":[21,38],"current_hp_per_floor":[70,70,70,70,70,70,70,59,51,63,80,80,80,71,71,59,80,80,78,78,78,78,77,77,77,77,77,77,77,77,77,72,52,80,90,77,77,61,61,32,32,0,0,0],"gold":337,"neow_bonus":"THREE_ENEMY_KILL","is_daily":false,"chose_seed":false,"campfire_upgraded":7,"win_rate":0.0,"timestamp":1611156263,"path_taken":["R","M","?","?","?","R","T","?","E","M","?","E","R","E","M","BOSS","R","M","M","$","?","?","T","?","M","R","E","R","R","?","M","BOSS","R","M","?","$","?","?","T","?"],"items_purchased_type":["Card","Relic"],"build_version":"2020-12-22","purchased_purges":1,"victory":false,"max_hp_per_floor":[70,70,70,70,70,70,70,70,70,70,80,80,80,80,80,80,80,80,80,80,80,80,80,80,80,80,80,80,80,80,80,80,80,80,90,90,90,90,90,90,90,90,90,90],"card_choices":[{"not_picked":["bronze:WildBeam","bronze:Allocate"],"picked":"bronze:Branch","floor":2.0},{"not_picked":["bronze:BugBarrage","bronze:Invalidate"],"picked":"bronze:Flail","floor":3.0},{"not_picked":["bronze:Frontload","bronze:Overheat"],"picked":"bronze:OilSpill","floor":5.0},{"not_picked":["bronze:Repulsor","bronze:Frontload"],"picked":"bronze:ChosenStrike","floor":8.0},{"not_picked":["bronze:Separator","bronze:ForceShield"],"picked":"bronze:Constructor","floor":9.0},{"not_picked":["bronze:ForLoop","bronze:Shell"],"picked":"bronze:Fortify","floor":10.0},{"not_picked":["bronze:DelayedGuard","bronze:MaxOutput"],"picked":"bronze:WhirlingStrike","floor":12.0},{"not_picked":["bronze:Invalidate","bronze:CutThrough"],"picked":"bronze:Terminator","floor":14.0},{"not_picked":["bronze:Boost","bronze:Invalidate"],"picked":"bronze:Library","floor":15.0},{"not_picked":["bronze:FindAndReplace","bronze:TinkerersToolbox"],"picked":"bronze:Assembly","floor":16.0},{"not_picked":["bronze:WhirlingStrike+1","bronze:BronzeArmor","bronze:Branch+1"],"picked":"SKIP","floor":19.0},{"not_picked":["bronze:FineTuning","bronze:DarkDash","bronze:Branch+1"],"picked":"SKIP","floor":20.0},{"not_picked":["bronze:Flail","bronze:Overheat+1","bronze:Shield"],"picked":"SKIP","floor":21.0},{"not_picked":["bronze:Shield+1","bronze:WildBeam"],"picked":"bronze:Return+1","floor":23.0},{"not_picked":["bronze:ChosenStrike","bronze:BugBarrage","bronze:BuggyMess"],"picked":"SKIP","floor":26.0},{"not_picked":["bronze:Overload","bronze:Flail"],"picked":"bronze:ForceShield","floor":28.0},{"not_picked":["bronze:InfiniteLoop","bronze:CutThrough"],"picked":"bronze:DigitalCarnage+1","floor":31.0},{"not_picked":["bronze:Safeguard","bronze:Shell","bronze:Shield"],"picked":"SKIP","floor":31.0},{"not_picked":["bronze:Allocate","bronze:CutThrough"],"picked":"bronze:Separator","floor":32.0},{"not_picked":["bronze:Constructor","bronze:Refactor","bronze:Overload"],"picked":"SKIP","floor":32.0},{"not_picked":["bronze:Mutator","bronze:BurnOut"],"picked":"bronze:Verify","floor":33},{"not_picked":["bronze:BitShift","bronze:Allocate+1"],"picked":"bronze:FollowUp+1","floor":36},{"not_picked":["bronze:WildBeam","bronze:CutThrough+1","bronze:Backtrace"],"picked":"SKIP","floor":36},{"not_picked":["bronze:Turbo+1","bronze:FollowUp+1","bronze:Branch+1"],"picked":"SKIP","floor":38},{"not_picked":["bronze:Constructor","bronze:DelayedGuard"],"picked":"bronze:MaxOutput+1","floor":40}],"player_experience":1445223,"relics_obtained":[{"floor":7.0,"key":"PreservedInsect"},{"floor":9.0,"key":"Pocketwatch"},{"floor":12.0,"key":"WingedGreaves"},{"floor":14.0,"key":"Gremlin Horn"},{"floor":28.0,"key":"Prayer Wheel"},{"floor":39,"key":"Juzu Bracelet"},{"floor":40,"key":"Shovel"},{"floor":41,"key":"Blood Vial"}],"event_choices":[{"damage_healed":0.0,"max_hp_gain":0.0,"max_hp_loss":0.0,"gold_gain":0.0,"event_name":"Lab","player_choice":"Got Potions","floor":4.0,"gold_loss":0.0,"damage_taken":0.0},{"damage_healed":0,"gold_gain":0,"player_choice":"Fight","damage_taken":0,"max_hp_gain":0,"max_hp_loss":0,"event_name":"Mysterious Sphere","floor":40,"gold_loss":0},{"damage_healed":0,"gold_gain":0,"player_choice":"Fight","damage_taken":0,"max_hp_gain":0,"max_hp_loss":0,"event_name":"OrinTheCat","floor":42,"gold_loss":0}],"is_beta":false,"boss_relics":[{"not_picked":["Velvet Choker","expansioncontent:StudyCardRelic"],"picked":"Philosopher\u0027s Stone"},{"not_picked":["bronze:MakeshiftBattery","sneckomod:SneckoTalon"],"picked":"Snecko Eye"}],"items_purged_floors":[38],"is_endless":false,"potions_floor_spawned":[9,10,12,14,15,19,28,33],"killed_by":"Orin","ascension_level":1}}