{"host":"1a3cjta80tad0aqj","time":1611166566,"event":{"mods":["2.2 Compatiblity","AchievementEnabler","BaseMod","Colored Map","DeckTracker","KOR Keyword Fix","Keyboard Shortcuts","Minty Spire (QoL Compilation)","Permanent Neow","Quick Restart","Random Character Button","StSLib","SuperFastMode","everything is the same but u backflip on backflip"],"gold_per_floor":[109,126,141,154,172,172,199,213,213,243,243,254,254,269,269,366,366,386,81,94,193,213,213,213,250,259,259,286,308,308,218,218,218,218],"floor_reached":33,"language":"KOR","playtime":1430,"items_purged":["Strike_G"],"score":323,"play_id":"4ad34d5b-3a22-4071-9d50-f0724aa548fe","local_time":"20210121031606","is_ascension_mode":true,"campfire_choices":[{"floor":6,"key":"REST"},{"floor":11,"key":"REST"},{"floor":13,"key":"REST"},{"data":"Catalyst","floor":15,"key":"SMITH"},{"floor":23,"key":"REST"},{"data":"Bullet Time","floor":27,"key":"SMITH"},{"floor":30,"key":"REST"},{"data":"Flechettes","floor":32,"key":"SMITH"}],"circlet_count":0,"master_deck":["Strike_G","Strike_G","Strike_G","Defend_G","Defend_G","Defend_G","Defend_G","Defend_G","Survivor","Neutralize","Corpse Explosion","Deadly Poison","Backstab+1","Dagger Spray","Blur","Noxious Fumes","Catalyst+1","Deadly Poison","Cloak And Dagger","Bullet Time+1","Flying Knee","All Out Attack+1","Flechettes+1","Venomology","Catalyst+1","Injury","Escape Plan+1","Outmaneuver"],"relics":["Ring of the Snake","Juzu Bracelet","Centennial Puzzle","MealTicket","Cursed Key","Membership Card","HornCleat","CeramicFish","Lantern"],"acts_visited":["Exordium","TheCity"],"potions_floor_usage":[7,10,16,16,25,25,28,29,33,33],"damage_taken":[{"damage":4,"enemies":"Cultist","floor":1,"turns":4},{"damage":0,"enemies":"2 Louse","floor":2,"turns":2},{"damage":0,"enemies":"Small Slimes","floor":3,"turns":2},{"damage":21,"enemies":"Gremlin Gang","floor":4,"turns":2},{"damage":13,"enemies":"Exordium Thugs","floor":5,"turns":4},{"damage":20,"enemies":"Gremlin Nob","floor":7,"turns":5},{"damage":22,"enemies":"Large Slime","floor":8,"turns":6},{"damage":10,"enemies":"3 Sentries","floor":10,"turns":4},{"damage":0,"enemies":"3 Louse","floor":12,"turns":2},{"damage":0,"enemies":"Exordium Wildlife","floor":14,"turns":2},{"damage":38,"enemies":"Slime Boss","floor":16,"turns":11},{"damage":0,"enemies":"2 Thieves","floor":18,"turns":2},{"damage":17,"enemies":"Shell Parasite","floor":20,"turns":6},{"damage":15,"enemies":"Snake Plant","floor":22,"turns":5},{"damage":10,"enemies":"Slavers","floor":25,"turns":5},{"damage":12,"enemies":"Chosen and Byrds","floor":28,"turns":5},{"damage":6,"enemies":"3 Cultists","floor":29,"turns":6},{"damage":92,"enemies":"Champ","floor":33,"turns":9}],"seed_played":"389701891190511205","potions_obtained":[{"floor":4,"key":"Dexterity Potion"},{"floor":5,"key":"Block Potion"},{"floor":7,"key":"PowerPotion"},{"floor":12,"key":"Dexterity Potion"},{"floor":16,"key":"Strength Potion"},{"floor":18,"key":"Swift Potion"},{"floor":20,"key":"PowerPotion"},{"floor":29,"key":"LiquidMemories"}],"is_trial":false,"path_per_floor":["M","M","M","M","M","R","E","M","T","E","R","M","R","M","R","B",null,"M","$","M","?","M","R","?","E","T","R","M","M","R","?","R","B"],"character_chosen":"THE_SILENT","items_purchased":["Membership Card","HornCleat"],"campfire_rested":5,"item_purchase_floors":[19,19],"current_hp_per_floor":[66,66,66,45,32,53,33,11,11,1,22,22,43,43,43,5,70,70,70,53,53,38,59,59,49,49,49,37,31,52,52,52,0,0],"gold":218,"neow_bonus":"ONE_RANDOM_RARE_CARD","is_daily":false,"chose_seed":false,"campfire_upgraded":3,"win_rate":0.0,"timestamp":1611166566,"path_taken":["M","M","?","M","M","R","E","M","T","E","R","M","R","M","R","BOSS","M","$","M","?","M","R","?","E","T","R","M","M","R","?","R","BOSS"],"items_purchased_type":["Relic","Relic"],"build_version":"2020-12-22","purchased_purges":1,"victory":false,"max_hp_per_floor":[70,70,70,70,70,70,70,70,70,70,70,70,70,70,70,70,70,70,70,70,70,70,70,70,70,70,70,70,70,70,70,70,70,70],"card_choices":[{"not_picked":["Prepared","Catalyst"],"picked":"Deadly Poison","floor":1},{"not_picked":["Eviscerate","Quick Slash"],"picked":"Backstab","floor":2},{"not_picked":["Finisher","Dash"],"picked":"Dagger Spray","floor":3},{"not_picked":["Quick Slash","Setup"],"picked":"Blur","floor":4},{"not_picked":["Deadly Poison","Escape Plan"],"picked":"Noxious Fumes","floor":5},{"not_picked":["Finisher","Expertise","Dagger Spray"],"picked":"SKIP","floor":7},{"not_picked":["Deflect","Well Laid Plans"],"picked":"Catalyst","floor":8},{"not_picked":["Noxious Fumes","Blur","Poisoned Stab"],"picked":"SKIP","floor":10},{"not_picked":["Flying Knee","PiercingWail"],"picked":"Deadly Poison","floor":12},{"not_picked":["Dagger Spray","Finisher"],"picked":"Cloak And Dagger","floor":14},{"not_picked":["Phantasmal Killer","Storm of Steel"],"picked":"Bullet Time","floor":16},{"not_picked":["Deflect","Bane"],"picked":"Flying Knee","floor":18},{"not_picked":["Dagger Throw","Bane"],"picked":"All Out Attack+1","floor":20},{"not_picked":["Eviscerate","Sucker Punch"],"picked":"Flechettes","floor":22},{"not_picked":["Blade Dance","Backflip+1"],"picked":"Catalyst+1","floor":25},{"not_picked":["Die Die Die","Cloak And Dagger"],"picked":"Escape Plan+1","floor":28},{"not_picked":["Setup","Sucker Punch"],"picked":"Outmaneuver","floor":29}],"player_experience":823169,"relics_obtained":[{"floor":7,"key":"Juzu Bracelet"},{"floor":9,"key":"Centennial Puzzle"},{"floor":10,"key":"MealTicket"},{"floor":25,"key":"CeramicFish"},{"floor":26,"key":"Lantern"}],"event_choices":[{"damage_healed":0,"gold_gain":99,"player_choice":"Stole From Cult","damage_taken":0,"max_hp_gain":0,"max_hp_loss":0,"event_name":"Nest","floor":21,"gold_loss":0},{"damage_healed":0,"gold_gain":0,"player_choice":"Read","damage_taken":0,"max_hp_gain":0,"max_hp_loss":0,"event_name":"The Library","floor":24,"gold_loss":0,"cards_obtained":["Venomology"]},{"cards_removed":["Strike_G"],"damage_healed":0,"gold_gain":0,"player_choice":"Upgrade and Remove","damage_taken":0,"max_hp_gain":0,"max_hp_loss":0,"event_name":"Designer","floor":31,"gold_loss":90,"cards_upgraded":["Backstab"]}],"is_beta":false,"boss_relics":[{"not_picked":["Empty Cage","Runic Pyramid"],"picked":"Cursed Key"}],"items_purged_floors":[19],"is_endless":false,"potions_floor_spawned":[4,5,7,12,16,18,20,29],"killed_by":"Champ","ascension_level":3}}