{"host":"kh6fvhxn285ncg0o","time":1611186910,"event":{"mods":["Act Like it!","BaseMod","Colored Map","Friendly Minions","Keyboard Shortcuts","Minty Spire (QoL Compilation)","Quick Restart","Relic Stats","StSLib","SuperFastMode"],"gold_per_floor":[12,12,37,37,37,37,50,50,50,102,127,170,188,222,222,222,222],"floor_reached":16,"language":"KOR","playtime":289,"items_purged":[],"score":286,"play_id":"f295d1cb-6988-4f46-bc4e-ae0f21413da6","local_time":"20210121085510","is_ascension_mode":true,"campfire_choices":[{"data":"Bash","floor":6.0,"key":"SMITH"},{"data":"Dropkick","floor":8.0,"key":"SMITH"},{"data":"Double Tap","floor":15.0,"key":"SMITH"}],"circlet_count":0,"master_deck":["AscendersBane","Strike_R","Strike_R","Strike_R","Defend_R","Defend_R","Defend_R","Defend_R","Bash+1","Double Tap+1","Brutality","Dropkick+1","Sever Soul","Fiend Fire"],"relics":["Burning Blood","Golden Idol","PreservedInsect","Kunai","CeramicFish","Letter Opener","Matryoshka"],"acts_visited":["Exordium"],"potions_floor_usage":[],"damage_taken":[{"damage":24.0,"enemies":"Jaw Worm","floor":1.0,"turns":6.0},{"damage":3.0,"enemies":"2 Louse","floor":7.0,"turns":3.0},{"damage":10.0,"enemies":"Gremlin Nob","floor":10.0,"turns":3.0},{"damage":0.0,"enemies":"Cultist","floor":11.0,"turns":2.0},{"damage":11.0,"enemies":"Lagavulin","floor":12.0,"turns":5.0},{"damage":20.0,"enemies":"Lots of Slimes","floor":13.0,"turns":5.0},{"damage":0.0,"enemies":"Gremlin Nob","floor":14.0,"turns":2.0},{"damage":44,"enemies":"Hexaghost","floor":16,"turns":7}],"seed_played":"3608052699255106990","potions_obtained":[{"floor":11.0,"key":"Explosive Potion"},{"floor":13.0,"key":"LiquidMemories"}],"is_trial":false,"path_per_floor":["M","?","T","$","?","R","M","R","T","E","M","E","M","E","R","B"],"character_chosen":"IRONCLAD","items_purchased":[],"campfire_rested":0,"item_purchase_floors":[],"current_hp_per_floor":[50,50,50,50,50,50,53,53,53,49,55,50,36,42,42,0,0],"gold":222,"neow_bonus":"TRANSFORM_TWO_CARDS","is_daily":false,"chose_seed":false,"campfire_upgraded":3,"win_rate":0.0,"timestamp":1611186910,"path_taken":["M","?","?","?","?","R","M","R","T","E","?","E","M","E","R","BOSS"],"items_purchased_type":[],"build_version":"2020-12-22","purchased_purges":0,"victory":false,"max_hp_per_floor":[75,68,68,68,68,68,68,68,68,68,68,68,68,68,68,68,68],"relic_stats":{"counters":[8,33],"Golden Idol":37,"CeramicFish":9,"PreservedInsect":73,"Kunai":[7],"Letter Opener":[5],"obtain_stats":[{"Matryoshka":14,"Golden Idol":2,"CeramicFish":10,"PreservedInsect":3,"Kunai":9,"Letter Opener":12,"Burning Blood":0},{"Matryoshka":7,"Golden Idol":1,"CeramicFish":3,"PreservedInsect":1,"Kunai":2,"Letter Opener":5,"Burning Blood":0},{"Matryoshka":26,"Golden Idol":6,"CeramicFish":12,"PreservedInsect":6,"Kunai":9,"Letter Opener":19,"Burning Blood":0}],"Burning Blood":42},"card_choices":[{"not_picked":["True Grit","Havoc"],"picked":"Dropkick","floor":1.0},{"not_picked":["Shrug It Off","Heavy Blade"],"picked":"Sever Soul","floor":7.0},{"not_picked":["Barricade","Dropkick"],"picked":"Fiend Fire","floor":10.0},{"not_picked":["Sever Soul","Havoc","Anger"],"picked":"SKIP","floor":11.0},{"not_picked":["Sword Boomerang","Entrench","Ghostly Armor"],"picked":"SKIP","floor":12.0},{"not_picked":["Ghostly Armor","Hemokinesis","Sever Soul"],"picked":"SKIP","floor":13.0},{"not_picked":["Uppercut","Fiend Fire","Twin Strike"],"picked":"SKIP","floor":14.0},{"not_picked":["Uppercut","Fiend Fire","Twin Strike"],"picked":"SKIP","floor":14.0},{"not_picked":["Uppercut","Fiend Fire","Twin Strike"],"picked":"SKIP","floor":14.0}],"player_experience":3479646,"relics_obtained":[{"floor":3.0,"key":"PreservedInsect"},{"floor":9.0,"key":"Kunai"},{"floor":10.0,"key":"CeramicFish"},{"floor":12.0,"key":"Letter Opener"},{"floor":14.0,"key":"Matryoshka"}],"event_choices":[{"damage_healed":0.0,"max_hp_gain":0.0,"max_hp_loss":7.0,"gold_gain":0.0,"event_name":"Golden Idol","player_choice":"Lose Max HP","floor":2.0,"gold_loss":0.0,"damage_taken":0.0,"relics_obtained":["Golden Idol"]},{"damage_healed":0.0,"max_hp_gain":0.0,"max_hp_loss":0.0,"gold_gain":0.0,"event_name":"WeMeetAgain","player_choice":"Ignored","floor":5.0,"gold_loss":0.0,"damage_taken":0.0}],"is_beta":false,"boss_relics":[],"items_purged_floors":[],"is_endless":false,"potions_floor_spawned":[11,13],"killed_by":"Hexaghost","ascension_level":20}}