{"host":"sav7uxregyirlf69","time":1611133852,"event":{"mods":["AchievementEnabler","BaseMod","Colored Map","DeckTracker","Keyboard Shortcuts","Minty Spire (QoL Compilation)","READ ME - Guardian Mod","StSLib","SuperFastMode"],"gold_per_floor":[114,114,114,39,54,54,82,82,137,137,162,174,186,186,186,263,263,279,279,309,37,37,37,37],"floor_reached":23,"language":"KOR","playtime":428,"items_purged":["Defend_G","Strike_G"],"score":420,"play_id":"a3855218-e299-41dc-a8b0-9bd8a3c0f756","local_time":"20210120181052","is_ascension_mode":true,"campfire_choices":[{"data":"Neutralize","floor":6,"key":"SMITH"},{"data":"Reflex","floor":8,"key":"SMITH"},{"data":"Blade Dance","floor":10,"key":"SMITH"},{"data":"Eviscerate","floor":15,"key":"SMITH"}],"circlet_count":0,"master_deck":["AscendersBane","Strike_G","Strike_G+1","Strike_G+1","Defend_G","Defend_G","Defend_G","Defend_G","Survivor","Neutralize+1","Blur","Blade Dance+1","Reflex+1","Acrobatics","Eviscerate+1","Adrenaline","Noxious Fumes"],"relics":["Ring of the Snake","NeowsBlessing","Sundial","Juzu Bracelet","Odd Mushroom","Pantograph","Runic Pyramid","Red Mask","Toy Ornithopter","Toxic Egg 2"],"acts_visited":["Exordium","TheCity"],"potions_floor_usage":[16,16,20,23],"damage_taken":[{"damage":0,"enemies":"Small Slimes","floor":1,"turns":1},{"damage":0,"enemies":"Jaw Worm","floor":5,"turns":1},{"damage":0,"enemies":"Lagavulin","floor":7,"turns":1},{"damage":14,"enemies":"The Mushroom Lair","floor":11,"turns":6},{"damage":0,"enemies":"Cultist","floor":12,"turns":3},{"damage":3,"enemies":"Looter","floor":13,"turns":3},{"damage":8,"enemies":"Slime Boss","floor":16,"turns":7},{"damage":7,"enemies":"3 Byrds","floor":18,"turns":8},{"damage":25,"enemies":"Masked Bandits","floor":20,"turns":4},{"damage":30,"enemies":"Gremlin Leader","floor":23,"turns":7}],"seed_played":"-4836891848963361330","potions_obtained":[{"floor":1,"key":"CunningPotion"},{"floor":7,"key":"Fire Potion"},{"floor":18,"key":"PowerPotion"},{"floor":20,"key":"Regen Potion"}],"is_trial":false,"path_per_floor":["M","?","?","$","M","R","E","R","T","R","?","M","M","?","R","B",null,"M","?","?","$","T","E"],"character_chosen":"THE_SILENT","items_purchased":["Toy Ornithopter"],"campfire_rested":0,"item_purchase_floors":[21],"current_hp_per_floor":[59,39,39,39,39,39,39,39,39,39,25,25,22,4,4,21,55,48,30,5,5,5,0,0],"gold":37,"neow_bonus":"THREE_ENEMY_KILL","is_daily":false,"chose_seed":false,"campfire_upgraded":4,"win_rate":0.0,"timestamp":1611133852,"path_taken":["M","?","?","$","?","R","E","R","T","R","?","M","M","?","R","BOSS","M","?","?","$","?","E"],"items_purchased_type":["Relic"],"build_version":"2020-12-22","purchased_purges":2,"victory":false,"max_hp_per_floor":[66,66,66,66,66,66,66,66,66,66,66,66,66,66,66,66,66,66,71,71,71,71,71,71],"card_choices":[{"not_picked":["Choke","Underhanded Strike","Leg Sweep"],"picked":"SKIP","floor":1},{"not_picked":["Bane","Slice"],"picked":"Blade Dance","floor":5},{"not_picked":["Footwork","Bouncing Flask"],"picked":"Reflex","floor":7},{"not_picked":["Deadly Poison","Masterful Stab"],"picked":"Acrobatics","floor":11},{"not_picked":["Crippling Poison","Finisher"],"picked":"Eviscerate","floor":12},{"not_picked":["Expertise","Distraction","PiercingWail"],"picked":"SKIP","floor":13},{"not_picked":["Die Die Die","Venomology"],"picked":"Adrenaline","floor":16},{"not_picked":["Dagger Spray","Eviscerate","Underhanded Strike"],"picked":"SKIP","floor":18},{"not_picked":["Slice","Setup"],"picked":"Noxious Fumes","floor":20}],"player_experience":1327566,"relics_obtained":[{"floor":7,"key":"Sundial"},{"floor":9,"key":"Juzu Bracelet"},{"floor":11,"key":"Odd Mushroom"},{"floor":20,"key":"Red Mask"},{"floor":22,"key":"Toxic Egg 2"}],"event_choices":[{"damage_healed":0,"gold_gain":0,"player_choice":"Entered Light","damage_taken":20,"max_hp_gain":0,"max_hp_loss":0,"event_name":"Shining Light","floor":2,"gold_loss":0,"cards_upgraded":["Strike_G","Strike_G"]},{"damage_healed":0,"gold_gain":0,"cards_transformed":["Strike_G"],"player_choice":"Transformed","damage_taken":0,"max_hp_gain":0,"max_hp_loss":0,"event_name":"Transmorgrifier","floor":3,"gold_loss":0,"cards_obtained":["Blur"]},{"damage_healed":0,"gold_gain":0,"player_choice":"Fought Mushrooms","damage_taken":0,"max_hp_gain":0,"max_hp_loss":0,"event_name":"Mushrooms","floor":11,"gold_loss":0},{"damage_healed":0,"gold_gain":0,"player_choice":"Success","damage_taken":18,"relics_obtained":["Pantograph"],"max_hp_gain":0,"max_hp_loss":0,"event_name":"Scrap Ooze","floor":14,"gold_loss":0},{"damage_healed":0,"gold_gain":0,"player_choice":"Shed Blood","damage_taken":23,"max_hp_gain":5,"max_hp_loss":0,"event_name":"Forgotten Altar","floor":19,"gold_loss":0},{"damage_healed":0,"gold_gain":0,"player_choice":"Fought Bandits","damage_taken":0,"max_hp_gain":0,"max_hp_loss":0,"event_name":"Masked Bandits","floor":20,"gold_loss":0}],"is_beta":false,"boss_relics":[{"not_picked":["Pandora\u0027s Box","Calling Bell"],"picked":"Runic Pyramid"}],"items_purged_floors":[4,21],"is_endless":false,"potions_floor_spawned":[1,7,13,18,20],"killed_by":"Gremlin Leader","ascension_level":20}}