{"host":"j7au2ovow4c9pz79","time":1611174406,"event":{"mods":["AchievementEnabler","BaseMod","Better Third Choice","BetterRewards","Colored Powertips","Defuse TimeMaze Blight","Energized Spire","Googly Eyes","Hubris","Infinite Spire","Minty Spire (QoL Compilation)","Quick Restart","Replay The Spire","Spicy Shops","StSLib","SuperFastMode","Transform Curses"],"gold_per_floor":[117,117,117,129,179,213,213,228,228,259,259,275,287,300,300,395,395,412,161,76,93,113,113,213,213,236,266,276,276,276,276],"floor_reached":30,"language":"ENG","playtime":2787,"items_purged":[],"score":285,"play_id":"ddf5f2d0-0698-47e7-943e-5b86cb7f2375","local_time":"20210120212646","is_ascension_mode":false,"campfire_choices":[{"data":"Neutralize","floor":11,"key":"SMITH"},{"data":"Catalyst","floor":15,"key":"SMITH"},{"data":"Noxious Fumes","floor":23,"key":"SMITH"},{"data":"Leg Sweep","floor":25,"key":"SMITH"}],"circlet_count":0,"master_deck":["Strike_G","Strike_G","Strike_G","Strike_G","Strike_G","Defend_G","Defend_G","Defend_G","Defend_G","Defend_G","Survivor+1","Neutralize+1","Glass Knife","Cloak And Dagger+1","Quick Slash","Dagger Throw","Catalyst+1","hubris:Counter","Sucker Punch","infinitespire:Pacifist","Deflect","Leg Sweep+1","infinitespire:Neurotoxin+1","Noxious Fumes+1","Looming Evil","Quick Slash","Toxin Wave+1","Overencumbered","hubris:Sniper+1","Underhanded Strike"],"relics":["Ring of the Snake","Ring of Greed","Tiny Chest","Golden Egg","infinitespire:WardingShard","hubris:CrystalStatue","infinitespire:Satchel","Busted Crown","Iron Hammer","Kunai","Happy Flower","Dream Catcher","Replay:WaspNest"],"acts_visited":["Exordium","TheCity"],"potions_floor_usage":[16,16,16,28,30],"damage_taken":[{"damage":1,"enemies":"Jaw Worm","floor":1,"turns":3},{"damage":0,"enemies":"2 Louse","floor":4,"turns":2},{"damage":13,"enemies":"3 Sentries","floor":6,"turns":9},{"damage":0,"enemies":"Small Slimes","floor":8,"turns":2},{"damage":0,"enemies":"Gremlin Nob","floor":10,"turns":3},{"damage":4,"enemies":"Exordium Thugs","floor":12,"turns":3},{"damage":0,"enemies":"2 Fungi Beasts","floor":13,"turns":3},{"damage":0,"enemies":"Looter","floor":14,"turns":3},{"damage":47,"enemies":"Fading Forest","floor":16,"turns":11},{"damage":5,"enemies":"3 Byrds","floor":18,"turns":7},{"damage":2,"enemies":"Spheric Guardian","floor":21,"turns":5},{"damage":16,"enemies":"Snecko","floor":22,"turns":5},{"damage":14,"enemies":"Nightmare","floor":27,"turns":8},{"damage":32,"enemies":"3 Cultists","floor":28,"turns":5},{"damage":1,"enemies":"Masked Bandits","floor":30,"turns":3}],"seed_played":"6756731835652878469","potions_obtained":[{"floor":4,"key":"ColorlessPotion"},{"floor":10,"key":"DuplicationPotion"},{"floor":13,"key":"Strength Potion"},{"floor":21,"key":"infinitespire:BlackPotion"},{"floor":27,"key":"Adrenaline Potion"}],"is_trial":false,"path_per_floor":["M","?","?","M","?","E","T","M","T","E","R","M","M","M","R","B",null,"M","$","?","M","M","R","?","R","T","NM","M","T","?"],"character_chosen":"THE_SILENT","items_purchased":["Iron Hammer"],"campfire_rested":0,"item_purchase_floors":[19],"current_hp_per_floor":[69,69,69,69,69,56,56,56,56,56,56,52,52,52,52,31,70,65,65,65,63,47,47,47,47,47,33,1,1,0,0],"gold":276,"neow_bonus":"ONE_RANDOM_RARE_CARD","is_daily":false,"chose_seed":false,"campfire_upgraded":4,"win_rate":0.0,"timestamp":1611174406,"path_taken":["M","?","?","M","?","E","?","M","T","E","R","M","M","M","R","BOSS","M","$","?","M","M","R","?","R","T","NM","M","?","?"],"items_purchased_type":["Relic"],"build_version":"2020-12-22","purchased_purges":0,"victory":false,"max_hp_per_floor":[70,70,70,70,70,70,70,70,70,70,70,70,70,70,70,70,70,70,70,70,70,70,70,70,70,70,70,70,70,70,70],"card_choices":[{"not_picked":["hubris:SlightOfHand","Reflex"],"picked":"Cloak And Dagger","floor":1},{"not_picked":["ReplayTheSpireMod:Tripwire","hubris:SlightOfHand"],"picked":"Quick Slash","floor":4},{"not_picked":["Phantasmal Killer","ReplayTheSpireMod:The Works"],"picked":"Dagger Throw","floor":6},{"not_picked":["Poisoned Stab","ReplayTheSpireMod:Tripwire"],"picked":"Catalyst","floor":8},{"not_picked":["ReplayTheSpireMod:Exploit Weakness","Doppelganger"],"picked":"hubris:Counter","floor":10},{"not_picked":["Replay:Poison Smokescreen","Prepared"],"picked":"Sucker Punch","floor":12},{"not_picked":["Outmaneuver","ReplayTheSpireMod:Shiv Toss"],"picked":"Deflect","floor":13},{"not_picked":["Phantasmal Killer","Fluid Movement"],"picked":"Leg Sweep","floor":14},{"not_picked":["Tools of the Trade","Replay:Bag of Tricks"],"picked":"infinitespire:Neurotoxin","floor":16},{"not_picked":[],"picked":"Noxious Fumes","floor":18},{"not_picked":[],"picked":"Quick Slash","floor":21},{"not_picked":[],"picked":"Toxin Wave+1","floor":22},{"not_picked":[],"picked":"hubris:Sniper+1","floor":27},{"not_picked":[],"picked":"Underhanded Strike","floor":28}],"player_experience":1889173,"relics_obtained":[{"floor":5,"key":"Ring of Greed"},{"floor":5,"key":"Tiny Chest"},{"floor":5,"key":"Golden Egg"},{"floor":6,"key":"infinitespire:WardingShard"},{"floor":9,"key":"hubris:CrystalStatue"},{"floor":10,"key":"infinitespire:Satchel"},{"floor":26,"key":"Happy Flower"},{"floor":27,"key":"Dream Catcher"},{"floor":29,"key":"Replay:WaspNest"}],"event_choices":[{"damage_healed":0,"gold_gain":0,"player_choice":"Grow","damage_taken":0,"max_hp_gain":0,"max_hp_loss":0,"event_name":"Living Wall","floor":2,"gold_loss":0,"cards_upgraded":["Survivor"]},{"damage_healed":0,"gold_gain":0,"player_choice":"Obtained Relic","damage_taken":0,"relics_obtained":["Kunai"],"max_hp_gain":0,"max_hp_loss":0,"event_name":"Addict","floor":20,"gold_loss":85},{"damage_healed":0,"gold_gain":100,"player_choice":"Pray","damage_taken":0,"max_hp_gain":0,"max_hp_loss":0,"event_name":"Golden Shrine","floor":24,"gold_loss":0},{"damage_healed":0,"gold_gain":0,"player_choice":"Fought Bandits","damage_taken":0,"max_hp_gain":0,"max_hp_loss":0,"event_name":"Masked Bandits","floor":30,"gold_loss":0}],"is_beta":false,"boss_relics":[{"not_picked":["energizedSpire:NeverEndingSparkler","energizedSpire:MagnifyingGlass"],"picked":"Busted Crown"}],"items_purged_floors":[],"is_endless":false,"potions_floor_spawned":[4,10,13,14,21,27],"killed_by":"Masked Bandits","ascension_level":0}}