{"host":"Charlie","time":1611125690,"event":{"mods":["100% Spire Juice","Aspiration","BaseMod","Better Match","Better Skull","Better Third Choice","BetterRewards","ChefMod","Colored Map","Colored Powertips","Conspire","Curses Come First","Dota2Spire","Downfall","Ekko","Evolution","Fox Events","Friendly Minions","Halation","Hermit","Hubris","Infinite Spire","Luminous","Melee Mod","Minty Spire (QoL Compilation)","Quick Restart","Rare Cards Sparkle","Relic Stats","Robot Space Explorer","Shade Mod","Spicy Shops","Spire Arcade","StSLib","SuperFastMode","Synergy Search","The Animator","The Blue Laboratory","The Caster","The Cursed","The Dragon Tamer","The Factory","The Gatherer","The Jungle","The Marked","The Necromancer","Unceasing Turn Reminder","vexMod"],"gold_per_floor":[119,119,119,119,137,172,172,172,196,230,240,251,251,267,267,368,368,386,386,33,53,53,81,81,93,93,93,93],"floor_reached":27,"language":"ENG","playtime":1426,"items_purged":["caster:defend"],"score":291,"play_id":"df39bef6-f616-41aa-b194-6e138171e3b1","local_time":"20210119225450","is_ascension_mode":false,"campfire_choices":[{"data":"caster:Incinerate","floor":7,"key":"SMITH"},{"data":"caster:Barbroot","floor":13,"key":"SMITH"},{"data":"caster:Elementalize","floor":15,"key":"SMITH"},{"floor":24,"key":"REST"}],"circlet_count":0,"master_deck":["caster:Meteor+1","caster:DivertFocus+1","caster:MagicWeapon+1","caster:strike","caster:strike","caster:strike","caster:defend","caster:defend","caster:defend","caster:defend","caster:Incinerate+1","caster:Unearth","caster:Fira+1","caster:Barbroot+1","caster:Sandstorm","caster:GaiasBlessing","caster:Elementalize+1","caster:GateOfBabylon","hubris:ReadiedAction","caster:MagicBarrier+1","caster:FlashFrost","caster:WallOfAsh+1","caster:EchoingVoice"],"relics":["caster:MagicBook","EVO:Axolotl","NeowsBlessing","halation:LettersToHer","Dota2Spire:MaskOfMadness","hubris:64BitClover","aspiration:IroncladSkillbook","Lantern","HandDrill","infinitespire:EmpoweringShard","Kunai","vexMod:FocusSash","Toxic Egg 2"],"acts_visited":["Exordium","TheCity"],"potions_floor_usage":[10,10,10,16,16,27],"damage_taken":[{"damage":0,"enemies":"Cultist","floor":1,"turns":1},{"damage":0,"enemies":"2 Louse","floor":5,"turns":2},{"damage":0,"enemies":"Gremlin Nob","floor":6,"turns":1},{"damage":0,"enemies":"3 Sentries","floor":10,"turns":6},{"damage":0,"enemies":"Small Slimes","floor":11,"turns":3},{"damage":13,"enemies":"Gremlin Gang","floor":12,"turns":4},{"damage":9,"enemies":"Exordium Wildlife","floor":14,"turns":5},{"damage":22,"enemies":"The Guardian","floor":16,"turns":10},{"damage":29,"enemies":"Shell Parasite","floor":18,"turns":6},{"damage":33,"enemies":"2 Thieves","floor":21,"turns":4},{"damage":39,"enemies":"Nightmare","floor":23,"turns":10},{"damage":4,"enemies":"Snake Plant","floor":25,"turns":3},{"damage":56,"enemies":"Slavers","floor":27,"turns":3}],"seed_played":"-8975416067793110942","potions_obtained":[{"floor":4,"key":"AttackPotion"},{"floor":4,"key":"blueLaboratory:ImpenetrablePotion"},{"floor":4,"key":"blueLaboratory:ArtificerPotion"},{"floor":5,"key":"Dota2Spire:HealingSalve"},{"floor":10,"key":"Swift Potion"},{"floor":14,"key":"PowerPotion"},{"floor":16,"key":"sneckomod:MuddlingPotion"},{"floor":21,"key":"blueLaboratory:PyrophylliteBrew"}],"is_trial":false,"path_per_floor":["M","?","?","?","M","E","R","?","T","E","M","M","R","M","R","B",null,"M","?","$","M","?","NM","R","M","T","E"],"character_chosen":"THE_CASTER","items_purchased":["HandDrill","infinitespire:EmpoweringShard"],"campfire_rested":1,"item_purchase_floors":[20,20],"current_hp_per_floor":[64,51,51,51,51,51,51,51,51,64,64,55,55,53,53,56,64,46,46,46,30,30,13,32,44,44,0,0],"gold":93,"neow_bonus":"THREE_ENEMY_KILL","is_daily":false,"chose_seed":false,"campfire_upgraded":3,"win_rate":0.0,"timestamp":1611125690,"path_taken":["M","?","?","?","M","E","R","?","T","E","M","?","R","?","R","BOSS","M","?","$","?","?","NM","R","M","T","E"],"items_purchased_type":["Relic","Relic"],"build_version":"2020-12-18","purchased_purges":1,"victory":false,"max_hp_per_floor":[64,64,64,64,64,64,64,64,64,64,64,64,64,64,64,64,64,64,64,64,64,64,64,64,64,64,64,64],"relic_stats":{"counters":[13,58],"HandDrill":[6],"Kunai":[0],"obtain_stats":[{"Dota2Spire:MaskOfMadness":9,"Lantern":19,"NeowsBlessing":0,"hubris:64BitClover":10,"EVO:Axolotl":0,"vexMod:FocusSash":25,"caster:MagicBook":0,"aspiration:IroncladSkillbook":17,"HandDrill":20,"infinitespire:EmpoweringShard":20,"Kunai":23,"Toxic Egg 2":26,"halation:LettersToHer":6},{"Dota2Spire:MaskOfMadness":3,"Lantern":9,"NeowsBlessing":0,"hubris:64BitClover":4,"EVO:Axolotl":0,"vexMod:FocusSash":12,"caster:MagicBook":0,"aspiration:IroncladSkillbook":8,"HandDrill":9,"infinitespire:EmpoweringShard":9,"Kunai":11,"Toxic Egg 2":12,"halation:LettersToHer":3},{"Dota2Spire:MaskOfMadness":4,"Lantern":38,"NeowsBlessing":0,"hubris:64BitClover":10,"EVO:Axolotl":0,"vexMod:FocusSash":55,"caster:MagicBook":0,"aspiration:IroncladSkillbook":32,"HandDrill":38,"infinitespire:EmpoweringShard":38,"Kunai":52,"Toxic Egg 2":55,"halation:LettersToHer":4}]},"card_choices":[{"not_picked":["caster:FlashSpeed","caster:LightningBolt","caster:QuickCast"],"picked":"SKIP","floor":1},{"not_picked":["caster:Cryogenesis","caster:Sandstorm"],"picked":"caster:Incinerate","floor":5},{"not_picked":["caster:QuickCast","caster:Enfeeble"],"picked":"caster:Unearth","floor":6},{"not_picked":["caster:Rectify","caster:MagicResonance"],"picked":"caster:Barbroot","floor":10},{"not_picked":["caster:ShivasGrace","caster:Sleet"],"picked":"caster:Sandstorm","floor":11},{"not_picked":["caster:FireWall","caster:JupitelThunder"],"picked":"caster:GaiasBlessing","floor":12},{"not_picked":["caster:FlashSpeed","caster:FireWall"],"picked":"caster:Elementalize","floor":14},{"not_picked":["caster:StormGust","caster:Demi"],"picked":"caster:GateOfBabylon","floor":16},{"not_picked":["Shrug It Off","Sword Boomerang","caster:LAZER"],"picked":"hubris:ReadiedAction","floor":18},{"not_picked":["Heavy Blade+1","Pommel Strike+1","Iron Wave+1"],"picked":"caster:MagicBarrier+1","floor":21},{"not_picked":["Body Slam","Power Through","Clothesline"],"picked":"caster:WallOfAsh+1","floor":23},{"not_picked":["Perfected Strike","caster:FlashFrost","hubris:CleavingFinish"],"picked":"caster:EchoingVoice","floor":25}],"player_experience":487812,"relics_obtained":[{"floor":6,"key":"halation:LettersToHer"},{"floor":9,"key":"halation:LettersToHer"},{"floor":9,"key":"Dota2Spire:MaskOfMadness"},{"floor":10,"key":"hubris:64BitClover"},{"floor":23,"key":"Kunai"},{"floor":25,"key":"vexMod:FocusSash"},{"floor":26,"key":"halation:LettersToHer"},{"floor":26,"key":"Toxic Egg 2"}],"event_choices":[{"damage_healed":64,"gold_gain":0,"player_choice":"Upgrade","damage_taken":13,"max_hp_gain":0,"max_hp_loss":64,"event_name":"betterThird:BetterShining","floor":2,"gold_loss":0,"cards_upgraded":["caster:DivertFocus","caster:Meteor"]},{"damage_healed":0,"gold_gain":0,"player_choice":"Grow","damage_taken":0,"max_hp_gain":0,"max_hp_loss":0,"event_name":"Living Wall","floor":3,"gold_loss":0,"cards_upgraded":["caster:MagicWeapon"]},{"damage_healed":0,"gold_gain":0,"player_choice":"Got Potions","damage_taken":0,"max_hp_gain":0,"max_hp_loss":0,"event_name":"Lab","floor":4,"gold_loss":0},{"damage_healed":0,"gold_gain":0,"player_choice":"Gave Potion","damage_taken":0,"relics_obtained":["Lantern"],"max_hp_gain":0,"max_hp_loss":0,"event_name":"WeMeetAgain","floor":19,"gold_loss":0},{"damage_healed":0,"gold_gain":0,"player_choice":"Read","damage_taken":0,"max_hp_gain":0,"max_hp_loss":0,"event_name":"The Library","floor":22,"gold_loss":0,"cards_obtained":["caster:FlashFrost"]}],"is_beta":true,"boss_relics":[{"not_picked":["hubris:VirtuousBlindfold","hubris:RunicObelisk"],"picked":"aspiration:IroncladSkillbook"}],"items_purged_floors":[20],"is_endless":true,"potions_floor_spawned":[5,6,10,14,16,21],"killed_by":"Slavers","ascension_level":0}}