{"host":"a4s27ghlnr83kbqz","time":1611157298,"event":{"mods":["AchievementEnabler","BaseMod","Colored Map","Minty Spire (QoL Compilation)","Permanent Neow","SuperFastMode"],"gold_per_floor":[114,39,54,68,78,78,91,91,167,195,207,220,231,241,241,316,316,334,334,249,260,117,117,147,147,147,166,166,166],"floor_reached":28,"language":"KOR","playtime":589,"items_purged":["Shame","Strike_B"],"score":451,"play_id":"720bfb0f-f2a8-40b4-9840-59158357aeb6","local_time":"20210120234138","is_ascension_mode":true,"campfire_choices":[{"data":"Dualcast","floor":6,"key":"SMITH"},{"floor":8,"key":"REST"},{"floor":15,"key":"REST"},{"floor":23,"key":"REST"},{"floor":25,"key":"REST"}],"circlet_count":0,"master_deck":["AscendersBane","Strike_B","Strike_B","Strike_B","Defend_B","Defend_B","Defend_B","Defend_B","Zap","Dualcast+1","Core Surge","Go for the Eyes","Compile Driver","Hologram","Sweeping Beam","Loop","Leap","Ball Lightning","Coolheaded","Conserve Battery","Electrodynamics","Genetic Algorithm+1","Coolheaded+1","Defragment","Undo"],"relics":["Cracked Core","Letter Opener","TungstenRod","Sozu","Juzu Bracelet","Kunai","Shuriken"],"acts_visited":["Exordium","TheCity"],"potions_floor_usage":[7,16,24],"damage_taken":[{"damage":12,"enemies":"Jaw Worm","floor":1,"turns":3},{"damage":7,"enemies":"Small Slimes","floor":3,"turns":3},{"damage":1,"enemies":"Cultist","floor":4,"turns":3},{"damage":3,"enemies":"Looter","floor":5,"turns":2},{"damage":14,"enemies":"Exordium Thugs","floor":7,"turns":3},{"damage":32,"enemies":"Gremlin Nob","floor":10,"turns":5},{"damage":10,"enemies":"2 Fungi Beasts","floor":11,"turns":2},{"damage":3,"enemies":"Red Slaver","floor":12,"turns":3},{"damage":2,"enemies":"Looter","floor":13,"turns":3},{"damage":0,"enemies":"2 Fungi Beasts","floor":14,"turns":2},{"damage":9,"enemies":"The Guardian","floor":16,"turns":13},{"damage":16,"enemies":"Shell Parasite","floor":18,"turns":5},{"damage":15,"enemies":"Spheric Guardian","floor":21,"turns":4},{"damage":33,"enemies":"Gremlin Leader","floor":24,"turns":6},{"damage":11,"enemies":"Centurion and Healer","floor":27,"turns":6},{"damage":26,"enemies":"Slavers","floor":28,"turns":3}],"seed_played":"-4650578085525093993","potions_obtained":[{"floor":4,"key":"AttackPotion"},{"floor":10,"key":"BlessingOfTheForge"},{"floor":11,"key":"PotionOfCapacity"},{"floor":16,"key":"SkillPotion"}],"is_trial":false,"path_per_floor":["M","$","M","M","M","R","M","R","T","E","M","M","M","M","R","B",null,"M","?","?","M","$","R","E","R","T","M","E"],"character_chosen":"DEFECT","items_purchased":["Defragment"],"campfire_rested":4,"item_purchase_floors":[22],"current_hp_per_floor":[52,52,45,44,41,41,27,48,48,16,6,3,1,1,22,13,57,41,41,41,26,26,47,14,35,35,24,0,0],"gold":166,"neow_bonus":"THREE_RARE_CARDS","is_daily":false,"chose_seed":false,"campfire_upgraded":1,"win_rate":0.0,"timestamp":1611157298,"path_taken":["M","$","M","M","M","R","M","R","T","E","M","M","M","M","R","BOSS","M","?","?","M","$","R","E","R","T","M","E"],"items_purchased_type":["Card"],"build_version":"2020-12-22","purchased_purges":2,"victory":false,"max_hp_per_floor":[71,71,71,71,71,71,71,71,71,71,71,71,71,71,71,71,71,71,71,71,71,71,71,71,71,71,71,71,71],"card_choices":[{"not_picked":["Echo Form","Buffer"],"picked":"Core Surge","floor":0},{"not_picked":["Steam","Gash"],"picked":"Go for the Eyes","floor":1},{"not_picked":["Go for the Eyes","Beam Cell"],"picked":"Compile Driver","floor":3},{"not_picked":["Barrage","Redo","Rainbow"],"picked":"SKIP","floor":4},{"not_picked":["Rebound","Storm"],"picked":"Hologram","floor":5},{"not_picked":["Beam Cell","Fusion"],"picked":"Sweeping Beam","floor":7},{"not_picked":["Go for the Eyes","Streamline"],"picked":"Loop","floor":10},{"not_picked":["Force Field","Stack"],"picked":"Leap","floor":11},{"not_picked":["Rebound","Consume"],"picked":"Ball Lightning","floor":12},{"not_picked":["Hyperbeam","Darkness"],"picked":"Coolheaded","floor":13},{"not_picked":["Coolheaded","Genetic Algorithm"],"picked":"Conserve Battery","floor":14},{"not_picked":["Buffer","Thunder Strike"],"picked":"Electrodynamics","floor":16},{"not_picked":["Barrage+1","Steam"],"picked":"Genetic Algorithm+1","floor":18},{"not_picked":["Beam Cell","Turbo"],"picked":"Coolheaded+1","floor":21},{"not_picked":["Conserve Battery","Go for the Eyes","Meteor Strike"],"picked":"SKIP","floor":24},{"not_picked":["Hologram","Cold Snap"],"picked":"Undo","floor":27}],"player_experience":1113493,"relics_obtained":[{"floor":9,"key":"Letter Opener"},{"floor":10,"key":"TungstenRod"},{"floor":24,"key":"Kunai"},{"floor":26,"key":"Shuriken"}],"event_choices":[{"damage_healed":0,"gold_gain":0,"player_choice":"Ignored","damage_taken":0,"max_hp_gain":0,"max_hp_loss":0,"event_name":"Ghosts","floor":19,"gold_loss":0},{"damage_healed":0,"gold_gain":0,"player_choice":"Obtained Relic","damage_taken":0,"relics_obtained":["Juzu Bracelet"],"max_hp_gain":0,"max_hp_loss":0,"event_name":"Addict","floor":20,"gold_loss":85}],"is_beta":false,"boss_relics":[{"not_picked":["Tiny House","Nuclear Battery"],"picked":"Sozu"}],"items_purged_floors":[2,22],"is_endless":false,"potions_floor_spawned":[4,10,11,14,16,21],"killed_by":"Slavers","ascension_level":17}}