{"host":"xx5zt3jtdyh8iun7","time":1611144916,"event":{"mods":["AchievementEnabler","Act Like it!","BaseMod","Gensokyo","Minty Spire (QoL Compilation)","StSLib","The Marked"],"gold_per_floor":[119,135,155,166,15,15,15,15,93,125,140,140,171,185,185,288,288,305,317,68,68,80,80,110,43,69,69,84,84,84,99,99,201,201,216,216,216],"floor_reached":36,"language":"ENG","playtime":3508,"items_purged":["theMarked:Strike","theMarked:Strike"],"score":394,"play_id":"94aa68eb-6fb9-434b-b417-6c32ac3459f0","local_time":"20210120131516","is_ascension_mode":false,"campfire_choices":[{"data":"theMarked:SoldierOfQuellstein","floor":6,"key":"SMITH"},{"floor":12,"key":"REST"},{"data":"theMarked:Improvise","floor":15,"key":"SMITH"},{"data":"theMarked:AttractMetal","floor":23,"key":"SMITH"},{"floor":30,"key":"REST"},{"floor":32,"key":"REST"}],"circlet_count":0,"master_deck":["theMarked:Strike+1","theMarked:Strike","theMarked:Defend","theMarked:Defend+1","theMarked:Defend","theMarked:Defend","theMarked:SoldierOfQuellstein+1","theMarked:SwordAndMagic","theMarked:KeepCalmAndFightOn","theMarked:Overcharge","theMarked:ResourceFulStrike","theMarked:Opportunist","theMarked:TurnInvisible","theMarked:EmpowerWeapon","theMarked:Improvise+1","theMarked:HeightenedSenses","theMarked:BindingBlade+1","CurseOfTheBell","theMarked:Aftermath","theMarked:SummonStrength+1","theMarked:AttractMetal+1","theMarked:HeritageOfTheMarked+1","theMarked:Standoff+1","theMarked:Challenge","theMarked:SoldierForm+1","theMarked:RogueSparks+1"],"relics":["theMarked:ArtifactOfAir","NeowsBlessing","Frozen Egg 2","Potion Belt","Lantern","Calling Bell","Art of War","StrikeDummy","WingedGreaves","Mercury Hourglass","Orichalcum","Snecko Eye"],"acts_visited":["Exordium","TheCity","TheBeyond"],"potions_floor_usage":[10,13,16,18,22],"damage_taken":[{"damage":0,"enemies":"Cultist","floor":1,"turns":1},{"damage":0,"enemies":"2 Louse","floor":2,"turns":1},{"damage":0,"enemies":"Small Slimes","floor":3,"turns":1},{"damage":5,"enemies":"Looter","floor":4,"turns":2},{"damage":25,"enemies":"Gremlin Nob","floor":10,"turns":4},{"damage":0,"enemies":"2 Fungi Beasts","floor":11,"turns":2},{"damage":11,"enemies":"Lagavulin","floor":13,"turns":5},{"damage":9,"enemies":"Exordium Thugs","floor":14,"turns":3},{"damage":1,"enemies":"Slime Boss","floor":16,"turns":7},{"damage":2,"enemies":"Spheric Guardian","floor":18,"turns":3},{"damage":0,"enemies":"Chosen","floor":19,"turns":4},{"damage":21,"enemies":"Shelled Parasite and Fungi","floor":22,"turns":5},{"damage":29,"enemies":"Gremlin Leader","floor":24,"turns":6},{"damage":14,"enemies":"Chosen and Byrds","floor":28,"turns":5},{"damage":5,"enemies":"Cultist and Chosen","floor":31,"turns":4},{"damage":36,"enemies":"Champ","floor":33,"turns":10},{"damage":3,"enemies":"Orb Walker","floor":35,"turns":3},{"damage":79,"enemies":"2 Orb Walkers","floor":36,"turns":5}],"seed_played":"7240138321135438998","potions_obtained":[{"floor":4,"key":"LiquidBronze"},{"floor":10,"key":"SteroidPotion"},{"floor":13,"key":"FearPotion"},{"floor":14,"key":"Energy Potion"},{"floor":18,"key":"DuplicationPotion"},{"floor":19,"key":"Ancient Potion"}],"is_trial":false,"path_per_floor":["M","M","M","M","$","R","?","?","T","E","M","R","E","M","R","B",null,"M","M","$","?","M","R","E","$","T","?","M","?","R","M","R","B",null,"M","?"],"character_chosen":"THE_DEFAULT","items_purchased":["theMarked:Opportunist","theMarked:SummonStrength+1","theMarked:Standoff+1"],"campfire_rested":3,"item_purchase_floors":[5,20,25],"current_hp_per_floor":[70,70,70,65,65,65,51,51,51,26,26,47,36,27,27,26,70,68,68,68,68,47,47,18,18,18,18,4,4,25,20,41,5,70,67,0,0],"gold":216,"neow_bonus":"THREE_ENEMY_KILL","is_daily":false,"chose_seed":false,"campfire_upgraded":3,"win_rate":0.0,"timestamp":1611144916,"path_taken":["M","?","?","M","$","R","?","?","T","E","M","R","E","M","R","BOSS","M","M","$","?","?","R","E","$","T","?","M","?","R","M","R","BOSS","M","?"],"items_purchased_type":["Card","Card","Card"],"build_version":"2020-12-22","purchased_purges":2,"victory":false,"max_hp_per_floor":[70,70,70,70,70,70,70,70,70,70,70,70,70,70,70,70,70,70,70,70,70,70,70,70,70,70,70,70,70,70,70,70,70,70,70,70,70],"card_choices":[{"not_picked":["theMarked:ChainLightning","theMarked:WardOff"],"picked":"theMarked:SwordAndMagic","floor":1},{"not_picked":["theMarked:ResourceFulStrike","theMarked:RepellingDischarge"],"picked":"theMarked:KeepCalmAndFightOn","floor":2},{"not_picked":["theMarked:ElectricStrings","theMarked:MaelstromOfLightning"],"picked":"theMarked:Overcharge","floor":3},{"not_picked":["theMarked:WastefulAttack","theMarked:Seal"],"picked":"theMarked:ResourceFulStrike","floor":4},{"not_picked":["theMarked:TwofoldDefense","theMarked:BanishingStrike"],"picked":"theMarked:TurnInvisible","floor":10},{"not_picked":["theMarked:HeritageOfTheMarked+1","theMarked:Frustration"],"picked":"theMarked:EmpowerWeapon","floor":11},{"not_picked":["theMarked:ElectricStrings","theMarked:Overthink"],"picked":"theMarked:Improvise","floor":13},{"not_picked":["theMarked:Improvise","theMarked:BanishingWave"],"picked":"theMarked:HeightenedSenses","floor":14},{"not_picked":["theMarked:Abjuration","theMarked:FavorableWinds"],"picked":"theMarked:BindingBlade","floor":16},{"not_picked":["theMarked:RepellingDischarge","theMarked:ResourceFulStrike"],"picked":"theMarked:Aftermath","floor":18},{"not_picked":["theMarked:CreepingChasm","theMarked:Aftermath","theMarked:ResourceFulStrike"],"picked":"SKIP","floor":19},{"not_picked":["theMarked:RepellingDischarge","theMarked:WastefulAttack"],"picked":"theMarked:AttractMetal","floor":22},{"not_picked":["theMarked:LightningStrikesTwice","theMarked:WastefulAttack+1"],"picked":"theMarked:HeritageOfTheMarked+1","floor":24},{"not_picked":["theMarked:Parkour","theMarked:Improvise","theMarked:WardOff"],"picked":"SKIP","floor":28},{"not_picked":["theMarked:Improvise+1","theMarked:BanishingWave+1"],"picked":"theMarked:Challenge","floor":31},{"not_picked":["theMarked:ThrowWeapon","theMarked:Defy"],"picked":"theMarked:SoldierForm+1","floor":33},{"not_picked":["theMarked:WardOff","theMarked:Frustration+1"],"picked":"theMarked:RogueSparks+1","floor":35}],"player_experience":593926,"relics_obtained":[{"floor":9,"key":"Frozen Egg 2"},{"floor":10,"key":"Potion Belt"},{"floor":13,"key":"Lantern"},{"floor":17,"key":"Art of War"},{"floor":17,"key":"StrikeDummy"},{"floor":17,"key":"WingedGreaves"},{"floor":24,"key":"Mercury Hourglass"}],"event_choices":[{"damage_healed":0,"gold_gain":0,"player_choice":"Entered Light","damage_taken":14,"max_hp_gain":0,"max_hp_loss":0,"event_name":"Shining Light","floor":7,"gold_loss":0,"cards_upgraded":["theMarked:Strike","theMarked:Defend"]},{"cards_removed":["theMarked:Strike"],"damage_healed":0,"gold_gain":0,"player_choice":"Forget","damage_taken":0,"max_hp_gain":0,"max_hp_loss":0,"event_name":"Living Wall","floor":8,"gold_loss":0},{"damage_healed":0,"gold_gain":0,"player_choice":"Upgraded","damage_taken":0,"max_hp_gain":0,"max_hp_loss":0,"event_name":"Upgrade Shrine","floor":21,"gold_loss":0,"cards_upgraded":["theMarked:BindingBlade"]},{"damage_healed":0,"gold_gain":0,"player_choice":"Ignored","damage_taken":0,"max_hp_gain":0,"max_hp_loss":0,"event_name":"Cursed Tome","floor":27,"gold_loss":0},{"damage_healed":0,"gold_gain":0,"player_choice":"Opened","damage_taken":0,"relics_obtained":["Orichalcum"],"max_hp_gain":0,"max_hp_loss":0,"event_name":"The Mausoleum","floor":29,"gold_loss":0},{"damage_healed":0,"gold_gain":0,"player_choice":"Fight","damage_taken":0,"max_hp_gain":0,"max_hp_loss":0,"event_name":"Mysterious Sphere","floor":36,"gold_loss":0}],"is_beta":false,"boss_relics":[{"not_picked":["Runic Pyramid","Coffee Dripper"],"picked":"Calling Bell"},{"not_picked":["SacredBark","Runic Dome"],"picked":"Snecko Eye"}],"items_purged_floors":[5,20],"is_endless":false,"potions_floor_spawned":[4,10,13,14,18,19],"killed_by":"2 Orb Walkers","ascension_level":0}}