{"host":"h4qgcirtxz6qax9j","time":1611138791,"event":{"mods":["AchievementEnabler","BaseMod","Colored Powertips","Hermit","Minty Spire (QoL Compilation)","StSLib","SuperFastMode","The Servant 0.9.4"],"gold_per_floor":[113,113,36,47,147,147,172,188,211,225,225,237,237,211,211,313,363,376,376,376,402,415,415,445,445,445,455,455,455],"floor_reached":28,"language":"KOR","playtime":631,"items_purged":[],"score":271,"play_id":"aed99a35-9b42-4e87-869e-61e967614d8a","local_time":"20210120193311","is_ascension_mode":true,"campfire_choices":[{"data":"SilverBlades","floor":6,"key":"SMITH"},{"floor":11,"key":"REST"},{"floor":13,"key":"REST"},{"data":"Moondial","floor":15,"key":"SMITH"},{"floor":23,"key":"REST"}],"circlet_count":0,"master_deck":["Strike_S","Strike_S","Strike_S","Strike_S","Defend_S","Defend_S","Defend_S+1","Defend_S","KidneyShot","Exchange","TrueSight","Starlight","SilverBlades+1","Ricochet","Starlight","Moondial+1","SoulSculpture","DualDimension","Rearm","Solidify","ShatteredReality","Potential","Solidify","GearUp+1"],"relics":["Uniform","Lizard Tail","Ancient Tea Set","Potion Belt","Tiny House","MutagenicStrength","Red Mask","Regal Pillow","Toxic Egg 2"],"acts_visited":["Exordium","TheCity"],"potions_floor_usage":[7,16,28],"damage_taken":[{"damage":7,"enemies":"Cultist","floor":1,"turns":5},{"damage":12,"enemies":"Jaw Worm","floor":4,"turns":3},{"damage":47,"enemies":"Lagavulin","floor":7,"turns":7},{"damage":0,"enemies":"Small Slimes","floor":8,"turns":2},{"damage":13,"enemies":"3 Louse","floor":10,"turns":2},{"damage":8,"enemies":"Looter","floor":12,"turns":2},{"damage":26,"enemies":"Hexaghost","floor":16,"turns":8},{"damage":19,"enemies":"Spheric Guardian","floor":18,"turns":4},{"damage":0,"enemies":"Masked Bandits","floor":21,"turns":3},{"damage":11,"enemies":"2 Thieves","floor":22,"turns":4},{"damage":30,"enemies":"Gremlin Leader","floor":24,"turns":10},{"damage":12,"enemies":"3 Cultists","floor":27,"turns":4},{"damage":46,"enemies":"Cultist and Chosen","floor":28,"turns":8}],"seed_played":"-703337532442847160","potions_obtained":[{"floor":1,"key":"Swift Potion"},{"floor":10,"key":"PowerPotion"},{"floor":17,"key":"Block Potion"},{"floor":21,"key":"FearPotion"}],"is_trial":false,"path_per_floor":["M","T","$","M","?","R","E","M","T","M","R","M","R","$","R","B",null,"M","?","$","?","M","R","E","?","T","M","M"],"character_chosen":"THE_SERVANT","items_purchased":["SilverBlades","Rearm"],"campfire_rested":3,"item_purchase_floors":[3,14],"current_hp_per_floor":[58,58,58,46,46,46,32,32,32,19,38,30,49,49,49,23,70,51,51,51,51,40,61,31,54,54,42,0,0],"gold":455,"neow_bonus":"ONE_RANDOM_RARE_CARD","is_daily":false,"chose_seed":false,"campfire_upgraded":2,"win_rate":0.0,"timestamp":1611138791,"path_taken":["M","?","$","M","?","R","E","M","T","M","R","?","R","$","R","BOSS","M","?","$","?","M","R","E","?","T","M","M"],"items_purchased_type":["Card","Card"],"build_version":"2020-12-22","purchased_purges":0,"victory":false,"max_hp_per_floor":[65,65,65,65,65,65,65,65,65,65,65,65,65,65,65,65,70,70,70,70,70,70,70,70,70,70,70,70,70],"card_choices":[{"not_picked":["Contraction","Sabotage"],"picked":"Starlight","floor":1},{"not_picked":["BottledTime","Rewind"],"picked":"Ricochet","floor":4},{"not_picked":["Replace","Rewind"],"picked":"Starlight","floor":7},{"not_picked":["TimeWarp","Replace"],"picked":"Moondial","floor":8},{"not_picked":["BottledTime","Deadline"],"picked":"SoulSculpture","floor":10},{"not_picked":["TimeWarp","BottledTime"],"picked":"DualDimension","floor":12},{"not_picked":["Duplication","MurderousAura"],"picked":"Solidify","floor":16},{"not_picked":["Alleviate","Deadline+1"],"picked":"ShatteredReality","floor":18},{"not_picked":["Foresight+1","Unruled"],"picked":"Potential","floor":22},{"not_picked":["ShiftingGears+1","WasteNot"],"picked":"Solidify","floor":24},{"not_picked":["ShatteredReality","Unruled"],"picked":"GearUp+1","floor":27}],"player_experience":80873,"relics_obtained":[{"floor":2,"key":"Lizard Tail"},{"floor":7,"key":"Ancient Tea Set"},{"floor":9,"key":"Potion Belt"},{"floor":21,"key":"Red Mask"},{"floor":24,"key":"Regal Pillow"},{"floor":26,"key":"Toxic Egg 2"}],"event_choices":[{"damage_healed":0,"gold_gain":100,"player_choice":"Pray","damage_taken":0,"max_hp_gain":0,"max_hp_loss":0,"event_name":"Golden Shrine","floor":5,"gold_loss":0},{"damage_healed":0,"gold_gain":0,"player_choice":"Inject Mutagens","damage_taken":0,"relics_obtained":["MutagenicStrength"],"max_hp_gain":0,"max_hp_loss":0,"event_name":"Drug Dealer","floor":19,"gold_loss":0},{"damage_healed":0,"gold_gain":0,"player_choice":"Fought Bandits","damage_taken":0,"max_hp_gain":0,"max_hp_loss":0,"event_name":"Masked Bandits","floor":21,"gold_loss":0},{"damage_healed":23,"gold_gain":0,"player_choice":"Heal","damage_taken":0,"max_hp_gain":0,"max_hp_loss":0,"event_name":"The Library","floor":25,"gold_loss":0}],"is_beta":false,"boss_relics":[{"not_picked":["Snecko Eye","Fusion Hammer"],"picked":"Tiny House"}],"items_purged_floors":[],"is_endless":false,"potions_floor_spawned":[1,10,21],"killed_by":"Cultist and Chosen","ascension_level":3}}