{"host":"0awa854l6bexpjrv","time":1611107341,"event":{"mods":["BaseMod","Block Reminder","Colored Map","Colored Powertips","Downfall","Highlight Path","Minty Spire (QoL Compilation)","Quick Restart","Rare Cards Sparkle","StSLib","SuperFastMode"],"gold_per_floor":[19,19,39,39,54,54,64,125,125,125,139,173,184,184,184,284,284,295,295,295,264,284,284,312,312,393,0,35,35,35,54,54,150,150,150,150],"floor_reached":35,"language":"ENG","playtime":2046,"items_purged":[],"score":499,"play_id":"888ccbb7-ae53-47bf-a4b9-ecd7716e308d","local_time":"20210119174901","is_ascension_mode":true,"campfire_choices":[{"data":"Bash","floor":6.0,"key":"SMITH"},{"floor":10.0,"key":"REST"},{"floor":15.0,"key":"REST"},{"floor":23,"key":"REST"},{"floor":25,"key":"REST"},{"floor":32,"key":"REST"}],"circlet_count":0,"master_deck":["Strike_R+1","Strike_R+1","Defend_R+1","Defend_R+1","Defend_R+1","Defend_R+1","Bash+1","Pommel Strike+1","Dropkick","True Grit","Clothesline","Feed","Blood for Blood","Wild Strike","Rampage","Fire Breathing","Impervious","Armaments+1","Power Through","Wild Strike","Flame Barrier","Armaments+1","Double Tap"],"relics":["Burning Blood","Kunai","Ornamental Fan","Sundial","Mark of Pain","Enchiridion","Bottled Tornado","Bottled Lightning","Ancient Tea Set","Runic Pyramid"],"acts_visited":["Exordium","TheCity","TheBeyond"],"potions_floor_usage":[24,30,33],"damage_taken":[{"damage":9.0,"enemies":"Jaw Worm","floor":1.0,"turns":3.0},{"damage":4.0,"enemies":"Small Slimes","floor":3.0,"turns":4.0},{"damage":0.0,"enemies":"2 Louse","floor":5.0,"turns":2.0},{"damage":26.0,"enemies":"Large Slime","floor":7.0,"turns":7.0},{"damage":20.0,"enemies":"Gremlin Nob","floor":8.0,"turns":4.0},{"damage":2.0,"enemies":"3 Louse","floor":11.0,"turns":2.0},{"damage":19.0,"enemies":"3 Sentries","floor":12.0,"turns":6.0},{"damage":1.0,"enemies":"Exordium Wildlife","floor":13.0,"turns":4.0},{"damage":41.0,"enemies":"The Guardian","floor":16.0,"turns":10.0},{"damage":31.0,"enemies":"3 Byrds","floor":18.0,"turns":5.0},{"damage":14.0,"enemies":"2 Thieves","floor":21.0,"turns":5.0},{"damage":11,"enemies":"Chosen and Byrds","floor":22,"turns":5},{"damage":51,"enemies":"Slavers","floor":24,"turns":6},{"damage":8,"enemies":"Book of Stabbing","floor":28,"turns":5},{"damage":9,"enemies":"Colosseum Slavers","floor":30,"turns":5},{"damage":0,"enemies":"Centurion and Healer","floor":31,"turns":7},{"damage":79,"enemies":"Automaton","floor":33,"turns":11},{"damage":47,"enemies":"3 Darklings","floor":35,"turns":3}],"seed_played":"6433149063840338427","potions_obtained":[{"floor":7.0,"key":"FairyPotion"},{"floor":11.0,"key":"AttackPotion"},{"floor":13.0,"key":"AttackPotion"},{"floor":16.0,"key":"Dexterity Potion"},{"floor":24,"key":"ColorlessPotion"},{"floor":31,"key":"bronze:BurnAndBuffPotion"},{"floor":33,"key":"Energy Potion"}],"is_trial":false,"path_per_floor":["M","$","M","?","M","R","M","?","T","R","M","E","M","?","R","B",null,"M","?","?","M","M","R","E","R","T","?","E","$","?","M","R","B",null,"M"],"character_chosen":"IRONCLAD","items_purchased":[],"campfire_rested":5,"item_purchase_floors":[],"current_hp_per_floor":[77,77,79,72,78,78,58,44,44,68,75,65,73,55,81,46,89,64,64,48,43,41,69,27,56,56,56,57,57,54,60,90,21,105,58,58],"gold":150,"neow_bonus":"TRANSFORM_TWO_CARDS","is_daily":false,"chose_seed":false,"campfire_upgraded":1,"win_rate":0.0,"timestamp":1611107341,"path_taken":["M","$","M","?","M","R","M","?","T","R","M","E","M","?","R","BOSS","M","?","?","M","M","R","E","R","T","?","E","$","?","?","R","BOSS","M"],"items_purchased_type":[],"build_version":"2020-12-22","purchased_purges":0,"victory":false,"max_hp_per_floor":[80,80,80,80,80,80,80,80,80,80,83,86,89,89,89,89,89,89,89,89,92,95,95,98,98,98,98,101,101,101,101,101,105,105,105,105],"card_choices":[{"not_picked":["Sword Boomerang","Fire Breathing"],"picked":"True Grit","floor":1.0},{"not_picked":["True Grit","Wild Strike"],"picked":"Clothesline","floor":3.0},{"not_picked":["Clothesline","True Grit"],"picked":"Feed","floor":5.0},{"not_picked":["Clothesline","Cleave"],"picked":"Blood for Blood","floor":7.0},{"not_picked":["Thunderclap","Iron Wave"],"picked":"Wild Strike","floor":8.0},{"not_picked":["Inflame","Sever Soul"],"picked":"Rampage","floor":11.0},{"not_picked":["True Grit","Flex","Rupture"],"picked":"SKIP","floor":12.0},{"not_picked":["Whirlwind","Anger"],"picked":"Fire Breathing","floor":13.0},{"not_picked":["Berserk","Brutality"],"picked":"Impervious","floor":16.0},{"not_picked":["Seeing Red","Havoc","Iron Wave"],"picked":"SKIP","floor":18.0},{"not_picked":["Perfected Strike","Shrug It Off"],"picked":"Armaments+1","floor":21.0},{"not_picked":["Warcry","Heavy Blade"],"picked":"Power Through","floor":22},{"not_picked":["Sword Boomerang","Clothesline"],"picked":"Wild Strike","floor":24},{"not_picked":["Cleave","Feel No Pain"],"picked":"Flame Barrier","floor":28},{"not_picked":["Body Slam","Dual Wield"],"picked":"Armaments+1","floor":31},{"not_picked":["Barricade","Limit Break"],"picked":"Double Tap","floor":33}],"player_experience":584865,"relics_obtained":[{"floor":8.0,"key":"Kunai"},{"floor":9.0,"key":"Ornamental Fan"},{"floor":12.0,"key":"Sundial"},{"floor":20.0,"key":"Enchiridion"},{"floor":24,"key":"Bottled Tornado"},{"floor":26,"key":"Bottled Lightning"},{"floor":28,"key":"Ancient Tea Set"}],"event_choices":[{"cards_removed":["Strike_R"],"damage_healed":0.0,"max_hp_gain":0.0,"max_hp_loss":0.0,"gold_gain":0.0,"event_name":"Golden Wing","player_choice":"Card Removal","floor":4.0,"gold_loss":0.0,"damage_taken":7.0},{"damage_healed":0.0,"max_hp_gain":0.0,"max_hp_loss":0.0,"gold_gain":0.0,"event_name":"Dead Adventurer","player_choice":"Searched \u00271\u0027 times","floor":8.0,"gold_loss":0.0,"damage_taken":0.0},{"damage_healed":0.0,"max_hp_gain":0.0,"max_hp_loss":0.0,"gold_gain":0.0,"event_name":"Shining Light","player_choice":"Entered Light","floor":14.0,"gold_loss":0.0,"damage_taken":18.0,"cards_upgraded":["Strike_R","Pommel Strike"]},{"damage_healed":0.0,"max_hp_gain":0.0,"max_hp_loss":0.0,"gold_gain":0.0,"event_name":"Back to Basics","player_choice":"Simplicity","floor":19.0,"gold_loss":0.0,"damage_taken":0.0,"cards_upgraded":["Strike_R","Defend_R","Defend_R","Defend_R","Defend_R"]},{"damage_healed":0.0,"max_hp_gain":0.0,"max_hp_loss":0.0,"gold_gain":0.0,"event_name":"Cursed Tome","player_choice":"Obtained Book","floor":20.0,"gold_loss":0.0,"damage_taken":16.0},{"damage_healed":0,"gold_gain":0,"player_choice":"Paid Fearfully","damage_taken":0,"max_hp_gain":0,"max_hp_loss":0,"event_name":"Masked Bandits","floor":27,"gold_loss":393},{"damage_healed":0,"gold_gain":0,"player_choice":"Fight","damage_taken":0,"max_hp_gain":0,"max_hp_loss":0,"event_name":"Colosseum","floor":30,"gold_loss":0},{"damage_healed":0,"gold_gain":0,"player_choice":"Fled From Nobs","damage_taken":0,"max_hp_gain":0,"max_hp_loss":0,"event_name":"Colosseum","floor":30,"gold_loss":0}],"is_beta":false,"boss_relics":[{"not_picked":["Snecko Eye","Black Star"],"picked":"Mark of Pain"},{"not_picked":["Astrolabe","Sozu"],"picked":"Runic Pyramid"}],"items_purged_floors":[],"is_endless":false,"potions_floor_spawned":[7,11,13,16,24,30,31,33],"killed_by":"3 Darklings","ascension_level":4}}