{"host":"egwexuw5uvnxf11j","time":1611113596,"event":{"mods":["2.2 Compatiblity","Aspiration","BaseMod","Better Altar","Better Note","Better Sensory Stone","Better Third Choice","Displayed Cursed Tome","Downfall","Hermit","Key Reminder","Koishi","Marisa????????","Minty Spire (QoL Compilation)","Quick Restart","Shade Mod","Spicy Shops","StSLib","The Construct","The Cursed","The Hierophant","The Runesmith","The Senshi","The Servant 0.9.4","Transform Curses"],"gold_per_floor":[119,119,6,19,19,54,54,64,64,64,82,82,48,74,74,169,169,158,73,73,84,84,100,100,132,132,132,149,183,183,195,195,291,291,310,310,38,55,73,73,73,73],"floor_reached":41,"language":"ENG","playtime":3748,"items_purged":[],"score":577,"play_id":"ff37d818-3055-40d6-a8ec-a3db9034647d","local_time":"20210119223316","is_ascension_mode":true,"campfire_choices":[{"floor":7,"key":"REST"},{"floor":10,"key":"REST"},{"floor":15,"key":"REST"},{"floor":24,"key":"REST"},{"floor":27,"key":"REST"},{"floor":30,"key":"REST"},{"floor":32,"key":"REST"},{"floor":40,"key":"REST"}],"circlet_count":0,"master_deck":["Strike_MRS","Strike_MRS","Strike_MRS","Strike_MRS","Defend_MRS","Defend_MRS","Defend_MRS","Defend_MRS","MasterSpark","UpSweep","Bandage Up","ShootingEcho","EventHorizon+1","NonDirectionalLaser","AsteroidBelt","EnergyRecoil","ShootTheMoon","MysteriousBeam","Burn","OrrerysSun+1","ShootTheMoon","EscapeVelocity+1","WitchLeyline+1","BlazingStar","AsteroidBelt","Acceleration+1","Occultation+1","DragonMeteor","MachineGunSpark","JA","StarBarrage","SuperNova+1","PowerUp+1","ShootingEcho","SuperPerseids","PropBag","Orbital","PowerUp+1"],"relics":["MiniHakkero","Frozen Egg 2","Happy Flower","StoneCalendar","keyreminder:keyreminder","Lantern","Mango","construct:ClawGrip","Regal Pillow","Pen Nib","Pear","Torii","aspiration:MobileForge","ClockworkSouvenir","Kunai"],"acts_visited":["Exordium","TheCity","TheBeyond"],"potions_floor_usage":[6,11,23,25,29,33,33,41],"damage_taken":[{"damage":3,"enemies":"2 Louse","floor":1,"turns":2},{"damage":4,"enemies":"Jaw Worm","floor":4,"turns":3},{"damage":53,"enemies":"Lagavulin","floor":6,"turns":7},{"damage":8,"enemies":"Small Slimes","floor":8,"turns":3},{"damage":2,"enemies":"Gremlin Gang","floor":11,"turns":3},{"damage":32,"enemies":"3 Sentries","floor":14,"turns":5},{"damage":49,"enemies":"The Guardian","floor":16,"turns":8},{"damage":20,"enemies":"2 Thieves","floor":18,"turns":4},{"damage":14,"enemies":"Shell Parasite","floor":21,"turns":3},{"damage":15,"enemies":"Sentry and Sphere","floor":23,"turns":3},{"damage":43,"enemies":"Gremlin Leader","floor":25,"turns":7},{"damage":6,"enemies":"Centurion and Healer","floor":28,"turns":7},{"damage":83,"enemies":"Slavers","floor":29,"turns":5},{"damage":14,"enemies":"3 Cultists","floor":31,"turns":5},{"damage":57,"enemies":"Automaton","floor":33,"turns":8},{"damage":10,"enemies":"Orb Walker","floor":35,"turns":2},{"damage":52,"enemies":"3 Shapes","floor":38,"turns":5},{"damage":29,"enemies":"3 Darklings","floor":39,"turns":4},{"damage":82,"enemies":"Giant Head","floor":41,"turns":6}],"seed_played":"5692386342800869366","potions_obtained":[{"floor":4,"key":"DistilledChaos"},{"floor":8,"key":"Explosive Potion"},{"floor":21,"key":"Slimebound:ThreeZeroPotion"},{"floor":22,"key":"hexamod:SoulburnPotion"},{"floor":22,"key":"ColorlessPotion"},{"floor":28,"key":"SteroidPotion"},{"floor":29,"key":"GamblersBrew"},{"floor":39,"key":"construct:ShiftPotion"}],"is_trial":false,"path_per_floor":["M","?","$","M","?","E","R","M","T","R","M","?","$","E","R","B",null,"M","?","?","M","?","M","R","E","T","R","M","E","R","M","R","B",null,"M","?","$","M","M","R","E"],"character_chosen":"MARISA","items_purchased":["EventHorizon+1","NonDirectionalLaser","OrrerysSun+1","ClockworkSouvenir","SuperPerseids","PropBag"],"campfire_rested":8,"item_purchase_floors":[3,3,13,37,37,37],"current_hp_per_floor":[72,72,72,71,71,22,44,40,40,62,60,60,60,46,72,27,89,73,73,73,63,63,48,89,50,60,99,93,14,58,44,88,35,99,89,89,89,41,12,56,0,0],"gold":73,"neow_bonus":"RANDOM_COLORLESS","is_daily":false,"chose_seed":false,"campfire_upgraded":0,"win_rate":0.0,"timestamp":1611113596,"path_taken":["M","?","$","M","?","E","R","M","T","R","M","?","$","E","R","BOSS","M","?","?","?","?","M","R","E","T","R","?","E","R","M","R","BOSS","M","?","$","M","?","R","E"],"items_purchased_type":["Card","Card","Card","Relic","Card","Card"],"build_version":"2020-12-22","purchased_purges":0,"victory":false,"max_hp_per_floor":[75,75,75,75,75,75,75,75,75,75,75,75,75,89,89,89,89,89,89,89,89,89,89,89,89,99,99,99,99,99,99,99,99,99,99,99,99,99,99,99,99,99],"card_choices":[{"not_picked":["Purity","Madness"],"picked":"Bandage Up","floor":0},{"not_picked":["GalacticHalo","6A"],"picked":"ShootingEcho","floor":1},{"not_picked":["MagicAbsorber","DC"],"picked":"AsteroidBelt","floor":4},{"not_picked":["OortCloud+1","DarkSpark"],"picked":"EnergyRecoil","floor":6},{"not_picked":["Acceleration","WitchOfGreed+1"],"picked":"ShootTheMoon","floor":8},{"not_picked":["Acceleration","DC"],"picked":"MysteriousBeam","floor":11},{"not_picked":["DarkSpark","LuminesStrike"],"picked":"ShootTheMoon","floor":14},{"not_picked":["FinalSpark","StarDustReverie"],"picked":"EscapeVelocity+1","floor":16},{"not_picked":["UnstableBomb","PropBag"],"picked":"WitchLeyline+1","floor":18},{"not_picked":["GravityBeat","Robbery"],"picked":"Acceleration+1","floor":21},{"not_picked":["Acceleration","GravityBeat"],"picked":"Occultation+1","floor":23},{"not_picked":["BlazeAway","Acceleration"],"picked":"DragonMeteor","floor":25},{"not_picked":["GalacticHalo+1","AsteroidBelt"],"picked":"MachineGunSpark","floor":28},{"not_picked":["UnstableBomb","6A+1"],"picked":"JA","floor":29},{"not_picked":["ChargeUpSpray","MysteriousBeam"],"picked":"StarBarrage","floor":31},{"not_picked":["StarDustReverie","AbsoluteMagnitude"],"picked":"SuperNova+1","floor":33},{"not_picked":["MilkyWay","MysteriousBeam"],"picked":"PowerUp+1","floor":35},{"not_picked":["MachineGunSpark","OortCloud+1"],"picked":"Orbital","floor":38},{"not_picked":["ChargingUp+1","WitchOfGreed+1"],"picked":"PowerUp+1","floor":39}],"player_experience":2278970,"relics_obtained":[{"floor":6,"key":"StoneCalendar"},{"floor":9,"key":"Lantern"},{"floor":14,"key":"Mango"},{"floor":25,"key":"Pen Nib"},{"floor":26,"key":"Pear"},{"floor":29,"key":"Torii"}],"event_choices":[{"damage_healed":0,"gold_gain":0,"player_choice":"Box","damage_taken":0,"relics_obtained":["Happy Flower"],"max_hp_gain":0,"max_hp_loss":0,"event_name":"Big Fish","floor":5,"gold_loss":0,"cards_obtained":["Regret"]},{"damage_healed":60,"gold_gain":0,"player_choice":"Embrace Burn","damage_taken":0,"max_hp_gain":0,"max_hp_loss":75,"event_name":"betterThird:BetterShining","floor":12,"gold_loss":0},{"damage_healed":0,"gold_gain":0,"player_choice":"Obtained Relic","damage_taken":0,"relics_obtained":["Regal Pillow"],"max_hp_gain":0,"max_hp_loss":0,"event_name":"Addict","floor":19,"gold_loss":85},{"damage_healed":0,"gold_gain":0,"cards_transformed":["Injury","Regret"],"player_choice":"Became Test Subject","damage_taken":0,"max_hp_gain":0,"max_hp_loss":0,"event_name":"Drug Dealer","floor":20,"gold_loss":0,"cards_obtained":["BlazingStar","AsteroidBelt"]},{"damage_healed":0,"gold_gain":0,"player_choice":"Got Potions","damage_taken":0,"max_hp_gain":0,"max_hp_loss":0,"event_name":"Lab","floor":22,"gold_loss":0},{"damage_healed":0,"gold_gain":0,"player_choice":"Copied","damage_taken":0,"max_hp_gain":0,"max_hp_loss":0,"event_name":"Duplicator","floor":36,"gold_loss":0,"cards_obtained":["ShootingEcho"]}],"is_beta":false,"boss_relics":[{"not_picked":["construct:WeddingRing","Tiny House"],"picked":"construct:ClawGrip"},{"not_picked":["Coffee Dripper","aspiration:ServantSkillbook"],"picked":"aspiration:MobileForge"}],"items_purged_floors":[],"is_endless":false,"potions_floor_spawned":[4,8,21,28,29,39],"killed_by":"Giant Head","ascension_level":4}}