{"host":"svjsz61ic7qdyp36","time":1611179458,"event":{"mods":["BaseMod","Colored Map","Colored Powertips","Downfall","Hermit","Infinite Spire","Marisa????????","Minty Spire (QoL Compilation)","StSLib","The Servant 0.9.4"],"gold_per_floor":[99,127,127,148,332,257,309,328,353,303,323,273,273,17,43,148,148,98,117,136,155,105,105,132,56,80,108,87,114,64,64,90,90,90,90],"floor_reached":33,"language":"ENG","playtime":1692,"items_purged":["Doubt"],"score":241,"play_id":"73e444aa-ea39-4413-9831-3f8b39b61c36","local_time":"20210120215058","is_ascension_mode":false,"campfire_choices":[{"data":"Slimebound:Split","floor":1,"key":"SMITH"},{"floor":10,"key":"REST"},{"floor":12,"key":"REST"},{"floor":18,"key":"RECALL"},{"floor":30,"key":"REST"}],"circlet_count":0,"master_deck":["Slimebound:Strike_Slimebound","Slimebound:Strike_Slimebound","Slimebound:Strike_Slimebound","Slimebound:Tackle","Slimebound:Defend_Slimebound","Slimebound:Defend_Slimebound","Slimebound:Defend_Slimebound","Slimebound:Defend_Slimebound","Slimebound:Split+1","Slimebound:CorrosiveSpit","Slimebound:ItLooksTasty","Slimebound:SlimeTap+1","Slimebound:SamplingLick+1","Slimebound:RainOfGoop+1","Slimebound:Grow","Slimebound:Equalize","Slimebound:SplitMire+1","Slimebound:OozeBath+1","Slimebound:SplitBruiser+1","Slimebound:SlimeSlap","Slimebound:SplitSpecialist+1","Slimebound:RallyTheTroops","Slimebound:AcidTongue","Slimebound:Dissolve+1","Slimebound:SplitSpecialist+1","Slimebound:ServeAndProtect+1","Slimebound:Prepare+1","Slimebound:SlimeSpikes+1","Slimebound:Schlurp+1","Slimebound:RollThrough","Slimebound:TongueLash"],"relics":["Slimebound:AbsorbEndCombat","CeramicFish","Toxic Egg 2","Slimebound:GreedOozeRelic","Art of War","MutagenicStrength","Omamori"],"acts_visited":["Exordium","TheCity"],"potions_floor_usage":[9,21,25,27,33,33],"damage_taken":[{"damage":4,"enemies":"Cultist","floor":2,"turns":3},{"damage":10,"enemies":"2 Louse","floor":4,"turns":2},{"damage":1,"enemies":"Jaw Worm","floor":8,"turns":3},{"damage":10,"enemies":"Large Slime","floor":9,"turns":4},{"damage":20,"enemies":"Exordium Wildlife","floor":11,"turns":3},{"damage":13,"enemies":"downfall:FleeingMerchant","floor":14,"turns":4},{"damage":21,"enemies":"2 Fungi Beasts","floor":15,"turns":3},{"damage":36,"enemies":"SI_SHIV_ARCHETYPE","floor":16,"turns":6},{"damage":10,"enemies":"Spheric Guardian","floor":19,"turns":3},{"damage":27,"enemies":"3 Byrds","floor":20,"turns":4},{"damage":17,"enemies":"Centurion and Healer","floor":21,"turns":6},{"damage":10,"enemies":"downfall:FleeingMerchant","floor":25,"turns":4},{"damage":29,"enemies":"Snake Plant","floor":26,"turns":3},{"damage":12,"enemies":"Sentry and Sphere","floor":27,"turns":5},{"damage":11,"enemies":"downfall:FleeingMerchant","floor":28,"turns":4},{"damage":18,"enemies":"Centurion and Healer","floor":29,"turns":6},{"damage":11,"enemies":"Shelled Parasite and Fungi","floor":32,"turns":4},{"damage":68,"enemies":"IC_MUSHROOM_ARCHETYPE","floor":33,"turns":11}],"seed_played":"-4051784679029466987","potions_obtained":[{"floor":2,"key":"Swift Potion"},{"floor":16,"key":"BlessingOfTheForge"},{"floor":20,"key":"Regen Potion"},{"floor":26,"key":"infinitespire:BlackPotion"},{"floor":27,"key":"Guardian:BlockOnCardUsePotion"},{"floor":29,"key":"LiquidBronze"}],"is_trial":false,"path_per_floor":["R","M","?","M","?","?","T","M","M","R","M","R","?","$","M","B",null,"R","M","M","M","?","?","T","$","M","M","$","M","R","?","M","B"],"character_chosen":"SLIMEBOUND","items_purchased":["Slimebound:SplitMire+1","Slimebound:OozeBath+1","Slimebound:SplitSpecialist+1","Slimebound:Schlurp+1"],"campfire_rested":3,"item_purchase_floors":[14,14,25,28],"current_hp_per_floor":[65,63,51,45,45,45,45,50,48,65,49,65,65,58,45,19,65,65,57,42,52,65,65,65,57,32,38,31,25,44,44,35,0,0,0],"gold":90,"neow_bonus":"RANDOM_COMMON_RELIC","is_daily":false,"chose_seed":false,"campfire_upgraded":1,"win_rate":0.0,"timestamp":1611179458,"path_taken":["R","M","?","M","?","?","T","M","M","R","?","R","?","$","M","BOSS","R","M","M","M","?","?","T","$","M","M","$","M","R","?","M","BOSS"],"items_purchased_type":["Card","Card","Card","Card"],"build_version":"2020-12-22","purchased_purges":1,"victory":false,"max_hp_per_floor":[65,65,65,65,65,65,65,65,65,65,65,65,65,65,65,65,65,65,65,65,65,65,65,65,65,65,65,65,65,65,65,65,65,65,65],"card_choices":[{"not_picked":["Slimebound:SlimeSpikes","Slimebound:SlimeBrawl"],"picked":"Slimebound:ItLooksTasty","floor":2},{"not_picked":["Slimebound:ItLooksTasty","Slimebound:Chomp"],"picked":"Slimebound:SlimeTap+1","floor":4},{"not_picked":["Slimebound:BestDefense","Slimebound:Schlurp+1"],"picked":"Slimebound:SamplingLick+1","floor":8},{"not_picked":["Slimebound:FlameTackle","Slimebound:SlimeSpikes+1"],"picked":"Slimebound:RainOfGoop+1","floor":9},{"not_picked":["Slimebound:PressTheAttack","Slimebound:LeechEnergy"],"picked":"Slimebound:Grow","floor":11},{"not_picked":["Slimebound:GoopSpray+1","Slimebound:Schlurp+1"],"picked":"Slimebound:Equalize","floor":14},{"not_picked":["Slimebound:RainOfGoop+1","Slimebound:FinishingTackle"],"picked":"Slimebound:SplitBruiser+1","floor":15},{"not_picked":["Slimebound:MinionMaster","Slimebound:PrepareCrush+1"],"picked":"Slimebound:SlimeSlap","floor":16},{"not_picked":["Slimebound:HauntingLick+1","Slimebound:GoopSpray+1"],"picked":"Slimebound:SplitSpecialist+1","floor":19},{"not_picked":["Slimebound:GrowthPunch","Slimebound:ItLooksTasty"],"picked":"Slimebound:RallyTheTroops","floor":20},{"not_picked":["Slimebound:LivingWall+1","Slimebound:ComboTackle"],"picked":"Slimebound:AcidTongue","floor":21},{"not_picked":["Slimebound:BestDefense","Slimebound:DivideAndConquer"],"picked":"Slimebound:Dissolve+1","floor":25},{"not_picked":["Slimebound:Dissolve+1","Slimebound:RainOfGoop+1"],"picked":"Slimebound:ServeAndProtect+1","floor":26},{"not_picked":["Slimebound:ServeAndProtect+1","Slimebound:DivideAndConquer"],"picked":"Slimebound:Prepare+1","floor":27},{"not_picked":["Slimebound:RejuvenatingLick+1","Slimebound:FirmFortitude+1"],"picked":"Slimebound:SlimeSpikes+1","floor":28},{"not_picked":["Slimebound:DisruptingSlam","Slimebound:PressTheAttack"],"picked":"Slimebound:RollThrough","floor":29},{"not_picked":["Slimebound:LeechEnergy","Slimebound:BestDefense"],"picked":"Slimebound:TongueLash","floor":32}],"player_experience":239475,"relics_obtained":[{"floor":7,"key":"Art of War"},{"floor":24,"key":"Omamori"}],"event_choices":[{"damage_healed":0,"gold_gain":0,"player_choice":"Success","damage_taken":12,"relics_obtained":["Toxic Egg 2"],"max_hp_gain":0,"max_hp_loss":0,"event_name":"Scrap Ooze","floor":3,"gold_loss":0},{"damage_healed":0,"gold_gain":0,"player_choice":"Inject Mutagens","damage_taken":0,"relics_obtained":["MutagenicStrength"],"max_hp_gain":0,"max_hp_loss":0,"event_name":"Drug Dealer","floor":23,"gold_loss":0}],"is_beta":false,"boss_relics":[{"not_picked":["Slimebound:TarBlob","Snecko Eye","Coffee Dripper"]}],"items_purged_floors":[14],"is_endless":false,"potions_floor_spawned":[2,16,20,26,27,29],"killed_by":"IC_MUSHROOM_ARCHETYPE","ascension_level":0}}