{"host":"Oniwa","time":1611145937,"event":{"mods":["BaseMod","Colored Map","Colored Powertips","Minty Spire (QoL Compilation)","Relic Stats","Slay the Relics Exporter","SpireBot","StSLib","ojb\u0027s Better Paths Mod","ojb\u0027s Info Mod"],"gold_per_floor":[113,83,97,108,118,118,137,17,17,92,92,135,135,169,169,262,262,262,262,262,18,18,18,18,18,18,18,18,18,18,18,18,18,18,18,18,18,18,18,18,18,0,0,0,0,0,0,0,0,0,0,0,0,0,0,0],"floor_reached":57,"language":"JPN","playtime":6213,"items_purged":["Strike_R"],"score":2916,"play_id":"79a96872-c83a-47b2-affc-6602a72dcdd4","local_time":"20210120213217","is_ascension_mode":true,"campfire_choices":[{"data":"Fiend Fire","floor":6,"key":"SMITH"},{"floor":13,"key":"REST"},{"data":"Uppercut","floor":15,"key":"SMITH"},{"data":"True Grit","floor":29,"key":"SMITH"},{"data":"Armaments","floor":32,"key":"SMITH"},{"floor":41,"key":"REST"},{"floor":49,"key":"RECALL"},{"data":"Barricade","floor":53,"key":"SMITH"}],"circlet_count":0,"master_deck":["AscendersBane","Strike_R+1","Defend_R","Defend_R","Defend_R","Defend_R","Bash","Combust","Pommel Strike+1","Shrug It Off","Fiend Fire+1","Flame Barrier+1","Uppercut+1","Impervious","Demon Form","Headbutt","Armaments+1","Rupture","Battle Trance","Dropkick","Warcry","Dark Embrace+1","Shockwave","True Grit+1","Barricade+1","Evolve","Immolate","Sentinel+1","Finesse","Dark Shackles","Body Slam","Reaper","Entrench+1","True Grit+1","Corruption"],"relics":["Burning Blood","Mercury Hourglass","Golden Idol","Incense Burner","White Beast Statue","Ectoplasm","Frozen Eye","Whetstone","Pen Nib","StrikeDummy","Runic Pyramid","Mango","Du-Vu Doll","Red Mask","Potion Belt","Eternal Feather","Anchor","Mummified Hand"],"acts_visited":["Exordium","TheCity","TheBeyond","TheEnding"],"potions_floor_usage":[4,12,12,14,20,23,25,56,56],"damage_taken":[{"damage":7,"enemies":"Small Slimes","floor":1,"turns":5},{"damage":4,"enemies":"Cultist","floor":3,"turns":4},{"damage":3,"enemies":"Jaw Worm","floor":4,"turns":3},{"damage":8,"enemies":"Exordium Wildlife","floor":5,"turns":3},{"damage":0,"enemies":"Red Slaver","floor":7,"turns":5},{"damage":35,"enemies":"Lagavulin","floor":12,"turns":8},{"damage":7,"enemies":"Gremlin Nob","floor":14,"turns":3},{"damage":36,"enemies":"The Guardian","floor":16,"turns":14},{"damage":2,"enemies":"3 Byrds","floor":18,"turns":3},{"damage":7,"enemies":"Spheric Guardian","floor":20,"turns":3},{"damage":5,"enemies":"Snecko","floor":22,"turns":6},{"damage":7,"enemies":"Slavers","floor":23,"turns":4},{"damage":13,"enemies":"Book of Stabbing","floor":25,"turns":4},{"damage":14,"enemies":"Gremlin Leader","floor":27,"turns":7},{"damage":7,"enemies":"Centurion and Healer","floor":28,"turns":9},{"damage":7,"enemies":"Snake Plant","floor":31,"turns":4},{"damage":19,"enemies":"Champ","floor":33,"turns":13},{"damage":1,"enemies":"3 Shapes","floor":35,"turns":7},{"damage":0,"enemies":"Mind Bloom Boss Battle","floor":38,"turns":12},{"damage":13,"enemies":"3 Darklings","floor":39,"turns":6},{"damage":43,"enemies":"Giant Head","floor":40,"turns":9},{"damage":5,"enemies":"Nemesis","floor":44,"turns":7},{"damage":1,"enemies":"Spire Growth","floor":45,"turns":7},{"damage":3,"enemies":"Giant Head","floor":46,"turns":6},{"damage":2,"enemies":"Jaw Worm Horde","floor":47,"turns":5},{"damage":3,"enemies":"Time Eater","floor":50,"turns":13},{"damage":23,"enemies":"Donu and Deca","floor":51,"turns":12},{"damage":11,"enemies":"Shield and Spear","floor":55,"turns":6},{"damage":66,"enemies":"The Heart","floor":56,"turns":9}],"seed_played":"-7104506063805078454","potions_obtained":[{"floor":1,"key":"EssenceOfSteel"},{"floor":2,"key":"GamblersBrew"},{"floor":5,"key":"FearPotion"},{"floor":12,"key":"Energy Potion"},{"floor":16,"key":"BlessingOfTheForge"},{"floor":18,"key":"FearPotion"},{"floor":20,"key":"BlessingOfTheForge"},{"floor":23,"key":"Strength Potion"},{"floor":25,"key":"ElixirPotion"},{"floor":33,"key":"DistilledChaos"},{"floor":44,"key":"PowerPotion"},{"floor":45,"key":"BlessingOfTheForge"}],"is_trial":false,"path_per_floor":["M","?","M","M","M","R","M","$","T","?","?","E","R","E","R","B",null,"M","?","M","$","M","E","?","E","T","E","M","R","?","M","R","B",null,"M","?","?","?","M","E","R","?","T","E","M","E","M","$","R","B","B",null,"R","$","E","B",null],"character_chosen":"IRONCLAD","items_purchased":["Uppercut","Frozen Eye","Rupture"],"campfire_rested":2,"item_purchase_floors":[8,21,21],"current_hp_per_floor":[49,49,51,54,52,52,58,58,58,47,47,18,38,37,37,7,53,57,57,56,56,57,56,56,49,49,41,40,40,40,39,39,26,58,63,53,53,73,66,29,52,52,52,75,79,79,79,79,79,79,62,75,79,79,79,45],"gold":0,"neow_bonus":"REMOVE_TWO","is_daily":false,"chose_seed":false,"campfire_upgraded":5,"win_rate":0.0,"timestamp":1611145937,"path_taken":["M","?","M","M","?","R","?","$","T","?","?","E","R","E","R","BOSS","M","?","M","$","?","E","?","E","T","E","?","R","?","M","R","BOSS","M","?","?","?","M","E","R","?","T","E","M","E","M","?","R","BOSS","BOSS","R","$","E","BOSS"],"items_purchased_type":["Card","Relic","Card"],"build_version":"2020-12-18","purchased_purges":1,"victory":true,"max_hp_per_floor":[75,75,75,75,75,75,75,75,75,75,68,68,68,68,68,68,68,68,68,68,68,68,68,68,68,68,68,68,68,68,68,68,68,68,68,68,65,79,79,79,79,79,79,79,79,79,79,79,79,79,79,79,79,79,79,79],"relic_stats":{"counters":[29,196],"Golden Idol":205,"Mummified Hand":[13],"Eternal Feather":4,"Ectoplasm":610,"Pen Nib":[14],"Whetstone":["Strike_R","Pommel Strike"],"obtain_stats":[{"Potion Belt":43,"Golden Idol":11,"Mango":38,"Eternal Feather":44,"Pen Nib":25,"Incense Burner":12,"Whetstone":23,"Burning Blood":0,"White Beast Statue":14,"Mercury Hourglass":9,"Du-Vu Doll":40,"Frozen Eye":21,"Anchor":46,"Mummified Hand":55,"Ectoplasm":17,"Red Mask":42,"StrikeDummy":27,"Runic Pyramid":34},{"Potion Belt":21,"Golden Idol":5,"Mango":19,"Eternal Feather":22,"Pen Nib":13,"Incense Burner":6,"Whetstone":12,"Burning Blood":0,"White Beast Statue":7,"Mercury Hourglass":5,"Du-Vu Doll":21,"Frozen Eye":10,"Anchor":24,"Mummified Hand":28,"Ectoplasm":8,"Red Mask":21,"StrikeDummy":14,"Runic Pyramid":17},{"Potion Belt":131,"Golden Idol":20,"Mango":116,"Eternal Feather":138,"Pen Nib":65,"Incense Burner":28,"Whetstone":61,"Burning Blood":0,"White Beast Statue":31,"Mercury Hourglass":20,"Du-Vu Doll":131,"Frozen Eye":51,"Anchor":151,"Mummified Hand":187,"Ectoplasm":45,"Red Mask":131,"StrikeDummy":72,"Runic Pyramid":98}],"Burning Blood":155,"Mercury Hourglass":[546]},"card_choices":[{"not_picked":["Perfected Strike","Spot Weakness"],"picked":"Combust","floor":1},{"not_picked":["Warcry","Cleave"],"picked":"Pommel Strike","floor":3},{"not_picked":["Headbutt","Flex"],"picked":"Shrug It Off","floor":4},{"not_picked":["Combust","Body Slam"],"picked":"Fiend Fire","floor":5},{"not_picked":["Perfected Strike","Armaments"],"picked":"Flame Barrier","floor":7},{"not_picked":["Rage","Evolve","Combust"],"picked":"SKIP","floor":12},{"not_picked":["Whirlwind","Body Slam"],"picked":"Impervious","floor":14},{"not_picked":["Impervious","Reaper"],"picked":"Demon Form","floor":16},{"not_picked":["Blood for Blood","Warcry"],"picked":"Headbutt","floor":18},{"not_picked":["Perfected Strike","Uppercut"],"picked":"Armaments","floor":20},{"not_picked":["Impervious","Perfected Strike+1"],"picked":"Battle Trance","floor":22},{"not_picked":["Wild Strike","Headbutt"],"picked":"Dropkick","floor":23},{"not_picked":["Armaments","Entrench"],"picked":"Dark Embrace+1","floor":25},{"not_picked":["Metallicize","Wild Strike"],"picked":"Shockwave","floor":27},{"not_picked":["Headbutt+1","Inflame"],"picked":"True Grit","floor":28},{"not_picked":["Wild Strike","Iron Wave"],"picked":"Evolve","floor":31},{"not_picked":["Juggernaut","Limit Break"],"picked":"Immolate","floor":33},{"not_picked":["Iron Wave","Shrug It Off+1"],"picked":"Sentinel+1","floor":35},{"not_picked":["Secret Weapon","Swift Strike"],"picked":"Finesse","floor":36},{"not_picked":["Mind Blast","Transmutation"],"picked":"Dark Shackles","floor":36},{"not_picked":["Dual Wield","Thunderclap"],"picked":"Body Slam","floor":38},{"not_picked":["Perfected Strike","Warcry","Twin Strike+1"],"picked":"SKIP","floor":39},{"not_picked":["Iron Wave","Burning Pact"],"picked":"Reaper","floor":40},{"not_picked":["Perfected Strike","Headbutt"],"picked":"Entrench+1","floor":44},{"not_picked":["Anger+1","Thunderclap+1","Clothesline+1"],"picked":"SKIP","floor":45},{"not_picked":["Heavy Blade","Iron Wave","Headbutt+1"],"picked":"SKIP","floor":46},{"not_picked":["Power Through","Shrug It Off+1"],"picked":"True Grit+1","floor":47},{"not_picked":["Evolve","Dark Embrace+1"],"picked":"Corruption","floor":55}],"player_experience":2565537,"relics_obtained":[{"floor":9,"key":"Mercury Hourglass"},{"floor":12,"key":"Incense Burner"},{"floor":14,"key":"White Beast Statue"},{"floor":23,"key":"Whetstone"},{"floor":25,"key":"Pen Nib"},{"floor":27,"key":"StrikeDummy"},{"floor":38,"key":"Mango"},{"floor":40,"key":"Du-Vu Doll"},{"floor":43,"key":"Potion Belt"},{"floor":44,"key":"Eternal Feather"},{"floor":46,"key":"Anchor"},{"floor":55,"key":"Mummified Hand"}],"event_choices":[{"damage_healed":0,"gold_gain":0,"player_choice":"Bought 2 Potions","damage_taken":0,"max_hp_gain":0,"max_hp_loss":0,"event_name":"The Woman in Blue","floor":2,"gold_loss":0},{"damage_healed":0,"gold_gain":75,"player_choice":"Gather Gold","damage_taken":11,"max_hp_gain":0,"max_hp_loss":0,"event_name":"World of Goop","floor":10,"gold_loss":0},{"damage_healed":0,"gold_gain":0,"player_choice":"Lose Max HP","damage_taken":0,"relics_obtained":["Golden Idol"],"max_hp_gain":0,"max_hp_loss":7,"event_name":"Golden Idol","floor":11,"gold_loss":0},{"damage_healed":0,"gold_gain":0,"player_choice":"Upgraded","damage_taken":0,"max_hp_gain":0,"max_hp_loss":0,"event_name":"Upgrade Shrine","floor":19,"gold_loss":0,"cards_upgraded":["Flame Barrier"]},{"damage_healed":0,"gold_gain":0,"cards_transformed":["Strike_R"],"player_choice":"Transformed","damage_taken":0,"max_hp_gain":0,"max_hp_loss":0,"event_name":"Transmorgrifier","floor":24,"gold_loss":0,"cards_obtained":["Warcry"]},{"damage_healed":0,"gold_gain":0,"player_choice":"Read","damage_taken":0,"max_hp_gain":0,"max_hp_loss":0,"event_name":"The Library","floor":30,"gold_loss":0,"cards_obtained":["Barricade"]},{"damage_healed":0,"gold_gain":0,"player_choice":"Memory 3","damage_taken":10,"max_hp_gain":0,"max_hp_loss":0,"event_name":"SensoryStone","floor":36,"gold_loss":0},{"damage_healed":0,"gold_gain":0,"player_choice":"Max HP","damage_taken":0,"max_hp_gain":0,"max_hp_loss":3,"event_name":"Winding Halls","floor":37,"gold_loss":0},{"damage_healed":0,"gold_gain":0,"player_choice":"Fight","damage_taken":0,"max_hp_gain":0,"max_hp_loss":0,"event_name":"MindBloom","floor":38,"gold_loss":0},{"damage_healed":0,"gold_gain":0,"player_choice":"Paid","damage_taken":0,"relics_obtained":["Red Mask"],"max_hp_gain":0,"max_hp_loss":0,"event_name":"Tomb of Lord Red Mask","floor":42,"gold_loss":18}],"is_beta":true,"boss_relics":[{"not_picked":["SacredBark","SlaversCollar"],"picked":"Ectoplasm"},{"not_picked":["Coffee Dripper","Runic Dome"],"picked":"Runic Pyramid"}],"items_purged_floors":[8],"is_endless":false,"potions_floor_spawned":[1,5,12,16,18,20,22,23,25,27,28,31,33,35,38,39,40,44,45,46,47,55],"ascension_level":20}}