{"host":"f6w7z8zvb0mi4wy9","time":1611151693,"event":{"mods":["BaseMod","Colored Map","Minty Spire (QoL Compilation)","READ ME - Guardian Mod","StSLib","SuperFastMode","The Jungle"],"gold_per_floor":[116,116,291,308,308,308,334,334,334,334,367,386,399,434,434,533,533,548,157,175,175,175,201,215,215,263,297,297,73,73,90,90,187,187,201,212,212,56,67,102,18,68,117,142,142,159,197,220,220,220,220,220,3,32,32],"floor_reached":56,"language":"KOR","playtime":1926,"items_purged":["Pain"],"score":1598,"play_id":"24f4c169-c008-4390-8087-d623702576a4","local_time":"20210120230813","is_ascension_mode":true,"campfire_choices":[{"data":"Zap","floor":6.0,"key":"SMITH"},{"data":"Dualcast","floor":8.0,"key":"SMITH"},{"data":"Chaos","floor":10.0,"key":"SMITH"},{"floor":15.0,"key":"DIG"},{"floor":25.0,"key":"REST"},{"floor":28.0,"key":"REST"},{"floor":30.0,"key":"DIG"},{"floor":32,"key":"REST"},{"floor":45,"key":"RECALL"},{"floor":49,"key":"DIG"},{"floor":52,"key":"DIG"}],"circlet_count":0,"master_deck":["Strike_B","Strike_B","Strike_B","Defend_B","Defend_B","Defend_B","Defend_B+1","Zap+1","Dualcast+1","Chaos+1","Gash","Glacier","All For One","Steam","Streamline","White Noise+1","Creative AI","Buffer","Storm","Loop+1","Echo Form","White Noise","Capacitor","Echo Form","Glacier","Panacea","Self Repair","Go for the Eyes","Core Surge","Defragment"],"relics":["FrozenCore","NeowsBlessing","Singing Bowl","Mummified Hand","Shovel","PreservedInsect","Mercury Hourglass","Philosopher\u0027s Stone","Orrery","Gremlin Horn","WarpedTongs","Tiny Chest","Bottled Flame","Medical Kit","Ornamental Fan","Sundial","DollysMirror","Unceasing Top","FossilizedHelix","CeramicFish","The Courier","War Paint","Nunchaku","Cables","Runic Capacitor","Du-Vu Doll"],"acts_visited":["Exordium","TheCity","TheBeyond","TheEnding"],"potions_floor_usage":[40,46,47,50,55,55,55],"damage_taken":[{"damage":0.0,"enemies":"Cultist","floor":1.0,"turns":1.0},{"damage":0.0,"enemies":"Jaw Worm","floor":4.0,"turns":1.0},{"damage":0.0,"enemies":"3 Sentries","floor":7.0,"turns":1.0},{"damage":5.0,"enemies":"Lagavulin","floor":11.0,"turns":7.0},{"damage":0.0,"enemies":"2 Louse","floor":12.0,"turns":1.0},{"damage":11.0,"enemies":"Gremlin Gang","floor":13.0,"turns":4.0},{"damage":31.0,"enemies":"Gremlin Nob","floor":14.0,"turns":4.0},{"damage":0.0,"enemies":"Slime Boss","floor":16.0,"turns":8.0},{"damage":22.0,"enemies":"3 Byrds","floor":18.0,"turns":4.0},{"damage":40.0,"enemies":"2 Thieves","floor":20.0,"turns":4.0},{"damage":8.0,"enemies":"Book of Stabbing","floor":23.0,"turns":4.0},{"damage":1.0,"enemies":"Snecko","floor":24.0,"turns":4.0},{"damage":32.0,"enemies":"Slavers","floor":27.0,"turns":3.0},{"damage":2,"enemies":"Shelled Parasite and Fungi","floor":31,"turns":3},{"damage":19,"enemies":"Champ","floor":33,"turns":7},{"damage":32,"enemies":"3 Darklings","floor":35,"turns":4},{"damage":4,"enemies":"3 Shapes","floor":36,"turns":3},{"damage":0,"enemies":"Maw","floor":39,"turns":4},{"damage":2,"enemies":"Nemesis","floor":40,"turns":5},{"damage":0,"enemies":"Mind Bloom Boss Battle","floor":42,"turns":5},{"damage":0,"enemies":"Giant Head","floor":44,"turns":5},{"damage":11,"enemies":"Jaw Worm Horde","floor":46,"turns":4},{"damage":0,"enemies":"Reptomancer","floor":47,"turns":5},{"damage":7,"enemies":"Writhing Mass","floor":48,"turns":6},{"damage":0,"enemies":"Donu and Deca","floor":50,"turns":8},{"damage":18,"enemies":"Shield and Spear","floor":54,"turns":4},{"damage":25,"enemies":"The Heart","floor":55,"turns":7}],"seed_played":"3456630251234903719","potions_obtained":[{"floor":4.0,"key":"Fire Potion"},{"floor":7.0,"key":"SpeedPotion"},{"floor":12.0,"key":"Strength Potion"},{"floor":14.0,"key":"FearPotion"},{"floor":20.0,"key":"Energy Potion"},{"floor":23.0,"key":"GamblersBrew"},{"floor":24.0,"key":"Regen Potion"},{"floor":33,"key":"Weak Potion"},{"floor":39,"key":"FocusPotion"},{"floor":40,"key":"GamblersBrew"},{"floor":42,"key":"Strength Potion"},{"floor":47,"key":"SkillPotion"},{"floor":54,"key":"PowerPotion"}],"is_trial":false,"path_per_floor":["M","?","?","M","?","R","E","R","T","R","E","M","M","E","R","B",null,"M","$","M","?","?","E","M","R","T","E","R","$","R","M","R","B",null,"M","M","T","$","M","E","$","?","T","E","R","M","E","M","R","B",null,"R","$","E","B",null],"character_chosen":"DEFECT","items_purchased":["Orrery","Gremlin Horn","Medical Kit","DollysMirror","Panacea","Runic Capacitor","Defragment","Strength Potion"],"campfire_rested":3,"item_purchase_floors":[19,19,29,38,41,53,53,53],"current_hp_per_floor":[75,68,68,68,68,68,68,68,68,68,63,63,52,21,21,21,75,55,55,17,17,17,9,10,34,34,9,33,33,33,33,58,39,85,55,53,53,53,55,55,55,55,55,71,71,69,89,89,89,96,97,97,97,95,77],"gold":32,"neow_bonus":"THREE_ENEMY_KILL","is_daily":false,"chose_seed":false,"campfire_upgraded":3,"win_rate":0.0,"timestamp":1611151693,"path_taken":["M","?","?","M","?","R","E","R","T","R","E","?","M","E","R","BOSS","M","$","?","?","?","E","M","R","T","E","R","$","R","M","R","BOSS","M","M","?","$","M","E","$","?","T","E","R","M","E","M","R","BOSS","R","$","E","BOSS"],"items_purchased_type":["Relic","Relic","Relic","Relic","Card","Relic","Card","Potion"],"build_version":"2020-12-22","purchased_purges":1,"victory":true,"max_hp_per_floor":[75,75,75,75,75,75,75,75,75,75,75,75,75,75,75,75,75,77,77,79,79,79,79,81,81,81,83,83,83,83,85,85,85,85,87,89,89,89,91,93,93,93,93,95,95,97,97,97,97,97,97,97,97,99,99],"card_choices":[{"not_picked":["Stack","Double Energy"],"picked":"Chaos","floor":1.0},{"not_picked":["Fusion","Rebound"],"picked":"Gash","floor":4.0},{"not_picked":["Redo","Darkness"],"picked":"Glacier","floor":7.0},{"not_picked":["Rebound","BootSequence"],"picked":"All For One","floor":11.0},{"not_picked":["Cold Snap","Static Discharge"],"picked":"Steam","floor":12.0},{"not_picked":["Stack","Hologram"],"picked":"Streamline","floor":13.0},{"not_picked":["Coolheaded","Undo"],"picked":"White Noise","floor":14.0},{"not_picked":["Biased Cognition","Meteor Strike"],"picked":"Creative AI","floor":16.0},{"not_picked":["Beam Cell","Sweeping Beam","Coolheaded+1"],"picked":"Singing Bowl","floor":18.0},{"not_picked":["Cold Snap","Turbo"],"picked":"Buffer","floor":19.0},{"not_picked":["Genetic Algorithm+1","Multi-Cast"],"picked":"Storm","floor":19.0},{"not_picked":["Rebound","FTL+1"],"picked":"Loop+1","floor":19.0},{"not_picked":["Gash+1","Heatsinks"],"picked":"Echo Form","floor":19.0},{"not_picked":["Scrape","Skim+1"],"picked":"White Noise","floor":19.0},{"not_picked":["Steam","Redo+1","Rip and Tear"],"picked":"Singing Bowl","floor":20.0},{"not_picked":["Barrage+1","Stack"],"picked":"Capacitor","floor":23.0},{"not_picked":["Stack+1","Gash+1","Chaos"],"picked":"Singing Bowl","floor":24.0},{"not_picked":["Gash","Barrage+1","Electrodynamics"],"picked":"Singing Bowl","floor":27.0},{"not_picked":["Compile Driver","Turbo","Barrage"],"picked":"Singing Bowl","floor":31},{"not_picked":["Core Surge","Machine Learning"],"picked":"Echo Form","floor":33},{"not_picked":["Stack","Rebound+1","Streamline"],"picked":"Singing Bowl","floor":35},{"not_picked":["Steam","Beam Cell+1","Stack+1"],"picked":"Singing Bowl","floor":36},{"not_picked":["Steam","Coolheaded","Leap+1"],"picked":"Singing Bowl","floor":39},{"not_picked":["Steam","Rebound","Rainbow"],"picked":"Singing Bowl","floor":40},{"not_picked":["BootSequence","Tempest"],"picked":"Self Repair","floor":42},{"not_picked":["Ball Lightning","Conserve Battery","Recycle+1"],"picked":"Singing Bowl","floor":44},{"not_picked":["Stack+1","Double Energy","Sunder+1"],"picked":"Singing Bowl","floor":46},{"not_picked":["Ball Lightning+1","Beam Cell+1"],"picked":"Go for the Eyes","floor":47},{"not_picked":["Go for the Eyes+1","Auto Shields"],"picked":"Core Surge","floor":48},{"not_picked":["Gash","Doom and Gloom+1","Darkness+1"],"picked":"Singing Bowl","floor":54}],"player_experience":883615,"relics_obtained":[{"floor":7.0,"key":"Singing Bowl"},{"floor":9.0,"key":"Mummified Hand"},{"floor":11.0,"key":"Shovel"},{"floor":14.0,"key":"PreservedInsect"},{"floor":15.0,"key":"Mercury Hourglass"},{"floor":23.0,"key":"Tiny Chest"},{"floor":27.0,"key":"Bottled Flame"},{"floor":30.0,"key":"Ornamental Fan"},{"floor":37,"key":"Sundial"},{"floor":40,"key":"Unceasing Top"},{"floor":42,"key":"FossilizedHelix"},{"floor":43,"key":"CeramicFish"},{"floor":44,"key":"The Courier"},{"floor":47,"key":"War Paint"},{"floor":49,"key":"Nunchaku"},{"floor":52,"key":"Cables"},{"floor":54,"key":"Du-Vu Doll"}],"event_choices":[{"cards_removed":["Strike_B"],"damage_healed":0.0,"max_hp_gain":0.0,"max_hp_loss":0.0,"gold_gain":0.0,"event_name":"Golden Wing","player_choice":"Card Removal","floor":2.0,"gold_loss":0.0,"damage_taken":7.0},{"damage_healed":0.0,"max_hp_gain":0.0,"max_hp_loss":0.0,"gold_gain":175.0,"event_name":"Liars Game","player_choice":"AGREE","floor":3.0,"gold_loss":0.0,"damage_taken":0.0,"cards_obtained":["Doubt"]},{"cards_removed":["Doubt"],"damage_healed":0.0,"max_hp_gain":0.0,"max_hp_loss":0.0,"gold_gain":0.0,"event_name":"Wheel of Change","player_choice":"Card Removal","floor":5.0,"gold_loss":0.0,"damage_taken":0.0},{"damage_healed":0.0,"max_hp_gain":0.0,"max_hp_loss":0.0,"gold_gain":0.0,"event_name":"Ghosts","player_choice":"Ignored","floor":21.0,"gold_loss":0.0,"damage_taken":0.0},{"damage_healed":0.0,"max_hp_gain":0.0,"max_hp_loss":0.0,"gold_gain":0.0,"event_name":"Accursed Blacksmith","player_choice":"Rummage","floor":22.0,"gold_loss":0.0,"damage_taken":0.0,"relics_obtained":["WarpedTongs"],"cards_obtained":["Pain"]},{"damage_healed":0,"gold_gain":0,"player_choice":"Fight","damage_taken":0,"max_hp_gain":0,"max_hp_loss":0,"event_name":"MindBloom","floor":42,"gold_loss":0}],"is_beta":false,"boss_relics":[{"not_picked":["Busted Crown","Empty Cage"],"picked":"Philosopher\u0027s Stone"},{"not_picked":["Snecko Eye","Velvet Choker"],"picked":"FrozenCore"}],"items_purged_floors":[29],"is_endless":false,"potions_floor_spawned":[4,7,12,14,20,23,24,33,39,40,42,47,54],"ascension_level":1}}