{"host":"5cnm2qapaqj5mmu7","time":1611166350,"event":{"mods":["BaseMod","Bestiary","Colored Map","Filter the Spire","Minty Spire (QoL Compilation)","StSLib"],"gold_per_floor":[112,130,141,156,169,169,179,211,211,226,226,301,319,349,349,454,754,769,743,658,658,757,789,789,714,714,714,728,759,778,557,557,557,557],"floor_reached":33,"language":"ENG","playtime":2459,"items_purged":["Defend_G"],"score":389,"play_id":"0877d941-2c53-46cc-af9c-c08ae7392d2f","local_time":"20210120191230","is_ascension_mode":true,"campfire_choices":[{"data":"Skewer","floor":6.0,"key":"SMITH"},{"floor":11.0,"key":"REST"},{"data":"Dash","floor":15.0,"key":"SMITH"},{"floor":24.0,"key":"RECALL"},{"floor":27.0,"key":"REST"},{"floor":32.0,"key":"REST"}],"circlet_count":0,"master_deck":["Strike_G","Strike_G","Strike_G","Defend_G","Defend_G","Defend_G","Defend_G","Survivor","Neutralize","Backflip","Quick Slash","Leg Sweep","Skewer+1","Dash+1","Bullet Time","Night Terror","CurseOfTheBell","Acrobatics","Crippling Poison","Bouncing Flask","Choke+1","Corpse Explosion"],"relics":["Snecko Eye","Torii","Juzu Bracelet","Calling Bell","Art of War","Singing Bowl","Old Coin","Pear","Bag of Marbles","Dead Branch","Toy Ornithopter"],"acts_visited":["Exordium","TheCity"],"potions_floor_usage":[33],"damage_taken":[{"damage":5.0,"enemies":"Cultist","floor":1.0,"turns":4.0},{"damage":0.0,"enemies":"Jaw Worm","floor":2.0,"turns":5.0},{"damage":3.0,"enemies":"Small Slimes","floor":3.0,"turns":4.0},{"damage":17.0,"enemies":"Exordium Thugs","floor":4.0,"turns":9.0},{"damage":2.0,"enemies":"Blue Slaver","floor":5.0,"turns":4.0},{"damage":10.0,"enemies":"2 Fungi Beasts","floor":7.0,"turns":5.0},{"damage":5.0,"enemies":"3 Sentries","floor":8.0,"turns":5.0},{"damage":0.0,"enemies":"3 Louse","floor":10.0,"turns":3.0},{"damage":0.0,"enemies":"Blue Slaver","floor":13.0,"turns":1.0},{"damage":1.0,"enemies":"Lagavulin","floor":14.0,"turns":5.0},{"damage":2.0,"enemies":"Hexaghost","floor":16.0,"turns":9.0},{"damage":3.0,"enemies":"Shell Parasite","floor":18.0,"turns":10.0},{"damage":20.0,"enemies":"2 Thieves","floor":19.0,"turns":5.0},{"damage":10.0,"enemies":"Book of Stabbing","floor":23.0,"turns":7.0},{"damage":0.0,"enemies":"Snake Plant","floor":28.0,"turns":2.0},{"damage":28.0,"enemies":"Gremlin Leader","floor":29.0,"turns":6.0},{"damage":1.0,"enemies":"Chosen and Byrds","floor":30.0,"turns":3.0},{"damage":69,"enemies":"Champ","floor":33,"turns":13}],"seed_played":"1293123643272806539","potions_obtained":[{"floor":2.0,"key":"SteroidPotion"},{"floor":5.0,"key":"SteroidPotion"},{"floor":7.0,"key":"Energy Potion"},{"floor":8.0,"key":"LiquidMemories"},{"floor":13.0,"key":"SteroidPotion"},{"floor":14.0,"key":"ColorlessPotion"},{"floor":18.0,"key":"GamblersBrew"},{"floor":23.0,"key":"Strength Potion"},{"floor":29.0,"key":"Swift Potion"}],"is_trial":false,"path_per_floor":["M","M","M","M","M","R","M","E","T","M","R","?","M","E","R","B",null,"M","M","?","?","?","E","R","?","T","R","M","E","M","$","R","B"],"character_chosen":"THE_SILENT","items_purchased":["Corpse Explosion"],"campfire_rested":3,"item_purchase_floors":[31],"current_hp_per_floor":[58,58,55,38,36,36,26,21,21,21,42,31,31,30,30,28,60,57,37,47,47,47,37,37,37,37,61,63,35,36,36,61,0,0],"gold":557,"neow_bonus":"BOSS_RELIC","is_daily":false,"chose_seed":false,"campfire_upgraded":2,"win_rate":0.0,"timestamp":1611166350,"path_taken":["M","M","M","M","M","R","?","E","T","M","R","?","M","E","R","BOSS","M","M","?","?","?","E","R","?","T","R","M","E","M","$","R","BOSS"],"items_purchased_type":["Card"],"build_version":"2020-12-22","purchased_purges":1,"victory":false,"max_hp_per_floor":[70,70,70,70,70,70,70,70,70,70,70,70,70,70,70,70,70,70,70,80,80,80,80,80,80,80,80,82,82,84,84,84,84,84],"card_choices":[{"not_picked":["Deadly Poison","Slice"],"picked":"Backflip","floor":1.0},{"not_picked":["Infinite Blades","PiercingWail"],"picked":"Quick Slash","floor":2.0},{"not_picked":["Backflip","Blur"],"picked":"Leg Sweep","floor":3.0},{"not_picked":["Prepared","Dagger Throw","Deflect"],"picked":"SKIP","floor":4.0},{"not_picked":["Catalyst","Wraith Form v2"],"picked":"Skewer","floor":5.0},{"not_picked":["PiercingWail","Eviscerate"],"picked":"Dash","floor":7.0},{"not_picked":["Prepared","Sucker Punch"],"picked":"Bullet Time","floor":8.0},{"not_picked":["Slice","Accuracy","Sucker Punch"],"picked":"SKIP","floor":10.0},{"not_picked":["Setup","PiercingWail","Backflip"],"picked":"SKIP","floor":13.0},{"not_picked":["Distraction","Acrobatics","Unload"],"picked":"SKIP","floor":14.0},{"not_picked":["A Thousand Cuts","Die Die Die"],"picked":"Night Terror","floor":16.0},{"not_picked":["Tactician","Blade Dance"],"picked":"Acrobatics","floor":18.0},{"not_picked":["Deflect","Well Laid Plans"],"picked":"Crippling Poison","floor":19.0},{"not_picked":["Setup","Caltrops+1"],"picked":"Bouncing Flask","floor":23.0},{"not_picked":["Flying Knee","Outmaneuver+1","Dagger Spray"],"picked":"Singing Bowl","floor":28.0},{"not_picked":["Dodge and Roll","Eviscerate"],"picked":"Choke+1","floor":29.0},{"not_picked":["Poisoned Stab","Prepared+1","Outmaneuver"],"picked":"Singing Bowl","floor":30.0}],"player_experience":570663,"relics_obtained":[{"floor":8.0,"key":"Torii"},{"floor":14.0,"key":"Juzu Bracelet"},{"floor":17.0,"key":"Art of War"},{"floor":17.0,"key":"Singing Bowl"},{"floor":17.0,"key":"Old Coin"},{"floor":23.0,"key":"Bag of Marbles"},{"floor":26.0,"key":"Dead Branch"},{"floor":29.0,"key":"Toy Ornithopter"}],"event_choices":[{"damage_healed":0.0,"max_hp_gain":0.0,"max_hp_loss":0.0,"gold_gain":75.0,"event_name":"World of Goop","player_choice":"Gather Gold","floor":12.0,"gold_loss":0.0,"damage_taken":11.0},{"damage_healed":0.0,"max_hp_gain":0.0,"max_hp_loss":0.0,"gold_gain":0.0,"event_name":"Addict","player_choice":"Obtained Relic","floor":20.0,"gold_loss":85.0,"damage_taken":0.0,"relics_obtained":["Pear"]},{"cards_removed":["Strike_G"],"damage_healed":0.0,"max_hp_gain":0.0,"max_hp_loss":0.0,"gold_gain":0.0,"event_name":"Bonfire Elementals","player_choice":"Offered Basic","floor":21.0,"gold_loss":0.0,"damage_taken":0.0},{"damage_healed":0.0,"max_hp_gain":0.0,"max_hp_loss":0.0,"gold_gain":99.0,"event_name":"Nest","player_choice":"Stole From Cult","floor":22.0,"gold_loss":0.0,"damage_taken":0.0},{"cards_removed":["Strike_G"],"damage_healed":0.0,"max_hp_gain":0.0,"max_hp_loss":0.0,"gold_gain":0.0,"event_name":"Beggar","player_choice":"Gave Gold","floor":25.0,"gold_loss":75.0,"damage_taken":0.0}],"is_beta":false,"boss_relics":[{"not_picked":["Sozu","Ectoplasm"],"picked":"Calling Bell"}],"items_purged_floors":[31],"is_endless":false,"potions_floor_spawned":[2,5,7,8,13,14,18,23,29],"killed_by":"Champ","ascension_level":6}}