{"host":"8d3fefv2347kqkpz","time":1611137310,"event":{"mods":["100% Spire Juice","AchievementEnabler","Act Like it!","Aspiration","BaseMod","Better Vampires","Colored Map","Colored Powertips","Conspire","Gensokyo","GifTheSpireLib","Highlight Path","Mimic Mod","Minty Spire (QoL Compilation)","Pale of the Ancients","Quick Restart","Rare Cards Sparkle","Reimu£®≤©¿ˆ¡È√Œ£©","Relic Stats","Remilia_Scarlet Moed£®¿Ÿ√◊¿Ú—«°§Àπø®¿◊Ãÿ£©3.3.5","Remilia£®¿Ÿ√◊¿Ú—«£©","Replay The Spire","Spicy Shops","StSLib","The Animator","The Gatherer","The Jungle","The Servant 0.9.4","Waifu the Spire","Youmu£®ªÍ∆«—˝√Œ£©","vexMod"],"gold_per_floor":[114,64,82,93,63,63,96,108,146,146,146,146,32,50,50,180,180,199,199,38,58,58,58,58],"floor_reached":23,"language":"ZHS","playtime":1161,"items_purged":[],"score":214,"play_id":"536f49e2-8f36-4ef0-b6a7-c59347cc43e1","local_time":"20210120180830","is_ascension_mode":false,"campfire_choices":[{"data":"Neutralize","floor":6.0,"key":"SMITH"},{"floor":11.0,"key":"REST"},{"floor":15.0,"key":"REST"}],"circlet_count":0,"master_deck":["Strike_G","Strike_G","Strike_G","Defend_G","Defend_G","Defend_G","Defend_G+1","Survivor","Neutralize+1","Accuracy","Noxious Fumes+1","Footwork","Calculated Gamble","Footwork","Underhanded Strike","ReplayTheSpireMod:Scrap Shanks","Footwork","Hidden Blade","Adrenaline","Accuracy","Riddle With Holes","ReplayTheSpireMod:Shiv Toss","Blade Dance"],"relics":["Ring of the Snake","vexMod:CardConverter","Golden Idol","conspire:RoyalGoblet"],"acts_visited":["Exordium","TheCity"],"potions_floor_usage":[],"damage_taken":[{"damage":2.0,"enemies":"conspire:RoseBush","floor":1.0,"turns":4.0},{"damage":5.0,"enemies":"2 Louse","floor":3.0,"turns":8.0},{"damage":0.0,"enemies":"Small Slimes","floor":4.0,"turns":4.0},{"damage":0.0,"enemies":"Looter","floor":5.0,"turns":4.0},{"damage":17.0,"enemies":"Replay:BlueRogue","floor":7.0,"turns":10.0},{"damage":5.0,"enemies":"Exordium Thugs","floor":8.0,"turns":7.0},{"damage":0.0,"enemies":"3 Louse","floor":9.0,"turns":11.0},{"damage":6.0,"enemies":"3 Louse","floor":14.0,"turns":5.0},{"damage":19.0,"enemies":"The Guardian","floor":16.0,"turns":13.0},{"damage":30.0,"enemies":"Chosen","floor":18.0,"turns":9.0},{"damage":23,"enemies":"conspire:FuzzyDice","floor":21,"turns":6},{"damage":42,"enemies":"conspire:Head Lice","floor":23,"turns":4}],"seed_played":"6244024932290699457","potions_obtained":[{"floor":4.0,"key":"DuplicationPotion"},{"floor":8.0,"key":"Flashbang"},{"floor":14.0,"key":"Energy Potion"}],"is_trial":false,"path_per_floor":["M","?","M","M","M","R","E","M","MIM","?","R","?","$","M","R","B",null,"M","?","$","M","$","E"],"character_chosen":"THE_SILENT","items_purchased":["Footwork","Riddle With Holes","ReplayTheSpireMod:Shiv Toss"],"campfire_rested":2,"item_purchase_floors":[13,20,20],"current_hp_per_floor":[68,68,63,63,63,63,48,45,47,32,54,35,37,33,57,40,82,52,54,58,37,37,0,0],"gold":58,"neow_bonus":"RANDOM_EVENT","is_daily":false,"chose_seed":false,"campfire_upgraded":1,"win_rate":0.0,"timestamp":1611137310,"path_taken":["M","?","M","M","M","R","E","M","MIM","?","R","?","$","M","R","BOSS","M","?","$","M","?","E"],"items_purchased_type":["Card","Card","Card"],"build_version":"2020-12-22","purchased_purges":0,"victory":false,"max_hp_per_floor":[70,70,70,70,70,70,72,74,76,76,76,76,78,80,80,82,82,82,84,88,90,90,90,90],"relic_stats":{"counters":[12,85],"Golden Idol":38,"obtain_stats":[{"vexMod:CardConverter":7,"conspire:RoyalGoblet":17,"Golden Idol":12,"Ring of the Snake":0},{"vexMod:CardConverter":5,"conspire:RoyalGoblet":9,"Golden Idol":7,"Ring of the Snake":0},{"vexMod:CardConverter":30,"conspire:RoyalGoblet":66,"Golden Idol":48,"Ring of the Snake":0}],"Ring of the Snake":[24]},"card_choices":[{"not_picked":["Cloak And Dagger","Escape Plan"],"picked":"Accuracy","floor":1.0},{"not_picked":["Prepared","Dagger Throw"],"picked":"Noxious Fumes","floor":3.0},{"not_picked":["Well Laid Plans","Dodge and Roll"],"picked":"Footwork","floor":4.0},{"not_picked":["Underhanded Strike","Noxious Fumes"],"picked":"Calculated Gamble","floor":5.0},{"not_picked":["Hidden Blade","Blade Dance"],"picked":"Footwork","floor":7.0},{"not_picked":["PiercingWail","Reflex"],"picked":"Underhanded Strike","floor":8.0},{"not_picked":["Underhanded Strike","Sucker Punch"],"picked":"ReplayTheSpireMod:Scrap Shanks","floor":9.0},{"not_picked":["Toxin Wave","Flechettes"],"picked":"Hidden Blade","floor":14.0},{"not_picked":["Venomology","Die Die Die"],"picked":"Adrenaline","floor":16.0},{"not_picked":["Eviscerate","Deflect+1","Flying Knee+1"],"picked":"SKIP","floor":18.0},{"not_picked":["Quick Slash","Flechettes"],"picked":"Blade Dance","floor":21}],"player_experience":161803,"relics_obtained":[{"floor":7.0,"key":"vexMod:CardConverter"}],"event_choices":[{"cards_removed":["Strike_G"],"damage_healed":0.0,"max_hp_gain":0.0,"max_hp_loss":0.0,"gold_gain":0.0,"event_name":"The Cleric","player_choice":"Card Removal","floor":2.0,"gold_loss":50.0,"damage_taken":0.0},{"damage_healed":0.0,"max_hp_gain":0.0,"max_hp_loss":0.0,"gold_gain":0.0,"event_name":"Shining Light","player_choice":"Entered Light","floor":10.0,"gold_loss":0.0,"damage_taken":15.0,"cards_upgraded":["Defend_G","Noxious Fumes"]},{"damage_healed":0.0,"max_hp_gain":0.0,"max_hp_loss":0.0,"gold_gain":0.0,"event_name":"Golden Idol","player_choice":"Take Damage","floor":12.0,"gold_loss":0.0,"damage_taken":19.0,"relics_obtained":["Golden Idol"]},{"damage_healed":0.0,"max_hp_gain":0.0,"max_hp_loss":0.0,"gold_gain":0.0,"cards_transformed":["Defend_G"],"event_name":"Transmorgrifier","player_choice":"Transformed","floor":19.0,"gold_loss":0.0,"damage_taken":0.0,"cards_obtained":["Accuracy"]}],"is_beta":false,"boss_relics":[{"not_picked":["Busted Crown","vexMod:DeviousBotling"],"picked":"conspire:RoyalGoblet"}],"items_purged_floors":[],"is_endless":false,"potions_floor_spawned":[4,8,14],"killed_by":"conspire:Head Lice","ascension_level":0}}