{"host":"94aus4jnk6thj94q","time":1611157240,"event":{"mods":["BaseMod","Minty Spire (QoL Compilation)","Quick Restart","StSLib"],"gold_per_floor":[217,2,18,37,53,53,53,53,53,66,76,76,87,117,117,212,212,230,241,257,257,271,271,315,315,315,325,351,351,36,36,36,36,36],"floor_reached":33,"language":"ENG","playtime":1832,"items_purged":[],"score":271,"play_id":"745de740-2b14-4489-945f-0ad2124505bc","local_time":"20210120174040","is_ascension_mode":false,"campfire_choices":[{"floor":6.0,"key":"REST"},{"data":"Sunder","floor":8.0,"key":"SMITH"},{"floor":12.0,"key":"REST"},{"floor":15.0,"key":"REST"},{"floor":23,"key":"REST"},{"floor":25,"key":"REST"},{"floor":32,"key":"REST"}],"circlet_count":0,"master_deck":["Strike_B+1","Strike_B","Strike_B+1","Strike_B","Defend_B","Defend_B","Defend_B","Defend_B","Zap","Dualcast","Sunder+1","Conserve Battery","Genetic Algorithm","Consume","Leap","Static Discharge","Go for the Eyes","Rainbow","Coolheaded","Genetic Algorithm+1","Sunder+1","Redo+1","Glacier","Static Discharge","Defragment","Defragment"],"relics":["Cracked Core","Membership Card","Whetstone","Symbiotic Virus","Velvet Choker","CeramicFish","Bottled Lightning","Omamori","Thread and Needle","DollysMirror"],"acts_visited":["Exordium","TheCity"],"potions_floor_usage":[24],"damage_taken":[{"damage":12.0,"enemies":"Small Slimes","floor":1.0,"turns":3.0},{"damage":1.0,"enemies":"Jaw Worm","floor":3.0,"turns":3.0},{"damage":0.0,"enemies":"2 Louse","floor":4.0,"turns":1.0},{"damage":4.0,"enemies":"Blue Slaver","floor":5.0,"turns":3.0},{"damage":5.0,"enemies":"Gremlin Gang","floor":10.0,"turns":4.0},{"damage":4.0,"enemies":"3 Louse","floor":11.0,"turns":3.0},{"damage":3.0,"enemies":"Red Slaver","floor":13.0,"turns":3.0},{"damage":24.0,"enemies":"Gremlin Nob","floor":14.0,"turns":4.0},{"damage":44.0,"enemies":"Hexaghost","floor":16.0,"turns":9.0},{"damage":4.0,"enemies":"Chosen","floor":18.0,"turns":4.0},{"damage":6.0,"enemies":"Shell Parasite","floor":19.0,"turns":5.0},{"damage":4.0,"enemies":"Snake Plant","floor":20.0,"turns":4.0},{"damage":11,"enemies":"Centurion and Healer","floor":22,"turns":9},{"damage":30,"enemies":"Slavers","floor":24,"turns":6},{"damage":0,"enemies":"Snecko","floor":27,"turns":4},{"damage":1,"enemies":"Snake Plant","floor":28,"turns":5},{"damage":74,"enemies":"Collector","floor":33,"turns":13}],"seed_played":"-1241622590569495686","potions_obtained":[{"floor":1.0,"key":"SpeedPotion"},{"floor":3.0,"key":"GamblersBrew"},{"floor":13.0,"key":"Weak Potion"},{"floor":14.0,"key":"Energy Potion"},{"floor":20.0,"key":"SpeedPotion"},{"floor":24,"key":"GamblersBrew"},{"floor":28,"key":"Energy Potion"}],"is_trial":false,"path_per_floor":["M","$","M","M","M","R","?","R","T","M","M","R","M","E","R","B",null,"M","M","M","?","M","R","E","R","T","M","M","?","$","?","R","B"],"character_chosen":"DEFECT","items_purchased":["Membership Card","Whetstone","Defragment","Omamori","Thread and Needle","DollysMirror"],"campfire_rested":6,"item_purchase_floors":[2,2,30,30,30,30],"current_hp_per_floor":[63,63,62,62,58,75,75,75,75,70,66,75,72,48,70,26,75,71,65,61,61,50,72,42,64,64,64,63,63,63,49,73,0,0],"gold":36,"neow_bonus":"HUNDRED_GOLD","is_daily":false,"chose_seed":false,"campfire_upgraded":1,"win_rate":0.0,"timestamp":1611157240,"path_taken":["M","$","M","M","M","R","?","R","T","M","M","R","M","E","R","BOSS","M","M","M","?","M","R","E","R","T","M","M","?","$","?","R","BOSS"],"items_purchased_type":["Relic","Relic","Card","Relic","Relic","Relic"],"build_version":"2020-12-22","purchased_purges":0,"victory":false,"max_hp_per_floor":[75,75,75,75,75,75,75,75,75,75,75,75,75,75,75,75,75,75,75,75,75,75,75,75,75,75,75,75,75,75,80,80,80,80],"card_choices":[{"not_picked":["Gash","White Noise"],"picked":"Sunder","floor":1.0},{"not_picked":["Compile Driver","Barrage"],"picked":"Conserve Battery","floor":3.0},{"not_picked":["Sweeping Beam","Reprogram"],"picked":"Genetic Algorithm","floor":4.0},{"not_picked":["Go for the Eyes","Fusion"],"picked":"Consume","floor":5.0},{"not_picked":["Gash","Go for the Eyes"],"picked":"Leap","floor":10.0},{"not_picked":["Lockon","Redo"],"picked":"Static Discharge","floor":11.0},{"not_picked":["Compile Driver","Hologram"],"picked":"Go for the Eyes","floor":13.0},{"not_picked":["Hologram","Aggregate"],"picked":"Rainbow","floor":14.0},{"not_picked":["Recycle+1","Barrage"],"picked":"Coolheaded","floor":18.0},{"not_picked":["Streamline","Gash"],"picked":"Genetic Algorithm+1","floor":19.0},{"not_picked":["Stack","Turbo"],"picked":"Sunder+1","floor":20.0},{"not_picked":["Reinforced Body","Seek"],"picked":"Redo+1","floor":22},{"not_picked":["Conserve Battery","Lockon+1"],"picked":"Glacier","floor":24},{"not_picked":["Streamline+1","Rebound+1","Steam"],"picked":"SKIP","floor":27},{"not_picked":["Turbo","Aggregate"],"picked":"Static Discharge","floor":28}],"player_experience":5831485,"relics_obtained":[{"floor":14.0,"key":"Symbiotic Virus"},{"floor":24,"key":"CeramicFish"},{"floor":26,"key":"Bottled Lightning"}],"event_choices":[{"damage_healed":0.0,"max_hp_gain":0.0,"max_hp_loss":0.0,"gold_gain":0.0,"event_name":"Scrap Ooze","player_choice":"Fled","floor":7.0,"gold_loss":0.0,"damage_taken":0.0},{"damage_healed":0.0,"max_hp_gain":0.0,"max_hp_loss":0.0,"gold_gain":0.0,"event_name":"Beggar","player_choice":"Ignored","floor":21.0,"gold_loss":0.0,"damage_taken":0.0},{"damage_healed":0,"gold_gain":0,"player_choice":"Ignored","damage_taken":0,"max_hp_gain":0,"max_hp_loss":0,"event_name":"Cursed Tome","floor":29,"gold_loss":0},{"damage_healed":0,"gold_gain":0,"player_choice":"Shed Blood","damage_taken":19,"max_hp_gain":5,"max_hp_loss":0,"event_name":"Forgotten Altar","floor":31,"gold_loss":0}],"is_beta":false,"boss_relics":[{"not_picked":["FrozenCore","Tiny House"],"picked":"Velvet Choker"}],"items_purged_floors":[],"is_endless":false,"potions_floor_spawned":[1,3,13,14,20,24,28],"killed_by":"Collector","ascension_level":0}}