{"host":"d9m9v0h6vo0edadb","time":1611120765,"event":{"mods":["BaseMod","Hermit","Keyboard Shortcuts","Minty Spire (QoL Compilation)","StSLib","SuperFastMode","The Cursed"],"gold_per_floor":[111,111,81,95,105,105,105,120,120,45,56,69,30,58,58,132,132,143,143,156,171,171,171],"floor_reached":22,"language":"KOR","playtime":313,"items_purged":["Strike_B"],"score":376,"play_id":"21dfc73d-d131-4c16-b1f3-6f653ded73a5","local_time":"20210120143245","is_ascension_mode":true,"campfire_choices":[{"data":"Defragment","floor":6,"key":"SMITH"},{"data":"Defragment","floor":15,"key":"SMITH"}],"circlet_count":0,"master_deck":["AscendersBane","Strike_B","Defend_B","Defend_B","Defend_B","Defend_B","Zap","Dualcast","Compile Driver","Defragment+1","Chaos","Seek","Conserve Battery","Defragment+1","Coolheaded","Biased Cognition","Loop"],"relics":["Cracked Core","NeowsBlessing","FaceOfCleric","Symbiotic Virus","Singing Bowl","Empty Cage"],"acts_visited":["Exordium","TheCity"],"potions_floor_usage":[14,16,22],"damage_taken":[{"damage":0,"enemies":"Small Slimes","floor":1,"turns":1},{"damage":0,"enemies":"Jaw Worm","floor":4,"turns":1},{"damage":0,"enemies":"Cultist","floor":5,"turns":1},{"damage":9,"enemies":"Large Slime","floor":8,"turns":5},{"damage":13,"enemies":"Exordium Thugs","floor":11,"turns":3},{"damage":5,"enemies":"Looter","floor":12,"turns":3},{"damage":14,"enemies":"Gremlin Nob","floor":14,"turns":3},{"damage":15,"enemies":"Slime Boss","floor":16,"turns":9},{"damage":1,"enemies":"Spheric Guardian","floor":18,"turns":5},{"damage":28,"enemies":"3 Byrds","floor":20,"turns":6},{"damage":27,"enemies":"Cultist and Chosen","floor":21,"turns":7},{"damage":19,"enemies":"Centurion and Healer","floor":22,"turns":7}],"seed_played":"1605987450653691599","potions_obtained":[{"floor":3,"key":"ColorlessPotion"},{"floor":3,"key":"FocusPotion"},{"floor":14,"key":"SneckoOil"},{"floor":20,"key":"Block Potion"}],"is_trial":false,"path_per_floor":["M","?","?","M","M","R","?","M","T","$","M","M","$","E","R","B",null,"M","?","M","M","M"],"character_chosen":"DEFECT","items_purchased":["Defragment"],"campfire_rested":0,"item_purchase_floors":[13],"current_hp_per_floor":[64,69,69,69,69,69,69,61,61,61,49,45,45,32,32,18,65,67,67,40,16,0,0],"gold":171,"neow_bonus":"THREE_ENEMY_KILL","is_daily":false,"chose_seed":false,"campfire_upgraded":2,"win_rate":0.0,"timestamp":1611120765,"path_taken":["M","?","?","M","?","R","?","M","T","$","M","M","$","E","R","BOSS","M","?","M","M","M"],"items_purchased_type":["Card"],"build_version":"2020-12-22","purchased_purges":1,"victory":false,"max_hp_per_floor":[71,76,76,76,76,76,76,77,77,77,78,79,79,80,80,81,81,84,84,85,88,88,88],"card_choices":[{"not_picked":["Barrage","Beam Cell"],"picked":"Compile Driver","floor":1},{"not_picked":["Conserve Battery","Hologram"],"picked":"Defragment","floor":4},{"not_picked":["Compile Driver","Rebound"],"picked":"Chaos","floor":5},{"not_picked":["Darkness","Redo"],"picked":"Seek","floor":8},{"not_picked":["Sweeping Beam","Melter"],"picked":"Conserve Battery","floor":11},{"not_picked":["Melter","Barrage","Sunder"],"picked":"SKIP","floor":12},{"not_picked":["Rebound","Redo"],"picked":"Coolheaded","floor":14},{"not_picked":["Core Surge","Fission"],"picked":"Biased Cognition","floor":16},{"not_picked":["Aggregate","Force Field","Leap"],"picked":"Singing Bowl","floor":18},{"not_picked":["Leap","Doom and Gloom"],"picked":"Loop","floor":20},{"not_picked":["Turbo","Conserve Battery","Sweeping Beam"],"picked":"Singing Bowl","floor":21}],"player_experience":982010,"relics_obtained":[{"floor":9,"key":"Symbiotic Virus"},{"floor":14,"key":"Singing Bowl"}],"event_choices":[{"damage_healed":0,"gold_gain":0,"player_choice":"Donut","damage_taken":0,"max_hp_gain":5,"max_hp_loss":0,"event_name":"Big Fish","floor":2,"gold_loss":0},{"damage_healed":0,"gold_gain":0,"player_choice":"Bought 2 Potions","damage_taken":0,"max_hp_gain":0,"max_hp_loss":0,"event_name":"The Woman in Blue","floor":3,"gold_loss":0},{"damage_healed":0,"gold_gain":0,"player_choice":"Trade","damage_taken":0,"relics_obtained":["FaceOfCleric"],"max_hp_gain":0,"max_hp_loss":0,"event_name":"FaceTrader","floor":7,"gold_loss":0},{"damage_healed":0,"gold_gain":0,"player_choice":"Ignored","damage_taken":0,"max_hp_gain":0,"max_hp_loss":0,"event_name":"Cursed Tome","floor":19,"gold_loss":0}],"is_beta":false,"boss_relics":[{"not_picked":["Coffee Dripper","Busted Crown"],"picked":"Empty Cage"}],"items_purged_floors":[10],"is_endless":false,"potions_floor_spawned":[4,8,11,12,14,20,21],"killed_by":"Centurion and Healer","ascension_level":20}}