{"host":"dftyqn972q7tuon4","time":1611103278,"event":{"mods":["AchievementEnabler","BaseMod","Better Altar","Better Match","Better Note","Better Sensory Stone","Better Skull","Better Third Choice","Colored Powertips","Highlight Path","Minty Spire (QoL Compilation)","Permanent Neow","Quick Restart","StSLib"],"gold_per_floor":[114,114,38,38,38,38,70,70,96,96,115,141,81,94,94,196,196,212,212,132,132,151,151,151,151,174,207,107,107,107,142,142,240,240,260,260,12,12,26,40,40,56,56,56,70,84,104,123,123,123,123],"floor_reached":50,"language":"ENG","playtime":2520,"items_purged":["Regret","Strike_B","Defend_B"],"score":803,"play_id":"e5f2a3a5-11aa-46a0-bd8f-fae5bffb12c9","local_time":"20210120014118","is_ascension_mode":true,"campfire_choices":[{"floor":6.0,"key":"REST"},{"data":"Streamline","floor":8.0,"key":"SMITH"},{"data":"Machine Learning","floor":10.0,"key":"SMITH"},{"floor":15.0,"key":"REST"},{"floor":23.0,"key":"REST"},{"floor":30.0,"key":"REST"},{"data":"Darkness","floor":32.0,"key":"SMITH"},{"data":"Auto Shields","floor":41.0,"key":"SMITH"},{"data":"Zap","floor":44.0,"key":"SMITH"},{"data":"Chaos","floor":49.0,"key":"SMITH"}],"circlet_count":0,"master_deck":["AscendersBane","Defend_B","Defend_B","Defend_B","Zap+1","Dualcast","Streamline+1","Auto Shields+1","Flash of Steel","Self Repair","Machine Learning+1","Darkness+1","BootSequence","Multi-Cast","Barrage+1","Heatsinks","Bite","Bite","Bite","Bite","Bite","Coolheaded","Turbo","Echo Form","Storm+1","Leap","Leap+1","Stack","Conserve Battery","Ball Lightning","Chaos+1"],"relics":["Cracked Core","Regal Pillow","PreservedInsect","Pocketwatch","TungstenRod","Omamori","The Courier","Sozu","Enchiridion","Bag of Preparation","Centennial Puzzle","DataDisk","Bloody Idol","Blood Vial","Vajra","Velvet Choker","Symbiotic Virus","WarpedTongs","Girya"],"acts_visited":["Exordium","TheCity","TheBeyond"],"potions_floor_usage":[],"damage_taken":[{"damage":10.0,"enemies":"Small Slimes","floor":1.0,"turns":2.0},{"damage":10.0,"enemies":"Gremlin Nob","floor":7.0,"turns":3.0},{"damage":4.0,"enemies":"2 Louse","floor":11.0,"turns":2.0},{"damage":24.0,"enemies":"3 Sentries","floor":12.0,"turns":6.0},{"damage":0.0,"enemies":"Cultist","floor":14.0,"turns":4.0},{"damage":29.0,"enemies":"Slime Boss","floor":16.0,"turns":7.0},{"damage":17.0,"enemies":"Spheric Guardian","floor":18.0,"turns":5.0},{"damage":28.0,"enemies":"2 Thieves","floor":22.0,"turns":4.0},{"damage":27.0,"enemies":"Book of Stabbing","floor":27.0,"turns":4.0},{"damage":21.0,"enemies":"Slavers","floor":31.0,"turns":6.0},{"damage":52.0,"enemies":"Collector","floor":33.0,"turns":12.0},{"damage":5.0,"enemies":"3 Shapes","floor":35.0,"turns":5.0},{"damage":10.0,"enemies":"Orb Walker","floor":39.0,"turns":3.0},{"damage":0.0,"enemies":"4 Shapes","floor":40.0,"turns":4.0},{"damage":12.0,"enemies":"3 Darklings","floor":42.0,"turns":4.0},{"damage":44.0,"enemies":"Writhing Mass","floor":45.0,"turns":5.0},{"damage":28.0,"enemies":"Spire Growth","floor":46.0,"turns":5.0},{"damage":21.0,"enemies":"Maw","floor":47.0,"turns":5.0},{"damage":16.0,"enemies":"Jaw Worm Horde","floor":48.0,"turns":5.0},{"damage":67,"enemies":"Awakened One","floor":50,"turns":5}],"seed_played":"-1430204504573540434","potions_obtained":[{"floor":1.0,"key":"Fire Potion"},{"floor":16.0,"key":"SpeedPotion"}],"is_trial":false,"path_per_floor":["M","?","$","?","?","R","E","R","T","R","M","E","$","M","R","B",null,"M","?","$","?","M","R","?","?","T","E","$","?","R","E","R","B",null,"M","?","$","?","M","M","R","M","T","R","M","M","M","M","R","B"],"character_chosen":"DEFECT","items_purchased":["Self Repair","Symbiotic Virus","Leap"],"campfire_rested":4,"item_purchase_floors":[3,37,37],"current_hp_per_floor":[58,58,58,58,17,54,51,51,51,51,47,23,23,30,67,45,68,58,46,46,46,25,62,52,52,52,40,40,2,32,37,37,35,48,52,52,52,52,52,52,52,52,52,52,39,46,52,52,52,0,0],"gold":123,"neow_bonus":"THREE_CARDS","is_daily":false,"chose_seed":false,"campfire_upgraded":6,"win_rate":0.0,"timestamp":1611103278,"path_taken":["M","?","$","?","?","R","E","R","T","R","M","E","$","M","R","BOSS","M","?","$","?","?","R","?","?","T","E","$","?","R","E","R","BOSS","M","?","$","?","M","M","R","M","T","R","M","M","?","M","R","BOSS"],"items_purchased_type":["Card","Relic","Card"],"build_version":"2020-12-22","purchased_purges":3,"victory":false,"max_hp_per_floor":[75,75,75,75,75,75,75,75,75,75,75,75,75,75,75,75,75,75,75,75,75,75,75,52,52,52,52,52,52,52,52,52,52,52,52,52,52,52,52,52,52,52,52,52,52,52,52,52,52,52,52],"card_choices":[{"not_picked":["Leap","Ball Lightning"],"picked":"Streamline","floor":0.0},{"not_picked":["Defragment","Turbo"],"picked":"Auto Shields","floor":1.0},{"not_picked":["Finesse","Impatience"],"picked":"Flash of Steel","floor":2.0},{"not_picked":["Barrage","Hologram"],"picked":"Machine Learning","floor":7.0},{"not_picked":["Rip and Tear","Rebound"],"picked":"Darkness","floor":11.0},{"not_picked":["Storm","Doom and Gloom"],"picked":"BootSequence","floor":12.0},{"not_picked":["Reprogram","Static Discharge","Streamline"],"picked":"SKIP","floor":14.0},{"not_picked":["Reboot","Electrodynamics"],"picked":"Multi-Cast","floor":16.0},{"not_picked":["Blizzard","Cold Snap"],"picked":"Barrage+1","floor":18.0},{"not_picked":["Redo","Stack"],"picked":"Heatsinks","floor":22.0},{"not_picked":["Multi-Cast","Barrage","Beam Cell"],"picked":"SKIP","floor":27.0},{"not_picked":["Storm","Rebound"],"picked":"Turbo","floor":31.0},{"not_picked":["Thunder Strike","Hyperbeam"],"picked":"Echo Form","floor":33.0},{"not_picked":["Reprogram","Steam"],"picked":"Storm+1","floor":35.0},{"not_picked":["Cold Snap","Turbo"],"picked":"Leap+1","floor":39.0},{"not_picked":["Hologram","Skim"],"picked":"Stack","floor":40.0},{"not_picked":["Leap","Barrage","Hyperbeam"],"picked":"SKIP","floor":42.0},{"not_picked":["Leap","Sweeping Beam","Cold Snap"],"picked":"SKIP","floor":45.0},{"not_picked":["Go for the Eyes","Stack"],"picked":"Conserve Battery","floor":46.0},{"not_picked":["Gash+1","Chill"],"picked":"Ball Lightning","floor":47.0},{"not_picked":["Buffer","Gash"],"picked":"Chaos","floor":48.0}],"player_experience":717357,"relics_obtained":[{"floor":7.0,"key":"TungstenRod"},{"floor":9.0,"key":"Omamori"},{"floor":12.0,"key":"The Courier"},{"floor":19.0,"key":"Enchiridion"},{"floor":21.0,"key":"Bag of Preparation"},{"floor":26.0,"key":"Centennial Puzzle"},{"floor":27.0,"key":"DataDisk"},{"floor":31.0,"key":"Vajra"},{"floor":43.0,"key":"Girya"}],"event_choices":[{"damage_healed":0.0,"max_hp_gain":0.0,"max_hp_loss":0.0,"gold_gain":1.0,"event_name":"betterStone:BetterStone","player_choice":"1","floor":2.0,"gold_loss":0.0,"damage_taken":0.0},{"damage_healed":0.0,"max_hp_gain":0.0,"max_hp_loss":0.0,"gold_gain":0.0,"event_name":"Big Fish","player_choice":"Box","floor":4.0,"gold_loss":0.0,"damage_taken":0.0,"relics_obtained":["Regal Pillow"],"cards_obtained":["Regret"]},{"damage_healed":0.0,"max_hp_gain":0.0,"max_hp_loss":0.0,"gold_gain":1.0,"event_name":"betterThird:BetterScrap","player_choice":"Relic Relic ","floor":5.0,"gold_loss":0.0,"damage_taken":41.0,"cards_obtained":["Seeing Red"]},{"damage_healed":0.0,"max_hp_gain":0.0,"max_hp_loss":0.0,"gold_gain":0.0,"event_name":"Cursed Tome","player_choice":"Obtained Book","floor":19.0,"gold_loss":0.0,"damage_taken":16.0},{"damage_healed":0.0,"max_hp_gain":0.0,"max_hp_loss":0.0,"gold_gain":0.0,"event_name":"Wheel of Change","player_choice":"Relic","floor":21.0,"gold_loss":0.0,"damage_taken":0.0},{"damage_healed":0.0,"max_hp_gain":0.0,"max_hp_loss":23.0,"gold_gain":0.0,"event_name":"Vampires","player_choice":"Became a vampire","floor":24.0,"gold_loss":0.0,"damage_taken":0.0,"cards_obtained":["Bite","Bite","Bite","Bite","Bite"]},{"damage_healed":0.0,"max_hp_gain":0.0,"max_hp_loss":0.0,"gold_gain":0.0,"event_name":"The Library","player_choice":"Read","floor":25.0,"gold_loss":0.0,"damage_taken":0.0,"cards_obtained":["Coolheaded"]},{"damage_healed":0.0,"max_hp_gain":40.0,"max_hp_loss":2.0,"gold_gain":0.0,"event_name":"betterAltar:BetterAltar","player_choice":" Idol Vial ","floor":29.0,"potions_obtained":[],"relics_lost":[],"gold_loss":0.0,"damage_taken":40.0,"relics_obtained":["Bloody Idol","Blood Vial"]},{"damage_healed":0.0,"max_hp_gain":0.0,"max_hp_loss":0.0,"gold_gain":0.0,"event_name":"Tomb of Lord Red Mask","player_choice":"Ignored","floor":36.0,"gold_loss":0.0,"damage_taken":0.0},{"damage_healed":0.0,"max_hp_gain":0.0,"max_hp_loss":0.0,"gold_gain":0.0,"event_name":"Accursed Blacksmith","player_choice":"Rummage","floor":38.0,"gold_loss":0.0,"damage_taken":0.0,"relics_obtained":["WarpedTongs"],"cards_obtained":["Pain"]}],"is_beta":false,"boss_relics":[{"not_picked":["Busted Crown","Snecko Eye"],"picked":"Sozu"},{"not_picked":["Coffee Dripper","Pandora\u0027s Box"],"picked":"Velvet Choker"}],"items_purged_floors":[13,20,28],"is_endless":false,"potions_floor_spawned":[1,16,18,22,35,39,46],"killed_by":"Awakened One","ascension_level":12}}