{"host":"8anlmvy5ylhozj27","time":1611182183,"event":{"mods":["2.2 Compatiblity","Act Like it!","Aspiration","BaseMod","Best Route Mod","Better Match","Better Note","Better Sensory Stone","Better Skull","Better Third Choice","BetterRewards","Block Reminder","Colored Map","Colored Powertips","Conspire","Curses Come First","Duelist Mod","Energized Spire","GifTheSpireLib","Gold Saver","Halation","Hermit","Highlight Path","Hubris","Infinite Spire","Ironclad Rager","Minty Spire (QoL Compilation)","Permanent Neow","Quick Restart","Rare Cards Sparkle","Replay The Spire","Robot Space Explorer","Spicy Shops","StSLib","Stuff the Spire","The Bladedancer","The Blue Laboratory","The Disciple","The Exalted","The Necromancer","The Sage","Transform Curses","Wandering Minibosses","vexMod"],"gold_per_floor":[112,130,149,167,167,295,314,314,314],"floor_reached":8,"language":"FRA","playtime":687,"items_purged":["Defend_B","Defend_B"],"score":60,"play_id":"6f32b3ce-abdb-4314-8461-45f84a4d60f9","local_time":"20210120233623","is_ascension_mode":false,"campfire_choices":[],"circlet_count":0,"master_deck":["Strike_B","Strike_B","Strike_B","Defend_B","Defend_B","Zap","Dualcast","ReplayTheSpireMod:Brewmster","Rainbow","Capacitor","ReplayTheSpireMod:Calculation Training","Steam","StuffTheSpire:Synthwave","Ball Lightning","Time Bomb","BootSequence","Amplify"],"relics":["Cracked Core","Membership Card","Boot","StuffTheSpire:TintedRock","StuffTheSpire:Gunfinga","conspire:Boomerang","hubris:EmptyBottle","hubris:TenFootPole"],"acts_visited":["Exordium"],"potions_floor_usage":[3,4,4,4,4,4,6,6,6,6,6,6],"damage_taken":[{"damage":1,"enemies":"2 Louse","floor":1,"turns":2},{"damage":6,"enemies":"Cultist","floor":2,"turns":4},{"damage":0,"enemies":"Jaw Worm","floor":3,"turns":4},{"damage":0,"enemies":"Blue Slaver","floor":4,"turns":4},{"damage":12,"enemies":"3 Sentries","floor":6,"turns":3},{"damage":0,"enemies":"3 Louse","floor":7,"turns":4},{"damage":21,"enemies":"Gremlin Nob","floor":8,"turns":3}],"seed_played":"-2198799359534460227","potions_obtained":[{"floor":2,"key":"Flashbang"},{"floor":3,"key":"Strength Potion"},{"floor":6,"key":"blueLaboratory:SystemWipe"}],"is_trial":false,"path_per_floor":["M","M","M","M","?","E","M","E"],"character_chosen":"DEFECT","items_purchased":["Membership Card","ReplayTheSpireMod:Brewmster","Boot","StuffTheSpire:TintedRock","StuffTheSpire:Gunfinga","Rainbow","Capacitor","hubris:EmptyBottle"],"campfire_rested":0,"item_purchase_floors":[0,0,0,0,0,0,0,0],"current_hp_per_floor":[39,33,33,33,33,21,21,0,0],"gold":314,"neow_bonus":"","is_daily":false,"chose_seed":false,"campfire_upgraded":0,"win_rate":0.0,"timestamp":1611182183,"path_taken":["M","M","M","M","?","E","M","E"],"items_purchased_type":["Relic","Card","Relic","Relic","Relic","Card","Card","Relic"],"build_version":"2020-12-22","purchased_purges":2,"victory":false,"max_hp_per_floor":[75,75,75,75,75,75,75,75,75],"card_choices":[{"not_picked":["Redo","Darkness"],"picked":"ReplayTheSpireMod:Calculation Training","floor":1},{"not_picked":["Reinforced Body","Go for the Eyes"],"picked":"Steam","floor":2},{"not_picked":["StuffTheSpire:LoadUp","StuffTheSpire:Coldhearted"],"picked":"StuffTheSpire:Synthwave","floor":3},{"not_picked":["Undo","Panic Button"],"picked":"Ball Lightning","floor":4},{"not_picked":["ReplaySolidLightProjector","conspire:Rain"],"picked":"BootSequence","floor":6},{"not_picked":["Skim","StuffTheSpire:LoadUp"],"picked":"Amplify","floor":7}],"player_experience":201428,"relics_obtained":[{"floor":6,"key":"hubris:TenFootPole"}],"event_choices":[{"damage_healed":0,"gold_gain":0,"cards_transformed":["Strike_B"],"player_choice":"Transformed","damage_taken":0,"max_hp_gain":0,"max_hp_loss":0,"event_name":"Transmorgrifier","floor":5,"gold_loss":0,"cards_obtained":["Time Bomb"]}],"is_beta":false,"boss_relics":[],"items_purged_floors":[0,0],"is_endless":false,"potions_floor_spawned":[2,3,6],"killed_by":"Gremlin Nob","ascension_level":0}}