{"host":"skr63qsdfgeey3it","time":1611123061,"event":{"mods":["BaseMod","Colored Map","Hubris","Minty Spire (QoL Compilation)","Replay The Spire","Spicy Shops","StSLib"],"gold_per_floor":[119,119,52,52,115,115,148,198,225,225,240,290,307,27,27,106,106,125,175,260,280,330,363,376,376,376,16,80,130,180,200,200,272,272,283,83,102,117,167,167,192,242,242,242,242,242],"floor_reached":45,"language":"ENG","playtime":1343,"items_purged":[],"score":931,"play_id":"48093c38-55c3-4ea4-8275-7d24d53adbbc","local_time":"20210120001101","is_ascension_mode":true,"campfire_choices":[{"data":"Whirlwind","floor":6,"key":"SMITH"},{"data":"Immolate","floor":10,"key":"SMITH"},{"data":"Midas Touch","floor":15,"key":"SMITH"},{"data":"Juggernaut","floor":25,"key":"SMITH"},{"data":"True Grit","floor":32,"key":"SMITH"},{"data":"Juggernaut","floor":40,"key":"SMITH"},{"data":"Metallicize","floor":44,"key":"SMITH"}],"circlet_count":0,"master_deck":["AscendersBane","Strike_R+1","Strike_R+1","Strike_R+1","Strike_R+1","Defend_R+2","Defend_R+1","Defend_R+2","Defend_R+1","Bash","Burning Pact","Whirlwind+1","Metallicize+1","Immolate+1","Inflame","Feel No Pain","Midas Touch+1","Dark Shackles","Juggernaut+1","Disarm","Infernal Blade","True Grit+1","Juggernaut+1","Fire Breathing","Warcry","hubris:ReadiedAction","Dark Embrace","Sentinel","Berserk+1","AbeCurse","Metallicize+1","Feel No Pain+1","Feel No Pain+1","Dual Wield+1","Madness","Madness","Replay:Bootleg Shield Generator"],"relics":["Black Blood","NeowsBlessing","SsserpentHead","Meat on the Bone","Bronze Scales","Red Mask","Mummified Hand","Blood Vial","Simple Rune","Lee\u0027s Waffle","Frozen Egg 2","Abe\u0027s Treasure","Medical Kit","Vajra","Mirror"],"acts_visited":["Exordium","TheCity","TheBeyond"],"potions_floor_usage":[11,13,13,20,23,33,33],"damage_taken":[{"damage":0,"enemies":"Small Slimes","floor":1,"turns":1},{"damage":0,"enemies":"Cultist","floor":5,"turns":1},{"damage":0,"enemies":"Gremlin Nob","floor":7,"turns":1},{"damage":9,"enemies":"Jaw Worm","floor":11,"turns":3},{"damage":16,"enemies":"Exordium Thugs","floor":13,"turns":3},{"damage":21,"enemies":"Slime Boss","floor":16,"turns":7},{"damage":0,"enemies":"3 Byrds","floor":18,"turns":4},{"damage":0,"enemies":"Masked Bandits","floor":20,"turns":2},{"damage":9,"enemies":"Shell Parasite","floor":21,"turns":5},{"damage":36,"enemies":"Slavers","floor":23,"turns":2},{"damage":12,"enemies":"Centurion and Healer","floor":24,"turns":3},{"damage":3,"enemies":"Snecko","floor":28,"turns":4},{"damage":7,"enemies":"Cultist and Chosen","floor":31,"turns":5},{"damage":15,"enemies":"hubris:MusketHawk","floor":33,"turns":6},{"damage":13,"enemies":"Orb Walker","floor":35,"turns":3},{"damage":33,"enemies":"3 Shapes","floor":37,"turns":3},{"damage":6,"enemies":"3 Darklings","floor":38,"turns":3},{"damage":31,"enemies":"Giant Head","floor":41,"turns":8},{"damage":70,"enemies":"Reptomancer","floor":45,"turns":2}],"seed_played":"-3382531876757136559","potions_obtained":[{"floor":1,"key":"EssenceOfSteel"},{"floor":5,"key":"Explosive Potion"},{"floor":11,"key":"Weak Potion"},{"floor":16,"key":"Adrenaline Potion"},{"floor":21,"key":"SteroidPotion"},{"floor":23,"key":"EssenceOfSteel"},{"floor":31,"key":"ElixirPotion"},{"floor":38,"key":"Strength Potion"}],"is_trial":false,"path_per_floor":["M","?","$","$","M","R","E","?","T","R","M","?","M","$","R","B",null,"M","?","?","M","?","E","M","R","T","$","M","T","?","M","R","B",null,"M","$","M","M","?","R","E","?","T","R","E"],"character_chosen":"IRONCLAD","items_purchased":["Whirlwind","Metallicize","Feel No Pain","Midas Touch","Dark Shackles","Simple Rune","hubris:ReadiedAction","Lee\u0027s Waffle","Feel No Pain+1","Medical Kit"],"campfire_rested":0,"item_purchase_floors":[3,3,14,14,14,27,27,27,36,36],"current_hp_per_floor":[78,78,78,78,80,80,80,80,80,80,77,61,51,51,51,48,72,80,80,80,80,80,56,56,56,56,87,87,87,70,77,77,76,88,89,89,70,78,66,66,61,61,61,61,0,0],"gold":242,"neow_bonus":"THREE_ENEMY_KILL","is_daily":false,"chose_seed":false,"campfire_upgraded":7,"win_rate":0.0,"timestamp":1611123061,"path_taken":["M","?","?","$","?","R","E","?","T","R","M","?","M","?","R","BOSS","M","?","?","M","?","E","M","R","T","$","?","?","?","M","R","BOSS","M","$","M","M","?","R","E","?","T","R","E"],"items_purchased_type":["Card","Card","Card","Card","Card","Relic","Card","Relic","Card","Relic"],"build_version":"2020-12-22","purchased_purges":0,"victory":false,"max_hp_per_floor":[80,80,80,80,80,80,80,80,80,80,80,80,80,80,80,80,80,80,80,80,80,80,80,80,80,80,87,87,87,92,92,92,92,92,92,92,92,92,92,92,92,92,92,92,92,92],"card_choices":[{"not_picked":["Seeing Red","ReplayTheSpireMod:Corrosion Curse"],"picked":"Burning Pact","floor":1},{"not_picked":["Shrug It Off","Reckless Charge","Run Through"],"picked":"SKIP","floor":5},{"not_picked":["Anger","Fire Breathing"],"picked":"Immolate","floor":7},{"not_picked":["Havoc","Dropkick"],"picked":"Inflame","floor":11},{"not_picked":["Blood for Blood","Replay:Undeath\u0027s Touch","Cleave"],"picked":"SKIP","floor":13},{"not_picked":["Eclipse","Reaper"],"picked":"Juggernaut","floor":16},{"not_picked":["Replay:Undeath\u0027s Touch","Perfected Strike"],"picked":"Disarm","floor":18},{"not_picked":["Armaments","Dropkick"],"picked":"Infernal Blade","floor":20},{"not_picked":["Ghostly Armor","Pommel Strike"],"picked":"True Grit","floor":21},{"not_picked":["Anger","ReplayTheSpireMod:Strike From Hell"],"picked":"Fire Breathing","floor":23},{"not_picked":["True Grit","Hemokinesis"],"picked":"Warcry","floor":24},{"not_picked":["hubris:ReadiedAction","Rupture"],"picked":"Dark Embrace","floor":28},{"not_picked":["Ghostly Armor+1","hubris:ReadiedAction"],"picked":"Sentinel","floor":31},{"not_picked":["Immolate","Feed"],"picked":"Berserk+1","floor":33},{"not_picked":["ReplayTheSpireMod:LeadingStrike+1","Whirlwind+1"],"picked":"Metallicize+1","floor":35},{"not_picked":["Pommel Strike","Clothesline","Body Slam+1"],"picked":"SKIP","floor":37},{"not_picked":["Disarm+1","ReplayTheSpireMod:LeadingStrike"],"picked":"Dual Wield+1","floor":38},{"not_picked":["Anger+1","Sword Boomerang+1","Headbutt"],"picked":"SKIP","floor":41},{"not_picked":["Blind","Forethought"],"picked":"Replay:Bootleg Shield Generator","floor":42}],"player_experience":764766,"relics_obtained":[{"floor":7,"key":"Meat on the Bone"},{"floor":9,"key":"Bronze Scales"},{"floor":20,"key":"Red Mask"},{"floor":23,"key":"Mummified Hand"},{"floor":26,"key":"Blood Vial"},{"floor":29,"key":"Frozen Egg 2"},{"floor":41,"key":"Vajra"},{"floor":43,"key":"Mirror"}],"event_choices":[{"damage_healed":0,"gold_gain":0,"player_choice":"Trade","damage_taken":0,"relics_obtained":["SsserpentHead"],"max_hp_gain":0,"max_hp_loss":0,"event_name":"FaceTrader","floor":2,"gold_loss":0},{"damage_healed":0,"gold_gain":0,"player_choice":"Entered Light","damage_taken":16,"max_hp_gain":0,"max_hp_loss":0,"event_name":"Shining Light","floor":12,"gold_loss":0,"cards_upgraded":["Strike_R","Strike_R"]},{"damage_healed":0,"gold_gain":0,"player_choice":"Simplicity","damage_taken":0,"max_hp_gain":0,"max_hp_loss":0,"event_name":"Back to Basics","floor":19,"gold_loss":0,"cards_upgraded":["Strike_R","Strike_R","Defend_R","Defend_R","Defend_R","Defend_R"]},{"damage_healed":0,"gold_gain":0,"player_choice":"Fought Bandits","damage_taken":0,"max_hp_gain":0,"max_hp_loss":0,"event_name":"Masked Bandits","floor":20,"gold_loss":0},{"damage_healed":0,"gold_gain":0,"player_choice":"Copied","damage_taken":0,"max_hp_gain":0,"max_hp_loss":0,"event_name":"Duplicator","floor":22,"gold_loss":0,"cards_obtained":["Juggernaut"]},{"damage_healed":0,"gold_gain":0,"player_choice":"Shed Blood","damage_taken":22,"max_hp_gain":5,"max_hp_loss":0,"event_name":"Forgotten Altar","floor":30,"gold_loss":0},{"damage_healed":0,"gold_gain":0,"player_choice":"Embrace Madness","damage_taken":12,"max_hp_gain":0,"max_hp_loss":0,"event_name":"Winding Halls","floor":39,"gold_loss":0,"cards_obtained":["Madness","Madness"]},{"damage_healed":0,"gold_gain":0,"player_choice":"Memory 1","damage_taken":0,"max_hp_gain":0,"max_hp_loss":0,"event_name":"SensoryStone","floor":42,"gold_loss":0}],"is_beta":false,"boss_relics":[{"not_picked":["hubris:Stopwatch","hubris:HollowSoul"],"picked":"Black Blood"},{"not_picked":["hubris:RunicObelisk","SacredBark"],"picked":"Abe\u0027s Treasure"}],"items_purged_floors":[],"is_endless":false,"potions_floor_spawned":[1,5,11,16,21,23,31,38],"killed_by":"Reptomancer","ascension_level":13}}