{"host":"uyrebrj0204enqpc","time":1611173836,"event":{"mods":["Act Like it!","Bard","BaseMod","Block Reminder","Challenge The Spire","Colored Map","Colored Powertips","DeckTracker","Downfall","GifTheSpireLib","HexUI Lib","Highlight Path","Hubris","Infinite Spire","Minty Spire (QoL Compilation)","Pale of the Ancients","Quick Restart","Random Character Button","Relic Sorter","Relic Stats","Shop Mod","StSLib","The Blue Laboratory","The Bug Knight","The Cursed","The Jungle","The Marked","Wandering Minibosses"],"gold_per_floor":[116,135,135,135,105,138,158,158,158,150,170,170,198,211,211,206,206],"floor_reached":16,"language":"ENG","playtime":966,"items_purged":[],"score":189,"play_id":"63240780-b375-4910-81ee-a6ec62c8e71a","local_time":"20210120151716","is_ascension_mode":true,"campfire_choices":[{"data":"theMarked:SoldierOfQuellstein","floor":8,"key":"SMITH"},{"data":"theMarked:Standoff","floor":12,"key":"SMITH"},{"data":"theMarked:TakeCover","floor":15,"key":"SMITH"}],"circlet_count":0,"master_deck":["theMarked:Strike","theMarked:Strike","theMarked:Strike","theMarked:Strike","theMarked:Strike","theMarked:Defend","theMarked:Defend","theMarked:Defend","theMarked:Defend","theMarked:SoldierOfQuellstein+1","theMarked:Standoff+1","theMarked:ParalyzingBlade","theMarked:ThrowWeapon","theMarked:TakeCover+1","theMarked:BindingBlade"],"relics":["bronze:BronzeCore","NeowsBlessing","infinitespire:Cubic Diamond","infinitespire:BottledMercury","Smiling Mask","Guardian:PocketSentry"],"acts_visited":["Exordium"],"potions_floor_usage":[16,16],"damage_taken":[{"damage":0,"enemies":"Jaw Worm","floor":1,"turns":1},{"damage":0,"enemies":"2 Louse","floor":2,"turns":2},{"damage":0,"enemies":"Gremlin Nob","floor":6,"turns":1},{"damage":0,"enemies":"Cultist","floor":7,"turns":4},{"damage":3,"enemies":"Blue Slaver","floor":10,"turns":7},{"damage":33,"enemies":"3 Sentries","floor":11,"turns":11},{"damage":21,"enemies":"Lagavulin","floor":13,"turns":12},{"damage":8,"enemies":"Exordium Thugs","floor":14,"turns":6},{"damage":5,"enemies":"Slime Boss","floor":16,"turns":9}],"seed_played":"629116396713208146","potions_obtained":[{"floor":5,"key":"Strength Potion"},{"floor":5,"key":"EssenceOfSteel"},{"floor":7,"key":"blueLaboratory:BottleOfVodka"}],"is_trial":false,"path_per_floor":["M","M","?","?","?","E","M","R","T","M","E","R","E","M","R","B"],"character_chosen":"THE_DEFAULT","items_purchased":[],"campfire_rested":0,"item_purchase_floors":[],"current_hp_per_floor":[63,63,63,68,68,68,68,68,68,65,32,32,11,3,3,0,0],"gold":206,"neow_bonus":"THREE_ENEMY_KILL","is_daily":false,"chose_seed":false,"campfire_upgraded":3,"win_rate":0.0,"timestamp":1611173836,"path_taken":["M","M","?","?","?","E","M","R","T","M","E","R","E","?","R","BOSS"],"items_purchased_type":[],"build_version":"2020-12-22","purchased_purges":0,"victory":false,"max_hp_per_floor":[70,70,70,75,75,75,75,75,75,75,75,75,75,75,75,75,75],"relic_stats":{"counters":[9,52],"Smiling Mask":0,"obtain_stats":[{"theMarked:ArtifactOfAir":0,"infinitespire:BottledMercury":6,"bronze:BronzeCore":3,"NeowsBlessing":0,"infinitespire:Cubic Diamond":3,"Guardian:PocketSentry":13,"Smiling Mask":11},{"theMarked:ArtifactOfAir":0,"infinitespire:BottledMercury":3,"bronze:BronzeCore":2,"NeowsBlessing":0,"infinitespire:Cubic Diamond":2,"Guardian:PocketSentry":7,"Smiling Mask":6},{"theMarked:ArtifactOfAir":0,"infinitespire:BottledMercury":4,"bronze:BronzeCore":3,"NeowsBlessing":0,"infinitespire:Cubic Diamond":3,"Guardian:PocketSentry":38,"Smiling Mask":26}]},"card_choices":[{"not_picked":["theMarked:Improvise","theMarked:Reabsorb"],"picked":"theMarked:Standoff","floor":1},{"not_picked":["theMarked:Reabsorb","theMarked:Convert"],"picked":"theMarked:ParalyzingBlade","floor":2},{"not_picked":["theMarked:EnhanceMovement","theMarked:ElectricStrings"],"picked":"theMarked:ThrowWeapon","floor":6},{"not_picked":["theMarked:ElectricStrings","theMarked:RogueSparks"],"picked":"theMarked:TakeCover","floor":7},{"not_picked":["theMarked:HeritageOfTheMarked","theMarked:GodGivenPower","theMarked:Reabsorb"],"picked":"SKIP","floor":10},{"not_picked":["theMarked:Frustration","theMarked:Overthink","theMarked:Parkour"],"picked":"SKIP","floor":11},{"not_picked":["theMarked:LightningStrikesTwice","theMarked:RepellingDischarge","theMarked:ReduceFriction"],"picked":"SKIP","floor":13},{"not_picked":["theMarked:SwordAndMagic","theMarked:ChainLightning"],"picked":"theMarked:BindingBlade","floor":14}],"player_experience":1085913,"relics_obtained":[{"floor":6,"key":"infinitespire:BottledMercury"},{"floor":11,"key":"Smiling Mask"},{"floor":13,"key":"Guardian:PocketSentry"}],"event_choices":[{"damage_healed":0,"gold_gain":0,"player_choice":"Donut","damage_taken":0,"max_hp_gain":5,"max_hp_loss":0,"event_name":"Big Fish","floor":4,"gold_loss":0},{"damage_healed":0,"gold_gain":0,"player_choice":"Bought 2 Potions","damage_taken":0,"max_hp_gain":0,"max_hp_loss":0,"event_name":"The Woman in Blue","floor":5,"gold_loss":0}],"is_beta":false,"boss_relics":[],"items_purged_floors":[],"is_endless":false,"potions_floor_spawned":[7,11,13],"killed_by":"Slime Boss","ascension_level":6}}