{"host":"utcbn1j9ebmpc40m","time":1611102101,"event":{"mods":["BaseMod","Better Altar","Better Match","GifTheSpireLib","Minty Spire (QoL Compilation)","Poor People Problems","StSLib","SuperFastMode","The IronCluck","The Servant 0.9.4"],"gold_per_floor":[111,123,123,73,86,86,121,121,174,192,192,212,212,224,224,323,323,333,333,333,359,372,372,419,634,688,700,719,2,18,43,43,141,141,152,17,239,239,252,252,280,296,296,296,311,311,338,57,57,57,57],"floor_reached":50,"language":"ENG","playtime":1071,"items_purged":["Writhe","Writhe","Clumsy"],"score":620,"play_id":"398e9344-9d91-40e5-93f2-ea87605fc469","local_time":"20210119192141","is_ascension_mode":false,"campfire_choices":[{"data":"Perfected Strike","floor":6,"key":"SMITH"},{"data":"Spot Weakness","floor":8,"key":"SMITH"},{"data":"Heavy Blade","floor":11,"key":"SMITH"},{"data":"Entrench","floor":15,"key":"SMITH"},{"floor":23,"key":"REST"},{"floor":32,"key":"REST"},{"floor":40,"key":"REST"},{"floor":44,"key":"REST"},{"floor":46,"key":"REST"},{"floor":49,"key":"REST"}],"circlet_count":0,"master_deck":["Strike_R","Strike_R+1","Strike_R","Strike_R","Strike_R+1","Defend_R","Defend_R","Defend_R","Bash","Shrug It Off","True Grit+1","Perfected Strike+1","Spot Weakness+1","Parasite","Heavy Blade+1","Inflame","Entrench+1","Reaper","Headbutt","RitualDagger","Flex","Dark Embrace","Clumsy","Rupture+1","Feel No Pain+1","Bloodletting","Mayhem","Flex","Combust","Headbutt+1","Brutality","Limit Break","Cleave+1","Sentinel","Reaper","Thunderclap+1","Bloodletting","Parasite","Limit Break"],"relics":["Cursed Key","Orichalcum","Bottled Lightning","PreservedInsect","Snecko Eye","Red Skull","Red Mask","Whetstone","Old Coin","Art of War","Shovel","Bottled Tornado","Mark of Pain","Strawberry","Singing Bowl","Dead Branch","Oddly Smooth Stone"],"acts_visited":["Exordium","TheCity","TheBeyond"],"potions_floor_usage":[10,16,16,28,33,41,47,47],"damage_taken":[{"damage":2,"enemies":"Jaw Worm","floor":1,"turns":3},{"damage":0,"enemies":"Small Slimes","floor":2,"turns":4},{"damage":0,"enemies":"2 Louse","floor":5,"turns":3},{"damage":7,"enemies":"3 Sentries","floor":7,"turns":8},{"damage":0,"enemies":"Gremlin Gang","floor":10,"turns":4},{"damage":4,"enemies":"Blue Slaver","floor":12,"turns":2},{"damage":0,"enemies":"Large Slime","floor":14,"turns":3},{"damage":31,"enemies":"Hexaghost","floor":16,"turns":8},{"damage":0,"enemies":"Shell Parasite","floor":18,"turns":3},{"damage":21,"enemies":"Masked Bandits","floor":21,"turns":4},{"damage":27,"enemies":"3 Byrds","floor":22,"turns":5},{"damage":6,"enemies":"Snecko","floor":27,"turns":3},{"damage":23,"enemies":"Centurion and Healer","floor":28,"turns":5},{"damage":44,"enemies":"Shelled Parasite and Fungi","floor":30,"turns":4},{"damage":17,"enemies":"Gremlin Leader","floor":31,"turns":4},{"damage":21,"enemies":"Champ","floor":33,"turns":7},{"damage":6,"enemies":"3 Shapes","floor":35,"turns":2},{"damage":15,"enemies":"Orb Walker","floor":39,"turns":3},{"damage":96,"enemies":"Reptomancer","floor":41,"turns":5},{"damage":16,"enemies":"Spire Growth","floor":42,"turns":4},{"damage":34,"enemies":"Writhing Mass","floor":45,"turns":6},{"damage":45,"enemies":"Nemesis","floor":47,"turns":5},{"damage":50,"enemies":"Time Eater","floor":50,"turns":4}],"seed_played":"7092078424357291117","potions_obtained":[{"floor":2,"key":"Energy Potion"},{"floor":5,"key":"DuplicationPotion"},{"floor":12,"key":"Energy Potion"},{"floor":14,"key":"FairyPotion"},{"floor":21,"key":"Ancient Potion"},{"floor":31,"key":"DistilledChaos"},{"floor":39,"key":"DuplicationPotion"},{"floor":42,"key":"Fire Potion"},{"floor":45,"key":"BlessingOfTheForge"}],"is_trial":false,"path_per_floor":["M","M","?","?","M","R","E","R","T","M","R","M","?","M","R","B",null,"M","?","?","?","M","R","T","?","T","M","M","$","M","E","R","B",null,"M","$","?","?","M","R","E","M","T","R","M","R","E","$","R","B"],"character_chosen":"IRONCLAD","items_purchased":["Bloodletting","Shovel","Mayhem","Flex","Combust","Sentinel","Oddly Smooth Stone"],"campfire_rested":6,"item_purchase_floors":[29,29,29,29,29,36,48],"current_hp_per_floor":[78,78,78,78,78,78,71,71,71,71,71,67,67,67,67,36,80,80,74,74,59,38,62,62,62,62,60,37,37,24,23,47,34,80,79,79,79,79,64,80,14,27,27,53,27,53,9,9,35,0,0],"gold":57,"neow_bonus":"BOSS_RELIC","is_daily":false,"chose_seed":false,"campfire_upgraded":4,"win_rate":0.0,"timestamp":1611102101,"path_taken":["M","M","?","?","M","R","E","R","T","M","R","M","?","?","R","BOSS","M","?","?","?","M","R","?","?","T","M","?","$","M","E","R","BOSS","M","?","?","?","?","R","E","M","T","R","M","R","E","?","R","BOSS"],"items_purchased_type":["Card","Relic","Card","Card","Card","Card","Relic"],"build_version":"2020-12-22","purchased_purges":3,"victory":false,"max_hp_per_floor":[80,80,80,80,80,80,80,80,80,80,80,80,80,80,80,80,80,80,80,80,80,80,80,80,80,80,80,80,80,80,80,80,80,80,80,80,80,80,80,80,87,87,87,87,89,89,89,89,89,89,89],"card_choices":[{"not_picked":["Headbutt","Warcry"],"picked":"Shrug It Off","floor":1},{"not_picked":["Clothesline","Evolve"],"picked":"True Grit","floor":2},{"not_picked":["Thunderclap","Headbutt"],"picked":"Perfected Strike","floor":5},{"not_picked":["Headbutt","Battle Trance"],"picked":"Spot Weakness","floor":7},{"not_picked":["Anger","Power Through"],"picked":"Heavy Blade","floor":10},{"not_picked":["Metallicize","Shockwave"],"picked":"Inflame","floor":12},{"not_picked":["Reckless Charge","Disarm"],"picked":"Entrench","floor":14},{"not_picked":["Exhume","Double Tap"],"picked":"Reaper","floor":16},{"not_picked":["Clash","Anger"],"picked":"Headbutt","floor":18},{"not_picked":["Sentinel","Anger"],"picked":"Flex","floor":21},{"not_picked":["Entrench","Warcry"],"picked":"Dark Embrace","floor":22},{"not_picked":["True Grit","Havoc"],"picked":"Rupture+1","floor":27},{"not_picked":["Anger","Warcry+1"],"picked":"Feel No Pain+1","floor":28},{"not_picked":["Shrug It Off","Intimidate"],"picked":"Headbutt+1","floor":30},{"not_picked":["Anger","Shockwave"],"picked":"Brutality","floor":31},{"not_picked":["Brutality","Offering"],"picked":"Limit Break","floor":33},{"not_picked":["Blood for Blood","Havoc+1"],"picked":"Cleave+1","floor":35},{"not_picked":["Warcry","Sword Boomerang+1","Thunderclap"],"picked":"SKIP","floor":39},{"not_picked":["Twin Strike","Combust"],"picked":"Thunderclap+1","floor":41},{"not_picked":["Anger","Feel No Pain"],"picked":"Bloodletting","floor":42},{"not_picked":["Headbutt+1","Sentinel+1","Cleave"],"picked":"Singing Bowl","floor":45},{"not_picked":["Bludgeon","Wild Strike+1"],"picked":"Limit Break","floor":47}],"player_experience":501889,"relics_obtained":[{"floor":7,"key":"Bottled Lightning"},{"floor":9,"key":"PreservedInsect"},{"floor":21,"key":"Red Mask"},{"floor":24,"key":"Whetstone"},{"floor":26,"key":"Art of War"},{"floor":31,"key":"Bottled Tornado"},{"floor":41,"key":"Strawberry"},{"floor":43,"key":"Singing Bowl"},{"floor":47,"key":"Dead Branch"}],"event_choices":[{"damage_healed":0,"gold_gain":0,"player_choice":"Box","damage_taken":0,"relics_obtained":["Orichalcum"],"max_hp_gain":0,"max_hp_loss":0,"event_name":"Big Fish","floor":3,"gold_loss":0,"cards_obtained":["Regret"]},{"cards_removed":["Regret"],"damage_healed":0,"gold_gain":0,"player_choice":"Card Removal","damage_taken":0,"max_hp_gain":0,"max_hp_loss":0,"event_name":"The Cleric","floor":4,"gold_loss":50},{"damage_healed":0,"gold_gain":0,"player_choice":"Upgraded","damage_taken":0,"max_hp_gain":0,"max_hp_loss":0,"event_name":"Upgrade Shrine","floor":13,"gold_loss":0,"cards_upgraded":["True Grit"]},{"damage_healed":0,"gold_gain":0,"player_choice":"Joined the Cult","damage_taken":6,"max_hp_gain":0,"max_hp_loss":0,"event_name":"Nest","floor":19,"gold_loss":0,"cards_obtained":["RitualDagger"]},{"damage_healed":0,"gold_gain":0,"player_choice":"Opened","damage_taken":0,"relics_obtained":["Red Skull"],"max_hp_gain":0,"max_hp_loss":0,"event_name":"The Mausoleum","floor":20,"gold_loss":0,"cards_obtained":["Writhe"]},{"damage_healed":0,"gold_gain":0,"player_choice":"Fought Bandits","damage_taken":0,"max_hp_gain":0,"max_hp_loss":0,"event_name":"Masked Bandits","floor":21,"gold_loss":0},{"damage_healed":0,"gold_gain":0,"player_choice":"Obtained Relic","damage_taken":0,"relics_obtained":["Old Coin"],"max_hp_gain":0,"max_hp_loss":0,"event_name":"Addict","floor":25,"gold_loss":85},{"damage_healed":0,"gold_gain":222,"player_choice":"Wore Mask","damage_taken":0,"max_hp_gain":0,"max_hp_loss":0,"event_name":"Tomb of Lord Red Mask","floor":37,"gold_loss":0},{"damage_healed":0,"gold_gain":0,"cards_transformed":["Defend_R"],"player_choice":"Transformed","damage_taken":0,"max_hp_gain":0,"max_hp_loss":0,"event_name":"Transmorgrifier","floor":38,"gold_loss":0,"cards_obtained":["Reaper"]}],"is_beta":false,"boss_relics":[{"not_picked":["Velvet Choker","Runic Dome"],"picked":"Snecko Eye"},{"not_picked":["SlaversCollar","Philosopher\u0027s Stone"],"picked":"Mark of Pain"}],"items_purged_floors":[29,36,48],"is_endless":false,"potions_floor_spawned":[2,5,12,14,21,31,39,42,45],"killed_by":"Time Eater","ascension_level":0}}