{"host":"i58uscbei3sy5089","time":1611158642,"event":{"mods":["ATMod(阿瑾Mod)","Act Like it!","BaseMod","Challenge The Spire","Colored Powertips","Conspire","Gensokyo","Infinite Spire","KinomotoSakuraMod(木之本樱)","Lobotomy","LobotomyExtend","Minty Spire (QoL Compilation)","MostiFishMod","Quick Restart","Remilia（蕾米莉亚）","Replay The Spire","Shop Mod","Spicy Shops","StSLib","TestMod","The Alterego","UnlockEverythingMod","[IsaacMod]以撒尖塔","vexMod","【功能Mod】混沌之环修复补丁","【遗物卡牌】REMEMod","篝火指南"],"gold_per_floor":[119,132,132,12,12,71,71,71,71,71,71,471,471,471,248,346,346,361,374,374,374,374],"floor_reached":21,"language":"ZHS","playtime":1045,"items_purged":["Pain","Apo_Execute","BodiesMountain"],"score":262,"play_id":"9062fc74-3dd7-4695-b3c3-cf5ff83c6302","local_time":"20210121000402","is_ascension_mode":true,"campfire_choices":[{"data":"testmod-TradeIn","floor":7,"key":"SMITH"},{"data":"testmod-BloodBlade","floor":11,"key":"SMITH"}],"circlet_count":0,"master_deck":["Apo_Pray","Apo_SoulSlash","Apo_Charge","Apo_Charge","Apo_Charge","Apo_Charge","Apo_Beam","Apo_Beam","Apo_Beam","Apo_Slash","Apo_Slash","Apo_SoulSlash","TransientEternity","ClowCardTheVoice","OSAHOGD","MostiFishMod:Mania","Double Tap"],"relics":["ScarletHat","testmod-TestBox","DaveBox","AT_ATBox","REME_ComplimentaryCards","testmod-D_4","DiscerningMonocle","UnicornStump","CogitoBucket","RabbitCall","SynthV:TestCard","LetterFromLob","Gensokyo:LunaticRedEyes","Tiny Chest","StrikeDummy","Quantum Egg","Vajra","Toolbox","MerchantsRug","ReplayTheSpireMod:ShopPack","testmod-HeartOfDaVinci","Kunai","ApostleMask","infinitespire:WardingShard","REME_HourglassOfDeath","TheSmile_r","KSMOD_DarknessWand","SkinProphecy","White Beast Statue","testmod-Antiphasic","Toy Ornithopter","Burning Blood","vexMod:Spyglass","Brimstone"],"acts_visited":["Exordium","Gensokyo:Gensokyo"],"potions_floor_usage":[4],"damage_taken":[{"damage":2,"enemies":"Gensokyo:Gryphon","floor":1,"turns":2},{"damage":0,"enemies":"Gensokyo:Python","floor":2,"turns":2},{"damage":3,"enemies":"Gensokyo:Kokoro","floor":16,"turns":4},{"damage":4,"enemies":"Gensokyo:2_Gloops","floor":18,"turns":2},{"damage":0,"enemies":"Gensokyo:CosmicMonolith","floor":19,"turns":2}],"seed_played":"-1533214940651513543","potions_obtained":[{"floor":1,"key":"REME_GoldPotion"},{"floor":19,"key":"PowerPotion"}],"is_trial":false,"path_per_floor":["M","M","?","COS","?","$","R","T","T","M","R","?","M","T","R","B",null,"M","M","$","?"],"character_chosen":"REMILIA","items_purchased":["Tiny Chest","StrikeDummy","Quantum Egg","Vajra","Toolbox","Milkshake","AttackPotion","CultistPotion","MerchantsRug","Explosive Potion","ReplayTheSpireMod:ShopPack","REME_HourglassOfDeath","White Beast Statue","testmod-Antiphasic","Toy Ornithopter","Burning Blood","vexMod:Spyglass","Brimstone"],"campfire_rested":0,"item_purchase_floors":[6,6,6,6,6,6,6,6,6,6,6,15,20,20,20,20,20,20],"current_hp_per_floor":[75,75,75,75,75,75,75,75,75,75,75,75,75,75,75,72,72,68,68,68,68,68],"gold":374,"neow_bonus":"","is_daily":false,"chose_seed":false,"campfire_upgraded":2,"win_rate":0.0,"timestamp":1611158642,"path_taken":["M","M","?","COS","?","$","R","?","T","?","R","?","M","?","R","BOSS","M","M","?","?"],"items_purchased_type":["Relic","Relic","Relic","Relic","Relic","Potion","Potion","Potion","Relic","Potion","Relic","Relic","Relic","Relic","Relic","Relic","Relic","Relic"],"build_version":"2020-12-22","purchased_purges":3,"victory":false,"max_hp_per_floor":[75,75,75,75,75,75,75,75,75,75,75,75,75,75,75,75,75,75,75,75,75,75],"card_choices":[{"not_picked":["WallGazer","MeatLantern","Wellcheers"],"picked":"Singing Bowl","floor":1},{"not_picked":["Yin","HappyTeddy"],"picked":"BodiesMountain","floor":1},{"not_picked":["StarOfDavid","ForbiddenFruit"],"picked":"MastersStateliness","floor":1},{"not_picked":["OldLady","MeatLantern"],"picked":"WhiteNight","floor":2},{"not_picked":["FitfulNightmare","ScarletImprint","CharismaGuard","BloodHunter","RedNightlessCastle"],"picked":"SKIP","floor":2},{"not_picked":["AT_FalsePromise","testmod-EnhanceArmerment","testmod-TreasureHunter","MostiFishMod:BrokenBlackCloak"],"picked":"testmod-BloodBlade","floor":6},{"not_picked":["MostiFishMod:SupremeArchaeology","AT_Homeward","Forethought","testmod-AssimilatedRune"],"picked":"Bandage Up","floor":6},{"not_picked":["Deep Breath","Forethought","testmod-Reverberation","ReplayTheSpireMod:Private Reserves"],"picked":"testmod-TradeIn","floor":6},{"not_picked":["LittleHelper","UniverseFragment","Wellcheers"],"picked":"Singing Bowl","floor":16},{"not_picked":["BloodyHallows","ForecastOfChange","ChaoticDestiny","QueenOfMidnight"],"picked":"TransientEternity","floor":16},{"not_picked":["FairyFestival","CrumblingArmor","OldLady"],"picked":"Singing Bowl","floor":18},{"not_picked":["BlackSwan","QueenBee"],"picked":"OSAHOGD","floor":18},{"not_picked":["AfternoonTea","BombardNight+1","CharismaGuard","BloodyMagicSquare","Stigmanizer"],"picked":"SKIP","floor":18},{"not_picked":["MeatLantern","HeroicMonk","ShyLook"],"picked":"Singing Bowl","floor":19},{"not_picked":["VampireKiss","Maim","NightDance","ScarletDevil","GlobalNightmare"],"picked":"SKIP","floor":19}],"player_experience":644123,"relics_obtained":[{"floor":1,"key":"SynthV:TestCard"},{"floor":1,"key":"LetterFromLob"},{"floor":8,"key":"testmod-HeartOfDaVinci"},{"floor":9,"key":"Kunai"},{"floor":14,"key":"infinitespire:WardingShard"}],"event_choices":[{"damage_healed":0,"gold_gain":400,"player_choice":"Sell","damage_taken":0,"max_hp_gain":0,"max_hp_loss":0,"event_name":"恩洛斯的盘子","floor":12,"relics_lost":["HushsDoor"],"gold_loss":0}],"is_beta":false,"boss_relics":[{"not_picked":["Replay:Bronze Core","testmod-StringDisintegrator"],"picked":"KSMOD_DarknessWand"}],"items_purged_floors":[6,15,20],"is_endless":false,"potions_floor_spawned":[1,19],"ascension_level":3}}