{"host":"2l3i55whvwk76mom","time":1611107787,"event":{"mods":["BaseMod","Googly Eyes","Hermit","Hubris","Minty Spire (QoL Compilation)","Replay The Spire","StSLib","The Cursed","The Disciple","The Hierophant","The Jungle","The Necromancer"],"gold_per_floor":[114,132,56,81,100,100,133,151,151,173,189,219,219,11,11,109,109,120,130,55,79,38,73,73,105,105,121,149,159,159,177,177,273,273,287,299,199,217,217,217,217],"floor_reached":40,"language":"ENG","playtime":1668,"items_purged":["Strike_G","Strike_G"],"score":553,"play_id":"113b977f-ace7-4b8f-b8da-45301fb055a9","local_time":"20210119175627","is_ascension_mode":true,"campfire_choices":[{"data":"Crippling Poison","floor":6,"key":"SMITH"},{"floor":15,"key":"REST"},{"floor":24,"key":"REST"},{"floor":30,"key":"REST"},{"floor":32,"key":"REST"}],"circlet_count":0,"master_deck":["Strike_G","Strike_G","Strike_G","Defend_G","Defend_G","Defend_G","Defend_G+1","Defend_G+1","Survivor","Neutralize+1","Blur","Crippling Poison+1","Noxious Fumes","Deadly Poison","Deadly Poison","Flechettes","Poisoned Stab","Footwork","Backflip","Adrenaline","Atom Bomb","Toxin Wave","Catalyst+1","Footwork","Well Laid Plans","Adrenaline","PiercingWail+1","Noxious Fumes","Burst","Bouncing Flask+1"],"relics":["Ring of the Snake","NeowsBlessing","Orichalcum","Tiny Chest","hubris:TinFlute","Odd Mushroom","Blue Doll","TwistedFunnel","ChewingGum","Gremlin Food","Turnip","PreservedInsect","Pear","hubris:Backtick","Snake Skull"],"acts_visited":["Exordium","TheCity","TheBeyond"],"potions_floor_usage":[10,16,23,33,33],"damage_taken":[{"damage":0,"enemies":"Cultist","floor":1,"turns":1},{"damage":0,"enemies":"Jaw Worm","floor":2,"turns":1},{"damage":0,"enemies":"2 Louse","floor":5,"turns":1},{"damage":16,"enemies":"3 Sentries","floor":7,"turns":6},{"damage":6,"enemies":"Looter","floor":8,"turns":4},{"damage":10,"enemies":"The Mushroom Lair","floor":10,"turns":4},{"damage":0,"enemies":"Exordium Thugs","floor":11,"turns":3},{"damage":23,"enemies":"Gremlin Nob","floor":12,"turns":5},{"damage":31,"enemies":"Slime Boss","floor":16,"turns":11},{"damage":4,"enemies":"3 Byrds","floor":18,"turns":3},{"damage":0,"enemies":"Spheric Guardian","floor":19,"turns":3},{"damage":20,"enemies":"Book of Stabbing","floor":23,"turns":4},{"damage":16,"enemies":"Gremlin Leader","floor":25,"turns":5},{"damage":6,"enemies":"Centurion and Healer","floor":27,"turns":4},{"damage":17,"enemies":"Book of Stabbing","floor":28,"turns":3},{"damage":12,"enemies":"Snake Plant","floor":29,"turns":2},{"damage":15,"enemies":"Shelled Parasite and Fungi","floor":31,"turns":4},{"damage":45,"enemies":"Collector","floor":33,"turns":6},{"damage":2,"enemies":"Orb Walker","floor":35,"turns":2},{"damage":17,"enemies":"3 Shapes","floor":36,"turns":3},{"damage":2,"enemies":"Jaw Worm Horde","floor":38,"turns":2},{"damage":66,"enemies":"Time Eater","floor":40,"turns":9}],"seed_played":"-8705825520599978629","potions_obtained":[{"floor":7,"key":"Adrenaline Potion"},{"floor":12,"key":"Explosive Potion"},{"floor":19,"key":"Dexterity Potion"},{"floor":25,"key":"Elixir"},{"floor":28,"key":"Elixir"},{"floor":29,"key":"Explosive Potion"},{"floor":31,"key":"Energy Potion"},{"floor":36,"key":"Elixir"},{"floor":38,"key":"Milkshake"}],"is_trial":false,"path_per_floor":["M","M","$","T","M","R","E","M","T","?","M","E","?","$","R","B",null,"M","M","$","T","$","E","R","E","T","M","E","M","R","M","R","B",null,"M","M","$","M","?","B"],"character_chosen":"THE_SILENT","items_purchased":["Noxious Fumes","TwistedFunnel","Adrenaline","Catalyst+1"],"campfire_rested":4,"item_purchase_floors":[3,14,14,22],"current_hp_per_floor":[70,70,70,70,70,70,54,48,48,38,38,15,15,15,36,5,70,66,66,66,66,66,46,67,51,51,45,38,26,50,35,59,14,80,78,61,61,59,59,0,0],"gold":217,"neow_bonus":"THREE_ENEMY_KILL","is_daily":false,"chose_seed":false,"campfire_upgraded":1,"win_rate":0.0,"timestamp":1611107787,"path_taken":["M","M","$","?","M","R","E","?","T","?","M","E","?","$","R","BOSS","M","M","$","?","?","E","R","E","T","M","E","?","R","M","R","BOSS","M","M","$","M","?","BOSS"],"items_purchased_type":["Card","Relic","Card","Card"],"build_version":"2020-12-22","purchased_purges":2,"victory":false,"max_hp_per_floor":[70,70,70,70,70,70,70,70,70,70,70,70,70,70,70,70,70,70,70,70,70,70,70,70,70,70,70,80,80,80,80,80,80,80,80,80,80,80,80,80,80],"card_choices":[{"not_picked":["Outmaneuver","ReplayTheSpireMod:Speed Training"],"picked":"Blur","floor":1},{"not_picked":["Flying Knee","Sucker Punch"],"picked":"Crippling Poison","floor":2},{"not_picked":["Poisoned Stab","Eviscerate"],"picked":"Deadly Poison","floor":5},{"not_picked":["Heel Hook","Quick Slash"],"picked":"Deadly Poison","floor":7},{"not_picked":["Underhanded Strike","Tactician","Outmaneuver"],"picked":"SKIP","floor":8},{"not_picked":["Cloak And Dagger","Hidden Blade"],"picked":"Flechettes","floor":10},{"not_picked":["Cloak And Dagger","Slice"],"picked":"Poisoned Stab","floor":11},{"not_picked":["Prepared","Bullet Time"],"picked":"Footwork","floor":12},{"not_picked":["Malaise","Adrenaline"],"picked":"Atom Bomb","floor":16},{"not_picked":["Slice","Dagger Throw","Calculated Gamble+1"],"picked":"SKIP","floor":18},{"not_picked":["Calculated Gamble","Heel Hook"],"picked":"Toxin Wave","floor":19},{"not_picked":["Underhanded Strike","Poisoned Stab"],"picked":"Footwork","floor":23},{"not_picked":["Adrenaline","ReplayTheSpireMod:Shiv Toss"],"picked":"Well Laid Plans","floor":25},{"not_picked":["Hidden Blade+1","Outmaneuver","Slice"],"picked":"SKIP","floor":27},{"not_picked":["hubris:Counter","Escape Plan"],"picked":"Adrenaline","floor":28},{"not_picked":["Footwork","Acrobatics"],"picked":"PiercingWail+1","floor":29},{"not_picked":["hubris:Sniper","Underhanded Strike+1"],"picked":"Noxious Fumes","floor":31},{"not_picked":["Bullet Time","Envenom"],"picked":"Burst","floor":33},{"not_picked":["Predator","Dagger Throw","Slice"],"picked":"SKIP","floor":35},{"not_picked":["Blade Dance+1","Sucker Punch+1","Eviscerate+1"],"picked":"SKIP","floor":36},{"not_picked":["Dagger Throw+1","PiercingWail+1"],"picked":"Bouncing Flask+1","floor":38}],"player_experience":302080,"relics_obtained":[{"floor":4,"key":"Orichalcum"},{"floor":7,"key":"Tiny Chest"},{"floor":9,"key":"hubris:TinFlute"},{"floor":10,"key":"Odd Mushroom"},{"floor":12,"key":"Blue Doll"},{"floor":21,"key":"Gremlin Food"},{"floor":23,"key":"Turnip"},{"floor":25,"key":"PreservedInsect"},{"floor":28,"key":"Pear"}],"event_choices":[{"damage_healed":0,"gold_gain":0,"player_choice":"Fought Mushrooms","damage_taken":0,"max_hp_gain":0,"max_hp_loss":0,"event_name":"Mushrooms","floor":10,"gold_loss":0},{"damage_healed":0,"gold_gain":0,"player_choice":"Took Portal","damage_taken":0,"max_hp_gain":0,"max_hp_loss":0,"event_name":"SecretPortal","floor":39,"gold_loss":0}],"is_beta":false,"boss_relics":[{"not_picked":["Tiny House","Replay:Wanted Poster"],"picked":"ChewingGum"},{"not_picked":["Ring of the Serpent","ReplayTheSpireMod:DimensionalGlitch"],"picked":"hubris:Backtick"}],"items_purged_floors":[20,37],"is_endless":false,"potions_floor_spawned":[7,12,19,25,28,29,31,36,38],"killed_by":"Time Eater","ascension_level":3}}