{"host":"7f01flv6y0vhl3vt","time":1611170649,"event":{"mods":["Act Like it!","BaseMod","Downfall","Minty Spire (QoL Compilation)","StSLib"],"gold_per_floor":[99,9,27,12,12,32,112,12,22,42,42,142,172,622,641,641,641,641],"floor_reached":16,"language":"ENG","playtime":9380,"items_purged":["Regret"],"score":100,"play_id":"b140323b-11e9-40b8-9dd6-183531f44d9b","local_time":"20210120142409","is_ascension_mode":false,"campfire_choices":[{"floor":1,"key":"RECALL"},{"data":"hexamod:ForkedFlame","floor":8,"key":"SMITH"},{"data":"hexamod:EmpoweredFlame","floor":11,"key":"SMITH"}],"circlet_count":0,"master_deck":["hexamod:Strike","hexamod:Strike","hexamod:Strike","hexamod:Strike","hexamod:Defend","hexamod:Defend","hexamod:Defend","hexamod:Defend","hexamod:Sear","hexamod:Float","hexamod:GhostShield","hexamod:HeatMetal","hexamod:ForkedFlame+1","hexamod:EmpoweredFlame+1","hexamod:ChargedBarrage","hexamod:SkipABeat","hexamod:ParanormalForm","downfall:Icky","downfall:Icky","downfall:Icky","hexamod:GhostOfSpireFuture"],"relics":["hexamod:SpiritBrand","Bird Faced Urn","downfall:HeartBlessingBlue","Blood Vial"],"acts_visited":[],"potions_floor_usage":[13,13],"damage_taken":[{"damage":4,"enemies":"downfall:FleeingMerchant","floor":2,"turns":4},{"damage":2,"enemies":"Small Slimes","floor":3,"turns":3},{"damage":4,"enemies":"downfall:FleeingMerchant","floor":4,"turns":4},{"damage":0,"enemies":"Cultist","floor":6,"turns":3},{"damage":6,"enemies":"Jaw Worm","floor":9,"turns":2},{"damage":0,"enemies":"3 Louse","floor":10,"turns":3},{"damage":30,"enemies":"Lagavulin","floor":13,"turns":5},{"damage":24,"enemies":"Blue Slaver","floor":15,"turns":4},{"damage":58,"enemies":"IC_STATUS_ARCHETYPE","floor":16,"turns":8}],"seed_played":"519916295925180880","potions_obtained":[{"floor":3,"key":"Weak Potion"},{"floor":5,"key":"hexamod:EctoCoolerPotion"},{"floor":5,"key":"FairyPotion"},{"floor":6,"key":"Dexterity Potion"}],"is_trial":false,"path_per_floor":["R","$","M","$","?","M","T","R","M","M","R","?","E","?","M","B"],"character_chosen":"THE_SPIRIT","items_purchased":[],"campfire_rested":0,"item_purchase_floors":[],"current_hp_per_floor":[70,66,64,60,60,60,60,70,64,66,66,66,38,38,20,0,0,0],"gold":641,"neow_bonus":"ONE_RARE_RELIC","is_daily":false,"chose_seed":false,"campfire_upgraded":2,"win_rate":0.0,"timestamp":1611170649,"path_taken":["R","$","M","$","?","M","T","R","M","?","R","?","E","?","M","BOSS"],"items_purchased_type":[],"build_version":"2020-12-22","purchased_purges":1,"victory":false,"max_hp_per_floor":[70,70,70,70,70,70,70,80,80,80,80,80,80,80,80,80,80,80],"card_choices":[{"not_picked":["hexamod:SpectersWail","hexamod:BurningTouch"],"picked":"hexamod:GhostShield","floor":2},{"not_picked":["hexamod:Firestarter","hexamod:SuperheatedStrike"],"picked":"hexamod:HeatMetal","floor":3},{"not_picked":["hexamod:Hexaguard","hexamod:EmpoweredFlame"],"picked":"hexamod:ForkedFlame","floor":4},{"not_picked":["hexamod:NightmareGuise","hexamod:PhantomFireball"],"picked":"hexamod:EmpoweredFlame","floor":6},{"not_picked":["hexamod:GhostLash","hexamod:ThermalTransfer"],"picked":"hexamod:ChargedBarrage","floor":9},{"not_picked":["hexamod:HeatMetal","hexamod:GhostShield"],"picked":"hexamod:SkipABeat","floor":10},{"not_picked":["hexamod:NecessarySacrifice","hexamod:HeatShield"],"picked":"hexamod:ParanormalForm","floor":13},{"not_picked":["hexamod:GhostLash","hexamod:AdvancingGuard"],"picked":"hexamod:GhostOfSpireFuture","floor":15}],"player_experience":1316325,"relics_obtained":[{"floor":13,"key":"Blood Vial"}],"event_choices":[{"damage_healed":0,"gold_gain":0,"player_choice":"Got Potions","damage_taken":0,"max_hp_gain":0,"max_hp_loss":0,"event_name":"Lab","floor":5,"gold_loss":0}],"is_beta":false,"boss_relics":[],"items_purged_floors":[2],"is_endless":false,"potions_floor_spawned":[3,6],"killed_by":"IC_STATUS_ARCHETYPE","ascension_level":0}}