{"host":"vyjryxuuuxkt43k4","time":1611130323,"event":{"mods":["AchievementEnabler","BaseMod","Colored Map","DeckTracker","Keyboard Shortcuts","Minty Spire (QoL Compilation)","Permanent Neow","Quick Restart","Rare Cards Sparkle","StSLib","SuperFastMode","everything is the same but u backflip on backflip"],"gold_per_floor":[19,38,113,192,5,5,20,20,45,65,96,111,61,87,87,189,189,202,222,222,234,107,107,107,117,117,117,132,200,349,377,377,472,472,484,497,222,235,245,277,297,397,397,397,407,436,536,549,549,549],"floor_reached":51,"language":"KOR","playtime":4280,"items_purged":[],"score":1034,"play_id":"819e8467-1102-4cf2-9a4d-d949a1e7d873","local_time":"20210120171203","is_ascension_mode":true,"campfire_choices":[{"data":"Crippling Poison","floor":6.0,"key":"SMITH"},{"data":"Dagger Spray","floor":8.0,"key":"SMITH"},{"data":"Footwork","floor":15.0,"key":"SMITH"},{"data":"Venomology","floor":23.0,"key":"SMITH"},{"data":"Well Laid Plans","floor":27.0,"key":"SMITH"},{"data":"A Thousand Cuts","floor":32,"key":"SMITH"},{"floor":49,"key":"REST"}],"circlet_count":0,"master_deck":["Strike_G","Strike_G","Strike_G","Strike_G","Defend_G","Defend_G","Defend_G","Defend_G","Survivor","Neutralize","Burst","Caltrops","Dagger Throw","Cloak And Dagger","Crippling Poison+1","Dagger Spray+1","Dash","Footwork+1","Blade Dance","Noxious Fumes","Venomology+1","Infinite Blades+1","Blade Dance+1","Footwork","Well Laid Plans+1","PiercingWail","A Thousand Cuts+1","After Image","Blur","PiercingWail","Backflip","Dodge and Roll+1","Prepared+1","Concentrate+1"],"relics":["Ring of the Snake","StrikeDummy","Nunchaku","Potion Belt","Shuriken","Pen Nib","SacredBark","SsserpentHead","Paper Crane","Bag of Preparation","Fusion Hammer","MealTicket","Bag of Marbles","Calipers","Frozen Egg 2","Ice Cream"],"acts_visited":["Exordium","TheCity","TheBeyond"],"potions_floor_usage":[31,31,33,33,33,33,38,38,38,40,40,40,41,41,42,42,42,42,44,44,44,45,45,45,45,45,46,46,47,47,48,50,50,50,50,50,50,50],"damage_taken":[{"damage":0.0,"enemies":"Small Slimes","floor":1.0,"turns":5.0},{"damage":0.0,"enemies":"Jaw Worm","floor":2.0,"turns":7.0},{"damage":4.0,"enemies":"Cultist","floor":7.0,"turns":3.0},{"damage":0.0,"enemies":"Large Slime","floor":10.0,"turns":3.0},{"damage":18.0,"enemies":"Lagavulin","floor":11.0,"turns":6.0},{"damage":0.0,"enemies":"Lots of Slimes","floor":12.0,"turns":1.0},{"damage":6.0,"enemies":"Gremlin Nob","floor":14.0,"turns":3.0},{"damage":10.0,"enemies":"The Guardian","floor":16.0,"turns":10.0},{"damage":0.0,"enemies":"3 Byrds","floor":18.0,"turns":3.0},{"damage":0.0,"enemies":"Spheric Guardian","floor":19.0,"turns":4.0},{"damage":0.0,"enemies":"Snake Plant","floor":21.0,"turns":4.0},{"damage":0.0,"enemies":"Sentry and Sphere","floor":25.0,"turns":3.0},{"damage":1.0,"enemies":"3 Cultists","floor":28.0,"turns":3.0},{"damage":9.0,"enemies":"Chosen and Byrds","floor":29.0,"turns":5.0},{"damage":4,"enemies":"Slavers","floor":31,"turns":4},{"damage":15,"enemies":"Champ","floor":33,"turns":8},{"damage":7,"enemies":"Orb Walker","floor":35,"turns":5},{"damage":36,"enemies":"3 Darklings","floor":36,"turns":3},{"damage":24,"enemies":"Maw","floor":38,"turns":7},{"damage":0,"enemies":"Sphere and 2 Shapes","floor":39,"turns":4},{"damage":7,"enemies":"Nemesis","floor":40,"turns":8},{"damage":0,"enemies":"Spire Growth","floor":41,"turns":3},{"damage":10,"enemies":"2 Orb Walkers","floor":42,"turns":4},{"damage":9,"enemies":"Reptomancer","floor":44,"turns":3},{"damage":1,"enemies":"Transient","floor":45,"turns":5},{"damage":2,"enemies":"Giant Head","floor":46,"turns":10},{"damage":0,"enemies":"Mind Bloom Boss Battle","floor":47,"turns":7},{"damage":25,"enemies":"3 Darklings","floor":48,"turns":6},{"damage":39,"enemies":"Time Eater","floor":50,"turns":12}],"seed_played":"1561824396561817661","potions_obtained":[{"floor":2.0,"key":"Regen Potion"},{"floor":7.0,"key":"DistilledChaos"},{"floor":10.0,"key":"Block Potion"},{"floor":14.0,"key":"DuplicationPotion"},{"floor":18.0,"key":"Block Potion"},{"floor":19.0,"key":"Explosive Potion"},{"floor":28.0,"key":"Poison Potion"},{"floor":36,"key":"Poison Potion"},{"floor":40,"key":"Block Potion"},{"floor":41,"key":"AttackPotion"},{"floor":46,"key":"AttackPotion"}],"is_trial":false,"path_per_floor":["M","M","?","T","$","R","M","R","T","M","E","M","$","E","R","B",null,"M","M","?","M","$","R","$","M","T","R","M","M","?","E","R","B",null,"M","M","$","M","M","E","M","?","T","E","M","E","?","M","R","B",null],"character_chosen":"THE_SILENT","items_purchased":["Crippling Poison","Nunchaku","Block Potion","Well Laid Plans","PiercingWail","Regen Potion","Backflip","MealTicket"],"campfire_rested":1,"item_purchase_floors":[5,5,13,22,22,37,37,37],"current_hp_per_floor":[63,63,52,52,52,52,48,48,48,48,42,42,42,36,36,26,59,59,59,59,59,59,59,59,59,59,59,58,49,49,45,45,30,60,53,17,17,42,42,35,35,25,25,16,15,62,62,37,58,19],"gold":549,"neow_bonus":"TRANSFORM_TWO_CARDS","is_daily":false,"chose_seed":false,"campfire_upgraded":6,"win_rate":0.0,"timestamp":1611130323,"path_taken":["M","M","?","?","?","R","?","R","T","M","E","M","$","E","R","BOSS","M","M","?","M","$","R","$","M","T","R","M","?","?","E","R","BOSS","M","M","$","M","M","E","M","?","T","E","M","E","?","M","R","BOSS"],"items_purchased_type":["Card","Relic","Potion","Card","Card","Potion","Card","Relic"],"build_version":"2020-12-22","purchased_purges":0,"victory":true,"max_hp_per_floor":[70,70,70,70,70,70,70,70,70,70,70,70,70,70,70,70,70,70,70,70,70,70,70,70,70,70,70,70,70,70,70,70,70,70,70,70,70,70,70,70,70,70,70,70,70,70,70,70,70,70],"card_choices":[{"not_picked":["Prepared","Acrobatics"],"picked":"Dagger Throw","floor":1.0},{"not_picked":["PiercingWail","Backflip"],"picked":"Cloak And Dagger","floor":2.0},{"not_picked":["Skewer","Venomology"],"picked":"Dagger Spray","floor":7.0},{"not_picked":["Deflect","Blade Dance"],"picked":"Dash","floor":10.0},{"not_picked":["Caltrops","Sucker Punch"],"picked":"Footwork","floor":11.0},{"not_picked":["Dagger Spray","Bane"],"picked":"Blade Dance","floor":12.0},{"not_picked":["Outmaneuver","Dash"],"picked":"Noxious Fumes","floor":14.0},{"not_picked":["Burst","Unload"],"picked":"Venomology","floor":16.0},{"not_picked":["Blade Dance","Masterful Stab+1"],"picked":"Infinite Blades+1","floor":18.0},{"not_picked":["Dagger Throw","Calculated Gamble"],"picked":"Blade Dance+1","floor":19.0},{"not_picked":["Cloak And Dagger","Blade Dance+1"],"picked":"Footwork","floor":21.0},{"not_picked":["Slice","Poisoned Stab","Dagger Throw+1"],"picked":"SKIP","floor":25.0},{"not_picked":["Quick Slash","Backstab","Dagger Throw"],"picked":"SKIP","floor":28.0},{"not_picked":["Acrobatics","Dagger Spray","Slice"],"picked":"SKIP","floor":29.0},{"not_picked":["Outmaneuver+1","Quick Slash"],"picked":"A Thousand Cuts","floor":31},{"not_picked":["Corpse Explosion","Unload"],"picked":"After Image","floor":33},{"not_picked":["Slice","Deadly Poison+1"],"picked":"Blur","floor":35},{"not_picked":["Blade Dance","Sucker Punch"],"picked":"PiercingWail","floor":36},{"not_picked":["Slice+1","Bane","Masterful Stab+1"],"picked":"SKIP","floor":38},{"not_picked":["Deflect+1","Corpse Explosion"],"picked":"Dodge and Roll+1","floor":39},{"not_picked":["Noxious Fumes+1","Flying Knee","Bouncing Flask+1"],"picked":"SKIP","floor":40},{"not_picked":["Dagger Throw+1","Poisoned Stab"],"picked":"Prepared+1","floor":41},{"not_picked":["Finisher+1","Deadly Poison+1","Dagger Spray+1"],"picked":"SKIP","floor":45},{"not_picked":["Expertise+1","Flying Knee","Dodge and Roll"],"picked":"SKIP","floor":46},{"not_picked":["Backstab+1","Predator+1"],"picked":"Concentrate+1","floor":48}],"player_experience":147469,"relics_obtained":[{"floor":4.0,"key":"StrikeDummy"},{"floor":9.0,"key":"Potion Belt"},{"floor":11.0,"key":"Shuriken"},{"floor":14.0,"key":"Pen Nib"},{"floor":26.0,"key":"Paper Crane"},{"floor":31,"key":"Bag of Preparation"},{"floor":40,"key":"Bag of Marbles"},{"floor":42,"key":"Calipers"},{"floor":46,"key":"Frozen Egg 2"},{"floor":47,"key":"Ice Cream"}],"event_choices":[{"damage_healed":0.0,"max_hp_gain":0.0,"max_hp_loss":0.0,"gold_gain":75.0,"event_name":"World of Goop","player_choice":"Gather Gold","floor":3.0,"gold_loss":0.0,"damage_taken":11.0},{"damage_healed":0.0,"max_hp_gain":0.0,"max_hp_loss":0.0,"gold_gain":0.0,"event_name":"FaceTrader","player_choice":"Trade","floor":20.0,"gold_loss":0.0,"damage_taken":0.0,"relics_obtained":["SsserpentHead"]},{"damage_healed":0.0,"max_hp_gain":0.0,"max_hp_loss":0.0,"gold_gain":99.0,"event_name":"Nest","player_choice":"Stole From Cult","floor":30.0,"gold_loss":0.0,"damage_taken":0.0},{"damage_healed":0,"gold_gain":0,"player_choice":"Fight","damage_taken":0,"max_hp_gain":0,"max_hp_loss":0,"event_name":"Mysterious Sphere","floor":42,"gold_loss":0},{"damage_healed":0,"gold_gain":0,"player_choice":"Fight","damage_taken":0,"max_hp_gain":0,"max_hp_loss":0,"event_name":"MindBloom","floor":47,"gold_loss":0}],"is_beta":false,"boss_relics":[{"not_picked":["Calling Bell","Philosopher\u0027s Stone"],"picked":"SacredBark"},{"not_picked":["Sozu","Velvet Choker"],"picked":"Fusion Hammer"}],"items_purged_floors":[],"is_endless":false,"potions_floor_spawned":[2,7,10,14,18,19,28,36,40,41,46,47],"ascension_level":8}}