{"host":"r53pw7z744tg3fxg","time":1611101830,"event":{"mods":["AchievementEnabler","BaseMod","Colored Map","Colored Powertips","Highlight Path","Minty Spire (QoL Compilation)","Quick Restart","Transform Curses"],"gold_per_floor":[118,118,133,57,75,108,108,108,108,7,35,35,66,66,66,143,143,163,84,84,84,84,84,117,117,197,228,228,254,274,38,38,121,121,149,66,121,146,446,486,486,21,75,75,75,75,40,40,40,40],"floor_reached":51,"language":"ENG","playtime":2004,"items_purged":["Pain"],"score":1462,"play_id":"cb455a53-524b-4f45-8803-96281b5989b2","local_time":"20210119171710","is_ascension_mode":true,"campfire_choices":[{"floor":7.0,"key":"REST"},{"floor":15.0,"key":"REST"},{"data":"ForeignInfluence","floor":23.0,"key":"SMITH"},{"floor":25.0,"key":"REST"},{"floor":32.0,"key":"REST"},{"floor":41.0,"key":"REST"},{"data":"Discovery","floor":44,"key":"SMITH"},{"floor":45,"key":"REST"},{"data":"Devotion","floor":49,"key":"SMITH"}],"circlet_count":0,"master_deck":["AscendersBane","Strike_P+1","Strike_P+1","Strike_P+1","Strike_P+1","Defend_P+1","Defend_P+1","Defend_P+1","Defend_P+1","Eruption+1","Vigilance","EmptyBody","Evaluate+1","InnerPeace","Consecrate","WheelKick","ReachHeaven","DeusExMachina","PathToVictory+1","ForeignInfluence+1","Wallop","CutThroughFate","ClearTheMind+1","TalkToTheHand","Devotion+1","SashWhip+1","Trip","Crescendo+1","LessonLearned","Perseverance","Discovery+1","Tantrum","DeceiveReality"],"relics":["PureWater","WingedGreaves","Mango","Mercury Hourglass","GoldenEye","Juzu Bracelet","White Beast Statue","Busted Crown","MutagenicStrength","Blood Vial","Incense Burner","InkBottle","CeramicFish","Smiling Mask","Oddly Smooth Stone","VioletLotus","TungstenRod","Ice Cream","Anchor","StrikeDummy","Damaru"],"acts_visited":["Exordium","TheCity","TheBeyond"],"potions_floor_usage":[50],"damage_taken":[{"damage":2.0,"enemies":"2 Louse","floor":1.0,"turns":3.0},{"damage":8.0,"enemies":"Cultist","floor":3.0,"turns":3.0},{"damage":2.0,"enemies":"Jaw Worm","floor":5.0,"turns":3.0},{"damage":12.0,"enemies":"3 Sentries","floor":6.0,"turns":5.0},{"damage":12.0,"enemies":"Lagavulin","floor":11.0,"turns":5.0},{"damage":6.0,"enemies":"3 Sentries","floor":13.0,"turns":4.0},{"damage":57.0,"enemies":"Hexaghost","floor":16.0,"turns":6.0},{"damage":0.0,"enemies":"Spheric Guardian","floor":18.0,"turns":3.0},{"damage":26.0,"enemies":"Gremlin Leader","floor":24.0,"turns":6.0},{"damage":17.0,"enemies":"Slavers","floor":27.0,"turns":3.0},{"damage":9.0,"enemies":"Book of Stabbing","floor":29.0,"turns":3.0},{"damage":0.0,"enemies":"3 Byrds","floor":30.0,"turns":3.0},{"damage":75.0,"enemies":"Automaton","floor":33.0,"turns":10.0},{"damage":0.0,"enemies":"3 Shapes","floor":35.0,"turns":4.0},{"damage":1.0,"enemies":"2 Orb Walkers","floor":37.0,"turns":3.0},{"damage":18.0,"enemies":"Mind Bloom Boss Battle","floor":38.0,"turns":5.0},{"damage":40.0,"enemies":"Reptomancer","floor":40.0,"turns":5.0},{"damage":29,"enemies":"Awakened One","floor":50,"turns":14}],"seed_played":"2849188176672816081","potions_obtained":[{"floor":5.0,"key":"Fruit Juice"},{"floor":13.0,"key":"Block Potion"},{"floor":16.0,"key":"ColorlessPotion"},{"floor":18.0,"key":"Energy Potion"},{"floor":24.0,"key":"Explosive Potion"},{"floor":27.0,"key":"Dexterity Potion"},{"floor":29.0,"key":"LiquidMemories"},{"floor":30.0,"key":"FearPotion"},{"floor":33.0,"key":"StancePotion"},{"floor":35.0,"key":"DuplicationPotion"},{"floor":37.0,"key":"BottledMiracle"},{"floor":38.0,"key":"BlessingOfTheForge"},{"floor":40.0,"key":"Dexterity Potion"}],"is_trial":false,"path_per_floor":["M","?","M","$","M","E","R","?","T","$","E","?","E","?","R","B",null,"M","$","?","?","?","R","E","R","T","E","?","E","M","$","R","B",null,"M","$","?","?","?","E","R","$","T","R","R","?","$","?","R","B",null],"character_chosen":"WATCHER","items_purchased":["BattleHymn","Consecrate","ForeignInfluence","Oddly Smooth Stone","TalkToTheHand","Trip","StrikeDummy","Perseverance","Discovery","Tantrum","DeceiveReality"],"campfire_rested":6,"item_purchase_floors":[4,10,19,31,31,36,42,42,42,42,47],"current_hp_per_floor":[59,59,51,51,54,56,82,64,64,64,52,52,46,51,77,20,70,70,70,70,70,70,70,46,72,72,57,57,50,52,52,78,5,67,69,69,70,54,54,16,42,42,42,42,68,68,68,68,68,41],"gold":40,"neow_bonus":"ONE_RARE_RELIC","is_daily":false,"chose_seed":false,"campfire_upgraded":3,"win_rate":0.0,"timestamp":1611101830,"path_taken":["M","?","?","$","M","E","R","?","T","?","E","?","E","?","R","BOSS","M","?","?","?","?","R","E","R","T","E","?","E","M","$","R","BOSS","M","$","?","?","?","E","R","$","T","R","R","?","?","?","R","BOSS"],"items_purchased_type":["Card","Card","Card","Relic","Card","Card","Relic","Card","Card","Card","Card"],"build_version":"2020-12-22","purchased_purges":1,"victory":true,"max_hp_per_floor":[68,68,68,68,73,87,87,87,87,87,87,87,87,87,87,87,87,87,87,87,87,87,87,87,87,87,87,87,87,87,87,87,87,87,87,87,87,87,87,87,87,87,87,87,87,87,87,87,87,87],"card_choices":[{"not_picked":["PathToVictory","CutThroughFate"],"picked":"EmptyBody","floor":1.0},{"not_picked":["Prostrate","Study"],"picked":"Evaluate","floor":3.0},{"not_picked":["Wireheading","CutThroughFate"],"picked":"InnerPeace","floor":5.0},{"not_picked":["Indignation","CutThroughFate"],"picked":"Halt","floor":6.0},{"not_picked":["WaveOfTheHand","CrushJoints"],"picked":"WheelKick","floor":11.0},{"not_picked":["ThirdEye","CutThroughFate"],"picked":"ReachHeaven","floor":13.0},{"not_picked":["Alpha","ConjureBlade"],"picked":"DeusExMachina","floor":16.0},{"not_picked":[],"picked":"PathToVictory+1","floor":18.0},{"not_picked":[],"picked":"CutThroughFate","floor":24.0},{"not_picked":["EmptyFist"],"picked":"SKIP","floor":27.0},{"not_picked":["SandsOfTime"],"picked":"SKIP","floor":29.0},{"not_picked":[],"picked":"ClearTheMind+1","floor":30.0},{"not_picked":[],"picked":"Devotion","floor":33.0},{"not_picked":[],"picked":"SashWhip+1","floor":35.0},{"not_picked":[],"picked":"Crescendo+1","floor":37.0},{"not_picked":[],"picked":"LessonLearned","floor":40.0}],"player_experience":1324348,"relics_obtained":[{"floor":6.0,"key":"Mango"},{"floor":9.0,"key":"GoldenEye"},{"floor":11.0,"key":"Juzu Bracelet"},{"floor":13.0,"key":"White Beast Statue"},{"floor":24.0,"key":"Incense Burner"},{"floor":26.0,"key":"InkBottle"},{"floor":27.0,"key":"CeramicFish"},{"floor":29.0,"key":"Smiling Mask"},{"floor":37.0,"key":"TungstenRod"},{"floor":38.0,"key":"Ice Cream"},{"floor":40.0,"key":"Anchor"},{"floor":43,"key":"Damaru"}],"event_choices":[{"damage_healed":0.0,"max_hp_gain":0.0,"max_hp_loss":0.0,"gold_gain":0.0,"event_name":"Accursed Blacksmith","player_choice":"Forge","floor":2.0,"gold_loss":0.0,"damage_taken":0.0,"cards_upgraded":["Eruption"]},{"damage_healed":0.0,"max_hp_gain":0.0,"max_hp_loss":0.0,"gold_gain":0.0,"event_name":"Scrap Ooze","player_choice":"Success","floor":8.0,"gold_loss":0.0,"damage_taken":18.0,"relics_obtained":["Mercury Hourglass"]},{"damage_healed":0.0,"max_hp_gain":0.0,"max_hp_loss":0.0,"gold_gain":0.0,"event_name":"Upgrade Shrine","player_choice":"Upgraded","floor":12.0,"gold_loss":0.0,"damage_taken":0.0,"cards_upgraded":["BattleHymn"]},{"cards_removed":["Halt"],"damage_healed":5.0,"max_hp_gain":0.0,"max_hp_loss":0.0,"gold_gain":0.0,"event_name":"Bonfire Elementals","player_choice":"Offered Common","floor":14.0,"gold_loss":0.0,"damage_taken":0.0},{"cards_removed":["Halt"],"damage_healed":5.0,"max_hp_gain":0.0,"max_hp_loss":0.0,"gold_gain":0.0,"event_name":"Bonfire Elementals","player_choice":"Offered Special","floor":14.0,"gold_loss":0.0,"damage_taken":0.0},{"damage_healed":0.0,"max_hp_gain":0.0,"max_hp_loss":0.0,"gold_gain":0.0,"event_name":"Drug Dealer","player_choice":"Inject Mutagens","floor":20.0,"gold_loss":0.0,"damage_taken":0.0,"relics_obtained":["MutagenicStrength"]},{"damage_healed":0.0,"max_hp_gain":0.0,"max_hp_loss":0.0,"gold_gain":0.0,"event_name":"The Library","player_choice":"Read","floor":21.0,"gold_loss":0.0,"damage_taken":0.0,"cards_obtained":["Wallop"]},{"damage_healed":0.0,"max_hp_gain":0.0,"max_hp_loss":0.0,"gold_gain":0.0,"event_name":"WeMeetAgain","player_choice":"Gave Potion","floor":22.0,"gold_loss":0.0,"damage_taken":0.0,"relics_obtained":["Blood Vial"]},{"damage_healed":0.0,"max_hp_gain":0.0,"max_hp_loss":0.0,"gold_gain":0.0,"event_name":"Back to Basics","player_choice":"Simplicity","floor":28.0,"gold_loss":0.0,"damage_taken":0.0,"cards_upgraded":["Strike_P","Strike_P","Strike_P","Strike_P","Defend_P","Defend_P","Defend_P","Defend_P"]},{"damage_healed":0.0,"max_hp_gain":0.0,"max_hp_loss":0.0,"gold_gain":0.0,"event_name":"Mysterious Sphere","player_choice":"Fight","floor":37.0,"gold_loss":0.0,"damage_taken":0.0},{"damage_healed":0.0,"max_hp_gain":0.0,"max_hp_loss":0.0,"gold_gain":0.0,"event_name":"MindBloom","player_choice":"Fight","floor":38.0,"gold_loss":0.0,"damage_taken":0.0},{"damage_healed":0.0,"max_hp_gain":0.0,"max_hp_loss":0.0,"gold_gain":300.0,"event_name":"Wheel of Change","player_choice":"Gold","floor":39.0,"gold_loss":0.0,"damage_taken":0.0},{"damage_healed":0,"gold_gain":0,"player_choice":"Ignored","damage_taken":0,"max_hp_gain":0,"max_hp_loss":0,"event_name":"SecretPortal","floor":46,"gold_loss":0},{"cards_removed":["BattleHymn"],"damage_healed":0,"gold_gain":0,"player_choice":"Removed Power","damage_taken":0,"max_hp_gain":0,"max_hp_loss":0,"event_name":"Falling","floor":48,"gold_loss":0}],"is_beta":false,"boss_relics":[{"not_picked":["SlaversCollar","Fusion Hammer"],"picked":"Busted Crown"},{"not_picked":["Pandora\u0027s Box","Empty Cage"],"picked":"VioletLotus"}],"items_purged_floors":[10],"is_endless":false,"potions_floor_spawned":[5,13,16,18,24,27,29,30,33,35,37,38,40],"ascension_level":16}}