{"host":"ggy1mjjy92c62u6a","time":1611155495,"event":{"mods":["10 clothes from DAL","Act Like it!","BaseMod","Colored Powertips","GifTheSpireLib","Library of Ruina","Library of Ruina Extra","Minty Spire (QoL Compilation)","Quick Restart","Relic Stats","RumiaBox-露米娅的神秘盒子","Shop Mod","Spicy Shops","StSLib","【功能Mod】混沌之环修复补丁","【遗物卡牌】REMEMod"],"gold_per_floor":[119,119,131,147,165,177,190,190,190,190,183,183,207,207,207,326,326,349,47,47,60,79,113,113,147,218,36,161,161,194,240,240,361,361,384,399,180,180,180],"floor_reached":40,"language":"ZHS","playtime":1717,"items_purged":["Injury"],"score":1145,"play_id":"c75b4fe3-c430-4168-809d-e57b00395560","local_time":"20210120231135","is_ascension_mode":true,"campfire_choices":[{"data":"UnavoidableGaze","floor":15.0,"key":"SMITH"},{"floor":32,"key":"REST"}],"circlet_count":0,"master_deck":["DegradedFairy","DegradedFairy","DegradedChain+1","DegradedChain","DegradedLock","DegradedPillar","DegradedPillar","DegradedShockwave","REME_LeechingPoison","ViolentFlame","UnavoidableGaze+1","GuidanceOfTheGears","UnavoidableGaze+1","Faith+1","Unlock1+1","UnavoidableGaze+1","GuidanceOfTheGears+1","GatherIntel+1","StructuralAnalysis+1","WillProduceFineSilk+1","GuidanceOfTheGears+1","DefenseOrder+1","Leap_lor","FrontalAssault+1","RushDown","TendonChords","Guardian_lor+1","TendonChords+1"],"relics":["PageOfLibrarian","REME_ComplimentaryCards","NeowsBlessing","Golden Idol","PageOfGalaxyChild","PageOfGalaxyChild","REME_LimitBreaker","Toxic Egg 2","PageOfBlackSwan","Baka2","DALC_ONE","MerchantsRug","Lizard Tail","REME_HourglassOfDeath","PageOfTheSilentOrchestra","MutagenicStrength","MealTicket","Fusion Hammer","Anchor","GodSword5","REME_HandOfSuture"],"acts_visited":["Exordium","TheCity","TheBeyond"],"potions_floor_usage":[33,40,40,40],"damage_taken":[{"damage":0.0,"enemies":"Cultist","floor":1.0,"turns":1.0},{"damage":6.0,"enemies":"Jaw Worm","floor":3.0,"turns":1.0},{"damage":0.0,"enemies":"Small Slimes","floor":4.0,"turns":1.0},{"damage":0.0,"enemies":"3 Louse","floor":5.0,"turns":2.0},{"damage":5.0,"enemies":"Lagavulin","floor":6.0,"turns":3.0},{"damage":0.0,"enemies":"Exordium Thugs","floor":7.0,"turns":3.0},{"damage":0.0,"enemies":"Gremlin Nob","floor":11.0,"turns":3.0},{"damage":2.0,"enemies":"Looter","floor":13.0,"turns":2.0},{"damage":0.0,"enemies":"Slime Boss","floor":16.0,"turns":3.0},{"damage":0.0,"enemies":"Shell Parasite","floor":18.0,"turns":2.0},{"damage":0.0,"enemies":"3 Byrds","floor":21.0,"turns":2.0},{"damage":9.0,"enemies":"Centurion and Healer","floor":22.0,"turns":1.0},{"damage":6.0,"enemies":"Gremlin Leader","floor":23.0,"turns":2.0},{"damage":33.0,"enemies":"REME_1_Revenger","floor":25.0,"turns":8.0},{"damage":0,"enemies":"Colosseum Slavers","floor":28,"turns":2},{"damage":23,"enemies":"Colosseum Nobs","floor":28,"turns":8},{"damage":26,"enemies":"Slavers","floor":30,"turns":2},{"damage":37,"enemies":"Sentry and Sphere","floor":31,"turns":3},{"damage":0,"enemies":"Collector","floor":33,"turns":5},{"damage":36,"enemies":"3 Shapes","floor":35,"turns":2},{"damage":0,"enemies":"3 Darklings","floor":36,"turns":4},{"damage":0,"enemies":"Time Eater","floor":39,"turns":3}],"seed_played":"3402888201759284734","potions_obtained":[{"floor":4.0,"key":"Strength Potion"},{"floor":7.0,"key":"AttackPotion"},{"floor":11.0,"key":"Energy Potion"},{"floor":12.0,"key":"SkillPotion"},{"floor":21.0,"key":"REME_GoldPotion"},{"floor":33,"key":"SteroidPotion"}],"is_trial":false,"path_per_floor":["M","?","M","M","M","E","M","?","T","?","E","?","M","?","R","B",null,"M","$","?","M","M","E","?","E","T","$","?","?","E","M","R","B",null,"M","M","$","?","B",null],"character_chosen":"Librarian","items_purchased":["DALC_ONE","Orrery","MerchantsRug","Leap_lor","PageOfTodaysShyLook","GodSword5","REME_HandOfSuture"],"campfire_rested":1,"item_purchase_floors":[19,19,27,27,27,37,37],"current_hp_per_floor":[60,38,54,63,90,85,90,95,95,76,85,85,92,92,92,95,95,95,95,95,95,86,89,89,64,64,64,70,70,39,12,43,79,105,69,88,103,103,105],"gold":180,"neow_bonus":"THREE_ENEMY_KILL","is_daily":false,"chose_seed":false,"campfire_upgraded":1,"win_rate":0.0,"timestamp":1611155495,"path_taken":["M","?","M","M","M","E","M","?","T","?","E","?","?","?","R","BOSS","M","$","?","M","M","E","?","E","T","$","?","?","E","M","R","BOSS","M","M","$","?","BOSS"],"items_purchased_type":["Relic","Relic","Relic","Card","Relic","Relic","Relic"],"build_version":"2020-12-22","purchased_purges":1,"victory":true,"max_hp_per_floor":[90,90,90,90,90,90,90,95,95,95,95,95,95,95,95,95,95,95,95,95,95,95,95,95,95,95,95,95,95,105,105,105,105,105,105,105,105,105,105],"relic_stats":{"Lizard Tail":71,"counters":[23,72],"Golden Idol":185,"MealTicket":15,"obtain_stats":[{"MagicDraw3":23,"MagicDraw2":26,"Baka2":18,"Lizard Tail":28,"MealTicket":30,"Fusion Hammer":34,"Toxic Egg 2":9,"PageOfTodaysShyLook":27,"MerchantsRug":27,"NeowsBlessing":0,"Golden Idol":2,"Baka":1,"DALC_ONE":19,"REME_LimitBreaker":6,"PageOfRedShoes":25,"Mercury Hourglass":11,"PageOfLibrarian":0,"Anchor":36,"PageOfBlackSwan":17,"PageOfTheSilentOrchestra":28,"REME_HourglassOfDeath":28,"PageOfGalaxyChild":3,"MutagenicStrength":29,"Orrery":19,"REME_HandOfSuture":37,"GodSword5":37,"REME_ComplimentaryCards":0},{"MagicDraw3":13,"MagicDraw2":14,"Baka2":10,"Lizard Tail":16,"MealTicket":17,"Fusion Hammer":19,"Toxic Egg 2":6,"PageOfTodaysShyLook":14,"MerchantsRug":14,"NeowsBlessing":0,"Golden Idol":1,"Baka":1,"DALC_ONE":10,"REME_LimitBreaker":5,"PageOfRedShoes":14,"Mercury Hourglass":7,"PageOfLibrarian":0,"Anchor":21,"PageOfBlackSwan":9,"PageOfTheSilentOrchestra":16,"REME_HourglassOfDeath":16,"PageOfGalaxyChild":2,"MutagenicStrength":16,"Orrery":10,"REME_HandOfSuture":21,"GodSword5":21,"REME_ComplimentaryCards":0},{"MagicDraw3":25,"MagicDraw2":33,"Baka2":21,"Lizard Tail":42,"MealTicket":44,"Fusion Hammer":51,"Toxic Egg 2":11,"PageOfTodaysShyLook":33,"MerchantsRug":33,"NeowsBlessing":0,"Golden Idol":1,"Baka":1,"DALC_ONE":21,"REME_LimitBreaker":8,"PageOfRedShoes":33,"Mercury Hourglass":14,"PageOfLibrarian":0,"Anchor":57,"PageOfBlackSwan":19,"PageOfTheSilentOrchestra":42,"REME_HourglassOfDeath":42,"PageOfGalaxyChild":2,"MutagenicStrength":42,"Orrery":21,"REME_HandOfSuture":57,"GodSword5":57,"REME_ComplimentaryCards":0}]},"card_choices":[{"not_picked":["HandleRequest","NightInTheBackstreets","GrazeTheGrass","PreemptiveStrike","Diversion","FervidEmotions","Parry","EndlessBattle"],"picked":"ViolentFlame","floor":1.0},{"not_picked":["DesperateStruggle","Guardian_lor","HighKick","NightInTheBackstreets","PreemptiveStrike","SuppressingShot","NonstopAssault","ChopItOff"],"picked":"UnavoidableGaze","floor":3.0},{"not_picked":["NightInTheBackstreets","FierceOnslaught","Leap_lor","SturdyDefense","RipSpace","QuickSuppression","QuickAttack","ExtremeEdge","HandleRequest"],"picked":"SKIP","floor":4.0},{"not_picked":["Brawl","GrazeTheGrass","NightInTheBackstreets","SetFire","AsThePrescriptOrders","Pound","BlowItUp","QuickSuppression","ConcentratedFire"],"picked":"SKIP","floor":5.0},{"not_picked":["KeepItFresh","WillOfThePrescript","FlowOfTheSword","DarkCloud","FleetEdge","FervidEmotions","AsThePrescriptOrders","Eject"],"picked":"GuidanceOfTheGears","floor":6.0},{"not_picked":["MultiHit","QuickSuppression","Overpower","DriedUp","DesperateStruggle","Leap_lor","HeavyPeaks","TheRedNotes","AbsorbImpact"],"picked":"SKIP","floor":7.0},{"not_picked":["IllEndYou","EnergyCycle","Deflect_lor+1","Mutilate","AsThePrescriptOrders+1","Thrust","HighKick","Parry"],"picked":"UnavoidableGaze+1","floor":11.0},{"not_picked":["WillOfThePrescript+1","SpearedSweep","Leap_lor","TendonChords","SinglePointStab","EndlessBattle","Standoff","ShockRound","HeavyPeaks"],"picked":"SKIP","floor":13.0},{"not_picked":["ViolentFlame","BackAttack+1","GuardingStance+1","InkOver+1","Parry","SturdyDefense+1","FleetFootsteps+1","Diversion+1"],"picked":"Faith+1","floor":18.0},{"not_picked":["SpearedSweep+1","ClassAndRespect","SharpNails","SunsetBlade","FlyingSword+1","EnergyShield+1","GrazeTheGrass","GroundSmash"],"picked":"Unlock1+1","floor":19.0},{"not_picked":["ICanCookAnything","Brawl","Tailoring","Parry+1","Quickness+1","BackAttack+1","FierceCharge+1","ElectricShock+1"],"picked":"UnavoidableGaze+1","floor":19.0},{"not_picked":["Multislash","EnergyStrike+1","QuickSuppression","SharpSwipe","EnergyShield+1","SmokingPipe+1","TraceOfFumes","Pound+1"],"picked":"GuidanceOfTheGears+1","floor":19.0},{"not_picked":["Eject","Punishment","AsThePrescriptOrders+1","BizarreAttack","Wallop_lor+1","SpearedSweep","AbsorbImpact+1","ClassAndRespect"],"picked":"GatherIntel+1","floor":19.0},{"not_picked":["MultiBlock+1","HighSpeedStabbing","SinglePointStab","HighKick","PuppetBlockade+1","Execute_lor","AlloutWar+1","GuardingStance+1"],"picked":"StructuralAnalysis+1","floor":21.0},{"not_picked":["DeepDrag","Parry","NightInTheBackstreets","AlloutWar+1","Thirst","StayCalm+1","Reload+1","HighKick"],"picked":"WillProduceFineSilk+1","floor":22.0},{"not_picked":["BackAttack+1","EmotionalTurbulence","EnergyCycle+1","MultiBlock+1","DaringDecision","LoosenUp","Standoff+1","UpbeatPerformance+1","Tailoring+1"],"picked":"SKIP","floor":23.0},{"not_picked":["BizarreAttack","Pound+1","FleetFootsteps+1","Leap_lor+1","SunsetBlade+1","StrongStrike+1","NightInTheBackstreets+1","MindWhip+1"],"picked":"DefenseOrder+1","floor":25.0},{"not_picked":["AsThePrescriptOrders+1","Parry+1","HeavyPeaks","GatherIntel+1","HiddenBlade+1","RagingStorm","MultiHit","PuppetBlockade+1"],"picked":"FrontalAssault+1","floor":28},{"not_picked":["Parry+1","MultiBlock+1","PreemptiveStrike","Reload+1","DefenseOrder+1","Crush+1","ShockingBlow","SmokingPipe+1"],"picked":"RushDown","floor":30},{"not_picked":["Concentration+1","TrimTheIngredients","DevastatingThrash+1","WillOfThePrescript+1","StrongStrike","Pound","ToWhereThePrescriptPoints+1","MultiBlock+1"],"picked":"TendonChords","floor":31},{"not_picked":["Marionette+1","FrontalAssault+1","EnergyCycle","Diversion+1","GuardingStance+1","MultiHit","ViolentFlame+1","PinpointShot"],"picked":"Guardian_lor+1","floor":35},{"not_picked":["Reload+1","Standoff+1","SpearedSweep+1","Ripple+1","Collision+1","Multislash+1","TimeForALittleTest+1","FeatherShield+1"],"picked":"TendonChords+1","floor":36}],"player_experience":52705,"relics_obtained":[{"floor":1.0,"key":"Baka"},{"floor":3.0,"key":"PageOfGalaxyChild"},{"floor":3.0,"key":"PageOfGalaxyChild"},{"floor":6.0,"key":"REME_LimitBreaker"},{"floor":9.0,"key":"Toxic Egg 2"},{"floor":11.0,"key":"Mercury Hourglass"},{"floor":18.0,"key":"Baka2"},{"floor":23.0,"key":"MagicDraw3"},{"floor":25.0,"key":"PageOfRedShoes"},{"floor":26.0,"key":"MagicDraw2"},{"floor":28,"key":"Lizard Tail"},{"floor":28,"key":"REME_HourglassOfDeath"},{"floor":28,"key":"PageOfTheSilentOrchestra"},{"floor":30,"key":"MealTicket"},{"floor":36,"key":"Anchor"}],"event_choices":[{"damage_healed":0.0,"max_hp_gain":0.0,"max_hp_loss":0.0,"gold_gain":0.0,"event_name":"Golden Idol","player_choice":"Take Damage","floor":2.0,"gold_loss":0.0,"damage_taken":22.0,"relics_obtained":["Golden Idol"]},{"damage_healed":0.0,"max_hp_gain":5.0,"max_hp_loss":0.0,"gold_gain":0.0,"event_name":"Big Fish","player_choice":"Donut","floor":8.0,"gold_loss":0.0,"damage_taken":0.0},{"damage_healed":0.0,"max_hp_gain":0.0,"max_hp_loss":0.0,"gold_gain":0.0,"event_name":"Shining Light","player_choice":"Entered Light","floor":10.0,"gold_loss":0.0,"damage_taken":19.0,"cards_upgraded":["DegradedChain","DegradedFairy"]},{"damage_healed":0.0,"max_hp_gain":0.0,"max_hp_loss":0.0,"gold_gain":0.0,"event_name":"Lab","player_choice":"Got Potions","floor":12.0,"gold_loss":0.0,"damage_taken":0.0},{"cards_removed":["DegradedFairy"],"damage_healed":0.0,"max_hp_gain":0.0,"max_hp_loss":0.0,"gold_gain":0.0,"event_name":"Bonfire Elementals","player_choice":"Offered Basic","floor":14.0,"gold_loss":0.0,"damage_taken":0.0},{"damage_healed":0.0,"max_hp_gain":0.0,"max_hp_loss":0.0,"gold_gain":0.0,"event_name":"Vampires","player_choice":"Ignored","floor":20.0,"gold_loss":0.0,"damage_taken":0.0},{"damage_healed":0.0,"max_hp_gain":0.0,"max_hp_loss":0.0,"gold_gain":0.0,"event_name":"The Library","player_choice":"Read","floor":24.0,"gold_loss":0.0,"damage_taken":0.0,"cards_obtained":["GuidanceOfTheGears"]},{"damage_healed":0,"gold_gain":0,"player_choice":"Fight","damage_taken":0,"max_hp_gain":0,"max_hp_loss":0,"event_name":"Colosseum","floor":28,"gold_loss":0},{"damage_healed":0,"gold_gain":0,"player_choice":"Fought Nobs","damage_taken":0,"max_hp_gain":0,"max_hp_loss":0,"event_name":"Colosseum","floor":28,"gold_loss":0},{"damage_healed":0,"gold_gain":0,"player_choice":"Inject Mutagens","damage_taken":0,"relics_obtained":["MutagenicStrength"],"max_hp_gain":0,"max_hp_loss":0,"event_name":"Drug Dealer","floor":29,"gold_loss":0},{"damage_healed":0,"gold_gain":0,"player_choice":"Took Portal","damage_taken":0,"max_hp_gain":0,"max_hp_loss":0,"event_name":"SecretPortal","floor":38,"gold_loss":0}],"is_beta":false,"boss_relics":[{"not_picked":["Runic Pyramid","SacredBark"],"picked":"PageOfBlackSwan"},{"not_picked":["Cursed Key","Pandora\u0027s Box"],"picked":"Fusion Hammer"}],"items_purged_floors":[37],"is_endless":false,"potions_floor_spawned":[4,7,11,21,22,28,33,35,36],"ascension_level":4}}