{"host":"wonp23fsqqcu31ie","time":1611105326,"event":{"mods":["2.2 Compatiblity","AchievementEnabler","Aspiration","BaseMod","Bestiary","Better Altar","Better Match","Better Sensory Stone","Better Skull","Better Third Choice","BetterRewards","Block Reminder","Colored Map","Colored Powertips","Conspire","Curses Come First","DeckTracker","Displayed Cursed Tome","Downfall","Energized Spire","Evolution","Hermit","Highlight Path","Hubris","Infinite Spire","Marisa????????","Minty Spire (QoL Compilation)","Permanent Neow","Prisma Mod","Quick Restart","Rare Cards Sparkle","Relic Stats","Robot Space Explorer","Shade Mod","Shop Mod","StSLib","SuperFastMode","The Animator","The Bug Knight","The Construct","The Cursed","The Disciple","The Dragon Tamer","The Gatherer","The Hierophant","The Marked","The Necromancer","The Poker Player","The Runesmith","The Saiyan","The Servant 0.9.4","TheBandit"],"gold_per_floor":[126,151,164,227,227,227,252,267,267,294,28,203,220,132,132,260,285,303,328,415,355,372,372,422,422,517,542,567,15,15,15,15,112,137,150,230,250,20,20,20],"floor_reached":39,"language":"ENG","playtime":1171,"items_purged":["Doubt"],"score":554,"play_id":"1f1e0c04-2d3b-4119-b52e-ae16b4cd019c","local_time":"20210120121526","is_ascension_mode":true,"campfire_choices":[{"data":"animator:DolaSchwi","floor":6,"key":"SMITH"},{"data":"animator:Shiroe","floor":15,"key":"SMITH"},{"floor":23,"key":"RECALL"},{"data":"animator:Archer","floor":25,"key":"SMITH"},{"data":"animator:FeridBathory","floor":32,"key":"SMITH"}],"circlet_count":0,"master_deck":["animator:Spearman","animator:MikuIzayoi","animator:Spearman","animator:DolaSchwi+1","animator:DolaCouronne","animator:Gilgamesh+13","animator:Yoichi","animator:YunYun","animator:Shinoa","animator:Mikaela","animator:Archer+1","animator:Shiroe+2","animator:Serara","animator:Mitsuba","animator:Defend_Overlord","animator:Defend_NoGameNoLife","animator:Defend_OwariNoSeraph","animator:FeridBathory+1","animator:Serara","animator:Sonic","animator:Megumin+2","Bite","Bite","Bite","Bite","Bite","animator:Hans","animator:Caster","animator:ChlammyZell+1","animator:Vanir"],"relics":["animator:LivingPicture","animator:TheMissingPiece","EVO:Axolotl","hubris:Towel","Vajra","energizedSpire:MagnifyingGlass","hubris:BottledHeart","infinitespire:Beetle Shell","White Beast Statue","infinitespire:BottledMercury","Gremlin Horn","aspiration:RitualStick","Paper Crane","Bottled Flame","HandDrill","Thread and Needle","MerchantsRug","Sling"],"acts_visited":["Exordium","TheCity","TheBeyond"],"potions_floor_usage":[16,22,24,24,33,33,36,36,39,39],"damage_taken":[{"damage":2,"enemies":"Jaw Worm","floor":1,"turns":5},{"damage":0,"enemies":"conspire:RoseBush","floor":3,"turns":2},{"damage":1,"enemies":"2 Louse","floor":8,"turns":2},{"damage":0,"enemies":"Blue Slaver","floor":10,"turns":3},{"damage":0,"enemies":"conspire:2 RoseBushes","floor":13,"turns":3},{"damage":20,"enemies":"The Guardian","floor":16,"turns":7},{"damage":1,"enemies":"Chosen","floor":18,"turns":6},{"damage":0,"enemies":"Spheric Guardian","floor":22,"turns":3},{"damage":0,"enemies":"conspire:Head Lice","floor":24,"turns":5},{"damage":0,"enemies":"conspire:MysteriousRune","floor":33,"turns":10},{"damage":0,"enemies":"3 Shapes","floor":35,"turns":3},{"damage":0,"enemies":"conspire:MimicChest","floor":36,"turns":8},{"damage":0,"enemies":"Orb Walker","floor":37,"turns":4},{"damage":2,"enemies":"Maw","floor":39,"turns":7}],"seed_played":"7931880122958666385","potions_obtained":[{"floor":1,"key":"Strength Potion"},{"floor":13,"key":"DuplicationPotion"},{"floor":16,"key":"DuplicationPotion"},{"floor":20,"key":"GamblersBrew"},{"floor":22,"key":"LiquidMemories"},{"floor":24,"key":"Fire Potion"},{"floor":33,"key":"SteroidPotion"},{"floor":35,"key":"champ:CounterPotion"},{"floor":36,"key":"Swift Potion"},{"floor":37,"key":"conspire:TimeTravelPotion"}],"is_trial":false,"path_per_floor":["M","?","M","?","?","R","T","M","T","M","$","?","M","?","R","B",null,"M","?","AVR","?","M","R","E","R","T","?","T","$","?","$","R","B",null,"M","?","M","$","M"],"character_chosen":"THE_ANIMATOR","items_purchased":["animator:Archer","animator:Shiroe","animator:Serara","Bottled Flame","Strawberry","HandDrill","MerchantsRug","Sling","animator:Vanir"],"campfire_rested":0,"item_purchase_floors":[11,11,11,29,29,29,38,38,38],"current_hp_per_floor":[64,64,64,64,64,64,64,64,64,64,64,64,65,65,65,45,68,67,1,1,1,1,1,1,1,1,1,1,1,1,1,1,1,1,1,1,1,1,0,0],"gold":20,"neow_bonus":"ONE_RANDOM_RARE_CARD","is_daily":false,"chose_seed":false,"campfire_upgraded":4,"win_rate":0.0,"timestamp":1611105326,"path_taken":["M","?","M","?","?","R","?","?","T","M","$","?","M","?","R","BOSS","M","?","AVR","?","M","R","E","R","T","?","?","$","?","$","R","BOSS","M","?","?","$","M"],"items_purchased_type":["Card","Card","Card","Relic","Relic","Relic","Relic","Relic","Card"],"build_version":"2020-12-22","purchased_purges":1,"victory":false,"max_hp_per_floor":[66,66,66,66,66,66,66,67,67,67,67,67,68,68,68,68,68,68,1,1,1,1,1,1,1,1,1,1,1,1,1,1,1,1,1,1,1,1,1,1],"relic_stats":{"Gremlin Horn":[26,26],"counters":[22,99],"HandDrill":[4],"obtain_stats":[{"infinitespire:BottledMercury":24,"Tiny House":20,"Gremlin Horn":26,"animator:TheMissingPiece":0,"Vajra":7,"EVO:Axolotl":0,"hubris:RunicObelisk":34,"Sling":38,"aspiration:RitualStick":27,"Strawberry":29,"Replay:Bottled Flurry":12,"HandDrill":29,"MerchantsRug":38,"aspiration:Nostalgia":0,"hubris:SphereOfDissonance":7,"Thread and Needle":36,"infinitespire:Beetle Shell":20,"Guardian:PocketSentry":4,"hubris:Towel":2,"Paper Crane":28,"White Beast Statue":21,"Bottled Flame":29,"hubris:BottledHeart":19,"ReplayTheSpireMod:Ring of Collecting":13,"animator:LivingPicture":0,"energizedSpire:MagnifyingGlass":17,"Runesmith:AutoHammer":10,"ReplayTheSpireMod:Ring of Challenge":13},{"infinitespire:BottledMercury":17,"Tiny House":15,"Gremlin Horn":17,"animator:TheMissingPiece":0,"Vajra":10,"EVO:Axolotl":0,"hubris:RunicObelisk":18,"Sling":21,"aspiration:RitualStick":17,"Strawberry":17,"Replay:Bottled Flurry":7,"HandDrill":17,"MerchantsRug":21,"aspiration:Nostalgia":0,"hubris:SphereOfDissonance":4,"Thread and Needle":20,"infinitespire:Beetle Shell":15,"Guardian:PocketSentry":2,"hubris:Towel":9,"Paper Crane":17,"White Beast Statue":15,"Bottled Flame":17,"hubris:BottledHeart":15,"ReplayTheSpireMod:Ring of Collecting":7,"animator:LivingPicture":0,"energizedSpire:MagnifyingGlass":14,"Runesmith:AutoHammer":5,"ReplayTheSpireMod:Ring of Challenge":7},{"infinitespire:BottledMercury":67,"Tiny House":59,"Gremlin Horn":67,"animator:TheMissingPiece":0,"Vajra":38,"EVO:Axolotl":0,"hubris:RunicObelisk":77,"Sling":92,"aspiration:RitualStick":67,"Strawberry":67,"Replay:Bottled Flurry":28,"HandDrill":67,"MerchantsRug":92,"aspiration:Nostalgia":0,"hubris:SphereOfDissonance":14,"Thread and Needle":88,"infinitespire:Beetle Shell":59,"Guardian:PocketSentry":8,"hubris:Towel":36,"Paper Crane":67,"White Beast Statue":59,"Bottled Flame":67,"hubris:BottledHeart":59,"ReplayTheSpireMod:Ring of Collecting":28,"animator:LivingPicture":0,"energizedSpire:MagnifyingGlass":53,"Runesmith:AutoHammer":18,"ReplayTheSpireMod:Ring of Challenge":28}],"aspiration:RitualStick":[0]},"card_choices":[{"not_picked":["animator:DolaRiku","animator:Minori"],"picked":"animator:Yoichi","floor":1},{"not_picked":["animator:Genos","animator:MaesHughes"],"picked":"animator:YunYun","floor":3},{"not_picked":["animator:EmiyaShirou","animator:DolaCouronne"],"picked":"animator:Shinoa","floor":8},{"not_picked":["animator:Berserker","animator:Mitsurugi"],"picked":"animator:Mikaela","floor":10},{"not_picked":["animator:Berserker","animator:Genos"],"picked":"animator:Mitsuba","floor":13},{"not_picked":["animator:Soujiro","animator:Eris"],"picked":"animator:FeridBathory","floor":16},{"not_picked":["animator:Kazuma","animator:Shinoa"],"picked":"animator:Serara","floor":18},{"not_picked":["animator:Yoichi","animator:YunYun"],"picked":"animator:Sonic","floor":20},{"not_picked":["animator:FeridBathory","animator:Mikaela+1"],"picked":"animator:Megumin","floor":22},{"not_picked":["animator:RundelhausCode+1","animator:RinTohsaka"],"picked":"animator:Gilgamesh","floor":24},{"not_picked":["animator:Akatsuki","animator:FeridBathory"],"picked":"animator:Hans","floor":33},{"not_picked":["animator:Gluttony+1","animator:Scar"],"picked":"animator:Caster","floor":35},{"not_picked":["animator:ElricEdward+1","animator:Wiz"],"picked":"animator:ChlammyZell+1","floor":36},{"not_picked":["animator:ElricEdward+1","animator:Kazuma+1"],"picked":"animator:Megumin","floor":37}],"player_experience":560516,"relics_obtained":[{"floor":7,"key":"Vajra"},{"floor":24,"key":"infinitespire:BottledMercury"},{"floor":26,"key":"Gremlin Horn"},{"floor":28,"key":"Paper Crane"},{"floor":36,"key":"Thread and Needle"}],"event_choices":[{"damage_healed":0,"gold_gain":63,"player_choice":"Gained Gold","damage_taken":0,"max_hp_gain":0,"max_hp_loss":0,"event_name":"Golden Wing","floor":4,"gold_loss":0},{"damage_healed":0,"gold_gain":0,"player_choice":"Leave","damage_taken":0,"max_hp_gain":0,"max_hp_loss":0,"event_name":"The Cleric","floor":5,"gold_loss":0},{"damage_healed":0,"gold_gain":175,"player_choice":"AGREE","damage_taken":28,"max_hp_gain":0,"max_hp_loss":0,"event_name":"betterThird:BetterSerpent","floor":12,"gold_loss":0},{"damage_healed":0,"gold_gain":0,"player_choice":"Obtained Relic","damage_taken":0,"relics_obtained":["White Beast Statue"],"max_hp_gain":0,"max_hp_loss":0,"event_name":"Addict","floor":21,"gold_loss":85},{"damage_healed":0,"gold_gain":0,"player_choice":"Became a vampire","damage_taken":0,"max_hp_gain":0,"max_hp_loss":0,"event_name":"Vampires","floor":30,"gold_loss":0,"cards_obtained":["Bite","Bite","Bite","Bite","Bite"]}],"is_beta":false,"boss_relics":[{"not_picked":["energizedSpire:OgreHead","energizedSpire:DeadBattery"],"picked":"energizedSpire:MagnifyingGlass"},{"not_picked":["Fusion Hammer","Pandora\u0027s Box"],"picked":"hubris:RunicObelisk"}],"items_purged_floors":[38],"is_endless":false,"potions_floor_spawned":[1,13,16,22,24,33,35,36,37],"killed_by":"Maw","ascension_level":2}}