{"host":"51f0ad793vly1w6u","time":1611116209,"event":{"mods":["BaseMod","Colored Map","DeckTracker","Minty Spire (QoL Compilation)","Replay The Spire","StSLib","SuperFastMode"],"gold_per_floor":[360,360,379,117,87,124,124,149,149,149,173,209,64,93,93,208,208,236,267,13,46,81,131,161,201,201,201,22,22,55,93,93,212,212,240,267,117,183,244,293,312,347,347,367,414,449,487,487,496,514,514,514,126,180,194],"floor_reached":56,"language":"KOR","playtime":1396,"items_purged":["Sickly","Injury","Strike_R","Injury"],"score":1534,"play_id":"71c5ec4b-d116-4cb2-b835-016f733b1858","local_time":"20210120131649","is_ascension_mode":false,"campfire_choices":[{"data":"Perfected Strike","floor":7,"key":"SMITH"},{"data":"Perfected Strike","floor":10,"key":"SMITH"},{"data":"Perfected Strike","floor":15,"key":"SMITH"},{"data":"Seeing Red","floor":27,"key":"SMITH"},{"data":"Evolve","floor":29,"key":"SMITH"},{"data":"Battle Trance","floor":32,"key":"SMITH"},{"data":"Disarm","floor":52,"key":"SMITH"}],"circlet_count":0,"master_deck":["Strike_R","Strike_R","Strike_R","Strike_R","Defend_R","Defend_R","Defend_R","Defend_R","Bash","Perfected Strike+1","Twin Strike","Wild Strike","Wild Strike","Perfected Strike+1","Perfected Strike+1","Twin Strike","Shrug It Off","Impervious","Battle Trance+1","Disarm+1","Seeing Red+1","Shrug It Off","Evolve+1","Dual Wield+1","Shrug It Off+1","Twin Strike+1","Perfected Strike+1","Clumsy","Shockwave+1","Perfected Strike+1","Pommel Strike+1","Blood for Blood+1","Feel No Pain","Power Through","ReplayReversal+1"],"relics":["Burning Blood","Ring of Peace","Ring of Hypnosis","Replay:Bandana","White Beast Statue","Bag of Preparation","Painkiller Herb","Molten Egg 2","Replay:Mystery Machine","Snack Pack","Cursed Key","Medical Kit","Replay:Multitool","Potion Belt","Prayer Wheel","CeramicFish","BargainBundle","Red Skull","Replay:Bottled Snecko"],"acts_visited":["Exordium","TheCity","TheBeyond","TheEnding"],"potions_floor_usage":[16,16,22,24,25,33,33,40,41,42,42,46,50,54,55,55,55,55,55],"damage_taken":[{"damage":10.0,"enemies":"Cultist","floor":1.0,"turns":4.0},{"damage":0,"enemies":"2 Louse","floor":3,"turns":3},{"damage":9,"enemies":"Replay:BlueRogue","floor":6,"turns":5},{"damage":0,"enemies":"Small Slimes","floor":8,"turns":2},{"damage":0,"enemies":"Blue Slaver","floor":11,"turns":2},{"damage":5,"enemies":"Exordium Wildlife","floor":12,"turns":4},{"damage":0,"enemies":"2 Fungi Beasts","floor":14,"turns":2},{"damage":8,"enemies":"Fading Forest","floor":16,"turns":11},{"damage":0,"enemies":"3 Byrds","floor":18,"turns":5},{"damage":0,"enemies":"Chosen","floor":19,"turns":3},{"damage":8,"enemies":"Shelled Parasite and Fungi","floor":21,"turns":4},{"damage":8,"enemies":"Cultist and Chosen","floor":22,"turns":4},{"damage":10,"enemies":"Replay:Snechameleon","floor":23,"turns":5},{"damage":13,"enemies":"Chosen and Byrds","floor":24,"turns":4},{"damage":5,"enemies":"3 Cultists","floor":25,"turns":5},{"damage":0,"enemies":"Snake Plant","floor":30,"turns":4},{"damage":22,"enemies":"Shelled Parasite and Fungi","floor":31,"turns":4},{"damage":52,"enemies":"Pondfish","floor":33,"turns":10},{"damage":0,"enemies":"Orb Walker","floor":35,"turns":2},{"damage":13,"enemies":"3 Darklings","floor":36,"turns":4},{"damage":12,"enemies":"2 Orb Walkers","floor":38,"turns":4},{"damage":0,"enemies":"Nemesis","floor":40,"turns":5},{"damage":6,"enemies":"Writhing Mass","floor":41,"turns":4},{"damage":0,"enemies":"Maw","floor":42,"turns":5},{"damage":0,"enemies":"Sphere and 2 Shapes","floor":44,"turns":2},{"damage":12,"enemies":"Spire Growth","floor":45,"turns":4},{"damage":0,"enemies":"Jaw Worm Horde","floor":46,"turns":2},{"damage":0,"enemies":"Transient","floor":47,"turns":5},{"damage":21,"enemies":"Donu and Deca","floor":50,"turns":6},{"damage":34,"enemies":"Shield and Spear","floor":54,"turns":6},{"damage":67,"enemies":"The Heart","floor":55,"turns":8}],"seed_played":"3986022067679419086","potions_obtained":[{"floor":1.0,"key":"DuplicationPotion"},{"floor":5,"key":"DistilledChaos"},{"floor":5,"key":"Ancient Potion"},{"floor":16,"key":"BloodPotion"},{"floor":18,"key":"LiquidMemories"},{"floor":22,"key":"Explosive Potion"},{"floor":24,"key":"SkillPotion"},{"floor":25,"key":"BloodPotion"},{"floor":33,"key":"Languid Potion"},{"floor":35,"key":"Ancient Potion"},{"floor":39,"key":"Languid Potion"},{"floor":39,"key":"DuplicationPotion"},{"floor":40,"key":"LiquidMemories"},{"floor":41,"key":"BloodPotion"},{"floor":42,"key":"Fruit Juice"},{"floor":44,"key":"Elixir"},{"floor":46,"key":"LifebloodPotion"},{"floor":54,"key":"SpeedPotion"}],"is_trial":false,"path_per_floor":["M","?","M","$","?","E","R","M","T","R","M","M","$","M","R","B",null,"?","?","T","?","?","E","?","?","T","T","T","T","?","?","T","B",null,"?","?","T","?","?","E","?","?","T","?","?","?","?","?","T","B",null,"T","T","E","B",null],"character_chosen":"IRONCLAD","items_purchased":["Replay:Bandana","Wild Strike","Shrug It Off","Molten Egg 2","Evolve","Medical Kit","BargainBundle","Feel No Pain","Power Through","Red Skull","LifebloodPotion"],"campfire_rested":0,"item_purchase_floors":[4,4,13,20,28,37,53,53,53,53,53],"current_hp_per_floor":[76,76,80,80,80,77,77,80,80,80,80,80,80,80,80,78,80,80,80,80,78,76,72,65,66,66,66,66,66,74,62,62,36,80,80,75,75,71,71,80,80,85,85,85,79,85,85,85,85,72,85,85,85,61,42],"gold":194,"neow_bonus":"TWO_FIFTY_GOLD","is_daily":false,"chose_seed":false,"campfire_upgraded":7,"win_rate":0.0,"timestamp":1611116209,"path_taken":["M","?","M","$","?","E","R","M","T","R","M","M","$","M","R","BOSS","?","?","T","?","?","E","?","?","T","T","T","T","?","?","T","BOSS","?","?","T","?","?","E","?","?","T","?","?","?","?","?","T","BOSS","T","T","E","BOSS"],"items_purchased_type":["Relic","Card","Card","Relic","Card","Relic","Relic","Card","Card","Relic","Potion"],"build_version":"2020-12-22","purchased_purges":4,"victory":true,"max_hp_per_floor":[80,80,80,80,80,80,80,80,80,80,80,80,80,80,80,80,80,80,80,80,80,80,80,80,80,80,80,80,80,80,80,80,80,80,80,80,80,80,80,80,80,85,85,85,85,85,85,85,85,85,85,85,85,85,85],"card_choices":[{"not_picked":["Thunderclap","Run Through"],"picked":"Perfected Strike","floor":1.0},{"not_picked":["Headbutt","Run Through"],"picked":"Twin Strike","floor":3},{"not_picked":["Intimidate","Anger","Sentinel"],"picked":"SKIP","floor":6},{"not_picked":["Iron Wave","Life Link"],"picked":"Perfected Strike","floor":8},{"not_picked":["Juggernaut","ReplayReversal"],"picked":"Perfected Strike","floor":11},{"not_picked":["Anger","Abandon"],"picked":"Twin Strike","floor":12},{"not_picked":["True Grit","Headbutt","Hemokinesis"],"picked":"SKIP","floor":14},{"not_picked":["Brutality","Reaper"],"picked":"Impervious","floor":16},{"not_picked":["Clash","ReplayTheSpireMod:Strike From Hell+1"],"picked":"Battle Trance","floor":18},{"not_picked":["Havoc","Massacre+1"],"picked":"Disarm","floor":19},{"not_picked":["Thunderclap+1","Spot Weakness","Defy Death"],"picked":"SKIP","floor":21},{"not_picked":["True Grit","Run Through+1","Havoc"],"picked":"SKIP","floor":22},{"not_picked":["Seeing Red","Anger+1","Pummel+1"],"picked":"SKIP","floor":23},{"not_picked":["Anger+1","Pummel+1"],"picked":"Seeing Red","floor":23},{"not_picked":["Thunderclap+1","Carnage+1"],"picked":"Shrug It Off","floor":24},{"not_picked":["True Grit","Heavy Blade+1","Anger+1"],"picked":"SKIP","floor":25},{"not_picked":["Replay:Undeath\u0027s Touch+1","Clash+1","Bludgeon+1"],"picked":"SKIP","floor":30},{"not_picked":["Clothesline+1","Rampage+1"],"picked":"Dual Wield+1","floor":31},{"not_picked":["Havoc","Life Link"],"picked":"Shrug It Off+1","floor":35},{"not_picked":["True Grit","Sword Boomerang+1","ReplayTheSpireMod:Strike From Hell+1"],"picked":"SKIP","floor":36},{"not_picked":["Feed+1","Massacre+1"],"picked":"Twin Strike+1","floor":40},{"not_picked":["Armaments+1","Iron Wave+1","Blood for Blood+1"],"picked":"SKIP","floor":41},{"not_picked":["Clothesline+1","Armaments","Uppercut+1"],"picked":"SKIP","floor":41},{"not_picked":["Armaments+1","Iron Wave+1","Blood for Blood+1"],"picked":"SKIP","floor":41},{"not_picked":["Clothesline+1","Armaments","Uppercut+1"],"picked":"SKIP","floor":41},{"not_picked":["Clothesline+1","Hemogenesis+1"],"picked":"Perfected Strike+1","floor":42},{"not_picked":["Sword Boomerang+1","Clothesline+1","Sever Soul+1"],"picked":"SKIP","floor":42},{"not_picked":["Fire Breathing","Armaments+1","Anger+1"],"picked":"SKIP","floor":44},{"not_picked":["Iron Wave+1","Replay:Undeath\u0027s Touch+1","Thunderclap+1"],"picked":"SKIP","floor":44},{"not_picked":["Headbutt+1","Thunderclap+1"],"picked":"Shockwave+1","floor":45},{"not_picked":["Replay:Undeath\u0027s Touch+1","Run Through+1","Uppercut+1"],"picked":"SKIP","floor":45},{"not_picked":["Armaments","Havoc+1"],"picked":"Perfected Strike+1","floor":46},{"not_picked":["Heavy Blade+1","Brutality","Clothesline+1"],"picked":"SKIP","floor":46},{"not_picked":["Intimidate","Limit Break"],"picked":"Pommel Strike+1","floor":47},{"not_picked":["Abandon","Battle Trance","Flex"],"picked":"SKIP","floor":47},{"not_picked":["Havoc","Defy Death+1"],"picked":"ReplayReversal+1","floor":54}],"player_experience":1404300,"relics_obtained":[{"floor":2,"key":"Ring of Peace"},{"floor":2,"key":"Ring of Hypnosis"},{"floor":6,"key":"White Beast Statue"},{"floor":9,"key":"Bag of Preparation"},{"floor":23,"key":"Replay:Mystery Machine"},{"floor":26,"key":"Snack Pack"},{"floor":38,"key":"Replay:Multitool"},{"floor":39,"key":"Potion Belt"},{"floor":40,"key":"Prayer Wheel"},{"floor":43,"key":"CeramicFish"},{"floor":54,"key":"Replay:Bottled Snecko"}],"event_choices":[{"damage_healed":0,"gold_gain":0,"player_choice":"Bought 2 Potions","damage_taken":0,"max_hp_gain":0,"max_hp_loss":0,"event_name":"The Woman in Blue","floor":5,"gold_loss":0},{"damage_healed":0,"gold_gain":0,"player_choice":"Fight","damage_taken":0,"max_hp_gain":0,"max_hp_loss":0,"event_name":"Mysterious Sphere","floor":38,"gold_loss":0},{"damage_healed":0,"gold_gain":0,"player_choice":"Ignored","damage_taken":0,"max_hp_gain":0,"max_hp_loss":0,"event_name":"Tomb of Lord Red Mask","floor":48,"gold_loss":0}],"is_beta":false,"boss_relics":[{"not_picked":["Tiny House","Fusion Hammer"],"picked":"Painkiller Herb"},{"not_picked":["Replay:Wanted Poster","SacredBark"],"picked":"Cursed Key"}],"items_purged_floors":[4,13,28,53],"is_endless":false,"potions_floor_spawned":[1,6,8,11,12,14,16,18,19,21,22,23,24,25,30,31,33,35,36,38,40,41,42,44,45,46,47,54],"ascension_level":0}}