{"host":"30onizgkbnbta6ns","time":1611128210,"event":{"mods":["BaseMod","Better Altar","Better Match","Better Note","Better Sensory Stone","Better Skull","Better Third Choice","BetterRewards","Colored Map","Colored Powertips","Custom Start","Displayed Cursed Tome","Energized Spire","Jedi Mod","Minty Spire (QoL Compilation)","Quick Restart","StSLib","Synergy Search","The Blackbeard","Uncapped"],"gold_per_floor":[118,43,62,80,80,115,128,156,156,381,381,428,393,406,406,504,504,520,520,533,533,533,533,533],"floor_reached":22,"language":"ENG","playtime":1138,"items_purged":[],"score":194,"play_id":"3fd9ee0d-954b-4543-b888-5541ce14806b","local_time":"20210120023650","is_ascension_mode":false,"campfire_choices":[{"data":"blackbeard:PiratesWill","floor":11,"key":"SMITH"},{"data":"blackbeard:WeaponProficiency","floor":15,"key":"SMITH"}],"circlet_count":0,"master_deck":["blackbeard:BlackbeardStrike","blackbeard:BlackbeardStrike","blackbeard:BlackbeardStrike","blackbeard:BlackbeardStrike","blackbeard:IntimidatingStrike","blackbeard:BlackbeardDefend","blackbeard:BlackbeardDefend","blackbeard:BlackbeardDefend","blackbeard:BlackbeardDefend","blackbeard:Cutlass","blackbeard:FieryDefense","Trip+1","blackbeard:Spear","blackbeard:Dagger","blackbeard:WeaponProficiency+1","blackbeard:Sword","blackbeard:PiratesWill+1","blackbeard:SmithingHammer"],"relics":["blackbeard:LoadTheCannons","NeowsBlessing","Boot","jedi:HeartOfTheCards","blackbeard:MagicalCauldron","Turnip","PreservedInsect","energizedSpire:DeadBattery","Pantograph"],"acts_visited":["Exordium","TheCity"],"potions_floor_usage":[20,22,22],"damage_taken":[{"damage":0,"enemies":"2 Louse","floor":1,"turns":1},{"damage":0,"enemies":"Cultist","floor":3,"turns":1},{"damage":0,"enemies":"Jaw Worm","floor":4,"turns":1},{"damage":22,"enemies":"3 Sentries","floor":6,"turns":9},{"damage":0,"enemies":"Blue Slaver","floor":7,"turns":3},{"damage":21,"enemies":"Lagavulin","floor":8,"turns":6},{"damage":2,"enemies":"2 Fungi Beasts","floor":14,"turns":4},{"damage":30,"enemies":"The Guardian","floor":16,"turns":9},{"damage":36,"enemies":"2 Thieves","floor":18,"turns":4},{"damage":39,"enemies":"3 Byrds","floor":20,"turns":5},{"damage":3,"enemies":"Snecko","floor":22,"turns":3}],"seed_played":"649524859266993691","potions_obtained":[{"floor":6,"key":"Ancient Potion"},{"floor":7,"key":"Explosive Potion"},{"floor":8,"key":"AttackPotion"},{"floor":16,"key":"blackbeard:OrangeJuicePotion"},{"floor":18,"key":"LiquidMemories"}],"is_trial":false,"path_per_floor":["M","?","M","M","$","E","M","E","T","?","R","T","?","M","R","B",null,"M","?","M","?","M"],"character_chosen":"BLACKBEARD_CLASS","items_purchased":[],"campfire_rested":0,"item_purchase_floors":[],"current_hp_per_floor":[75,75,75,75,75,53,53,32,32,32,32,32,50,48,48,18,75,43,43,12,12,9,9,9],"gold":533,"neow_bonus":"THREE_ENEMY_KILL","is_daily":false,"chose_seed":false,"campfire_upgraded":2,"win_rate":0.0,"timestamp":1611128210,"path_taken":["M","?","M","?","$","E","M","E","T","?","R","?","?","M","R","BOSS","M","?","?","?","M"],"items_purchased_type":[],"build_version":"2020-12-22","purchased_purges":0,"victory":false,"max_hp_per_floor":[75,75,75,75,75,75,75,75,75,75,75,75,75,75,75,75,75,75,75,75,75,75,75,75],"card_choices":[{"not_picked":["blackbeard:SwordDance","blackbeard:Toast"],"picked":"blackbeard:FieryDefense","floor":1},{"not_picked":["Bandage Up+1","Blind+1"],"picked":"Trip+1","floor":2},{"not_picked":["blackbeard:WiseDefense","blackbeard:ReapersScythe"],"picked":"blackbeard:Spear","floor":3},{"not_picked":["blackbeard:WeaponProficiency","blackbeard:Spear"],"picked":"blackbeard:Dagger","floor":4},{"not_picked":["blackbeard:CannonBarrage","blackbeard:VengefulSpirit"],"picked":"blackbeard:WeaponProficiency","floor":6},{"not_picked":["blackbeard:Bandana","blackbeard:FishingNets"],"picked":"blackbeard:Sword","floor":7},{"not_picked":["blackbeard:WoodenLeg","blackbeard:WiseDefense"],"picked":"blackbeard:PiratesWill","floor":8},{"not_picked":["blackbeard:CatONineTails","blackbeard:Sword","blackbeard:BeatUp"],"picked":"SKIP","floor":14},{"not_picked":["blackbeard:GoldenStrike+1","blackbeard:BlindAttacks+1"],"picked":"blackbeard:SmithingHammer","floor":18},{"not_picked":["blackbeard:BlindAttacks","blackbeard:TerrorOfTheSeas","blackbeard:GoldenStrike"],"picked":"SKIP","floor":20}],"player_experience":60085,"relics_obtained":[{"floor":6,"key":"Boot"},{"floor":8,"key":"jedi:HeartOfTheCards"},{"floor":9,"key":"blackbeard:MagicalCauldron"},{"floor":12,"key":"PreservedInsect"}],"event_choices":[{"damage_healed":0,"gold_gain":0,"player_choice":"2","damage_taken":0,"max_hp_gain":0,"max_hp_loss":0,"event_name":"betterMatch:BetterMatch","floor":2,"gold_loss":0,"cards_obtained":["betterMatch:ColorlessUncommonCard"]},{"damage_healed":0,"gold_gain":225,"player_choice":"YARR","damage_taken":0,"relics_obtained":["Turnip"],"max_hp_gain":0,"max_hp_loss":0,"event_name":"blackbeard:Ssssserpent","floor":10,"gold_loss":0},{"damage_healed":18,"gold_gain":0,"player_choice":"Healed","damage_taken":0,"max_hp_gain":0,"max_hp_loss":0,"event_name":"The Cleric","floor":13,"gold_loss":35},{"damage_healed":0,"gold_gain":0,"player_choice":"Gave Potion","damage_taken":0,"relics_obtained":["Pantograph"],"max_hp_gain":0,"max_hp_loss":0,"event_name":"WeMeetAgain","floor":19,"gold_loss":0},{"damage_healed":0,"gold_gain":0,"player_choice":"Ignored","damage_taken":0,"max_hp_gain":0,"max_hp_loss":0,"event_name":"betterNote:BetterNote","floor":21,"gold_loss":0,"cards_obtained":["Defend_G"]}],"is_beta":false,"boss_relics":[{"not_picked":["Busted Crown","Calling Bell"],"picked":"energizedSpire:DeadBattery"}],"items_purged_floors":[],"is_endless":false,"potions_floor_spawned":[6,7,8,14,16,18],"killed_by":"Snecko","ascension_level":0}}