{"host":"k7udt7atmcuzf6l0","time":1611134618,"event":{"mods":["AchievementEnabler","BaseMod","Colored Map","Colored Powertips","Highlight Path","Minty Spire (QoL Compilation)","Quick Restart","Rare Cards Sparkle","StSLib","UnlockEverythingMod"],"gold_per_floor":[119,119,38,58,78,110,122,122,122,122,180,210,210,17,17,120,120,130,34,54,54,54,54,85,85,112,112,125,47,64,82,82,184,184,199,209,23,39,56,56,102,137,137,137,165,165,175,185,185,185],"floor_reached":51,"language":"ZHT","playtime":1432,"items_purged":[],"score":835,"play_id":"2ecd29ba-3159-4390-afd0-0bc84fe5ddd7","local_time":"20210120172338","is_ascension_mode":false,"campfire_choices":[{"data":"Feed","floor":8,"key":"SMITH"},{"data":"Clash","floor":10,"key":"SMITH"},{"data":"Seeing Red","floor":13,"key":"SMITH"},{"data":"Bloodletting","floor":15,"key":"SMITH"},{"data":"Berserk","floor":23,"key":"SMITH"},{"data":"Feed","floor":25,"key":"SMITH"},{"data":"Battle Trance","floor":27,"key":"SMITH"},{"floor":32,"key":"REST"},{"data":"Brutality","floor":40,"key":"SMITH"},{"floor":46,"key":"REST"},{"floor":49,"key":"REST"}],"circlet_count":0,"master_deck":["Strike_R+1","Strike_R+1","Strike_R+1","Strike_R+1","Strike_R+1","Defend_R+1","Defend_R+1","Defend_R+1","Defend_R+1","Bash","Cleave","Headbutt","Feed+1","Battle Trance+1","Clash+1","Seeing Red+1","Bloodletting+1","Flex+1","Flex+1","Berserk+1","Iron Wave","Havoc+1","Sword Boomerang","Armaments+1","Feed+1","Pummel","Battle Trance+1","Whirlwind+1","Flex+1","Brutality+1","Twin Strike+1","Pummel+1","Intimidate+1","Flex+1","Inflame+1","Battle Trance+1","Warcry+1","Shockwave+1","True Grit+1"],"relics":["Burning Blood","NeowsBlessing","Pear","Toxic Egg 2","Sundial","Akabeko","Bag of Marbles","Runic Pyramid","Bottled Tornado","Regal Pillow","Runic Cube","HandDrill","Peace Pipe","Ancient Tea Set","Paper Frog","Molten Egg 2"],"acts_visited":["Exordium","TheCity","TheBeyond"],"potions_floor_usage":[6,30,33,33,41,42,45,50],"damage_taken":[{"damage":0.0,"enemies":"Jaw Worm","floor":1.0,"turns":1.0},{"damage":0,"enemies":"Cultist","floor":4,"turns":1},{"damage":0,"enemies":"Small Slimes","floor":5,"turns":1},{"damage":18,"enemies":"3 Sentries","floor":6,"turns":6},{"damage":4,"enemies":"2 Fungi Beasts","floor":7,"turns":2},{"damage":21,"enemies":"3 Sentries","floor":11,"turns":5},{"damage":13,"enemies":"Gremlin Nob","floor":12,"turns":3},{"damage":71,"enemies":"Hexaghost","floor":16,"turns":8},{"damage":5,"enemies":"Chosen","floor":18,"turns":3},{"damage":10,"enemies":"Spheric Guardian","floor":20,"turns":3},{"damage":44,"enemies":"Slavers","floor":24,"turns":3},{"damage":25,"enemies":"Cultist and Chosen","floor":28,"turns":6},{"damage":12,"enemies":"Snecko","floor":30,"turns":5},{"damage":9,"enemies":"Chosen and Byrds","floor":31,"turns":4},{"damage":12,"enemies":"Automaton","floor":33,"turns":5},{"damage":15,"enemies":"Orb Walker","floor":35,"turns":2},{"damage":15,"enemies":"3 Shapes","floor":36,"turns":6},{"damage":22,"enemies":"Writhing Mass","floor":38,"turns":3},{"damage":10,"enemies":"Transient","floor":39,"turns":5},{"damage":50,"enemies":"2 Orb Walkers","floor":41,"turns":3},{"damage":37,"enemies":"Reptomancer","floor":42,"turns":4},{"damage":22,"enemies":"Nemesis","floor":45,"turns":3},{"damage":0,"enemies":"3 Darklings","floor":47,"turns":1},{"damage":20,"enemies":"Maw","floor":48,"turns":3},{"damage":28,"enemies":"Donu and Deca","floor":50,"turns":4}],"seed_played":"-8793342348703114154","potions_obtained":[{"floor":1.0,"key":"Fire Potion"},{"floor":16,"key":"FearPotion"},{"floor":24,"key":"SpeedPotion"},{"floor":28,"key":"Strength Potion"},{"floor":30,"key":"FairyPotion"},{"floor":35,"key":"Explosive Potion"},{"floor":41,"key":"Ancient Potion"},{"floor":44,"key":"Energy Potion"},{"floor":44,"key":"Regen Potion"},{"floor":45,"key":"Ancient Potion"}],"is_trial":false,"path_per_floor":["M","?","$","M","M","E","M","R","T","R","?","E","R","$","R","B",null,"M","$","M","?","?","R","E","R","T","R","M","$","M","M","R","B",null,"M","M","$","M","M","R","?","E","T","?","E","R","M","M","R","B",null],"character_chosen":"IRONCLAD","items_purchased":["Battle Trance","Bag of Marbles","Flex+1","Havoc+1","Sword Boomerang","Battle Trance+1","HandDrill","Intimidate+1"],"campfire_rested":3,"item_purchase_floors":[3,14,14,19,19,29,37,37],"current_hp_per_floor":[80,80,80,80,83,84,89,89,89,89,78,75,75,75,75,14,111,115,115,115,115,115,115,81,81,81,81,70,70,68,69,125,123,143,138,137,137,125,121,121,85,54,54,54,51,117,127,117,179,161],"gold":185,"neow_bonus":"THREE_ENEMY_KILL","is_daily":false,"chose_seed":false,"campfire_upgraded":8,"win_rate":0.0,"timestamp":1611134618,"path_taken":["M","?","$","M","?","E","M","R","T","R","?","E","R","$","R","BOSS","M","$","M","?","?","R","E","R","T","R","M","?","?","M","R","BOSS","M","M","$","M","M","R","?","E","T","?","E","R","M","M","R","BOSS"],"items_purchased_type":["Card","Relic","Card","Card","Card","Card","Relic","Card"],"build_version":"2020-12-22","purchased_purges":0,"victory":true,"max_hp_per_floor":[80,80,80,80,83,96,99,99,99,99,103,107,107,107,107,111,111,115,115,119,119,119,119,123,123,123,123,131,131,135,139,139,143,143,147,155,155,159,159,159,167,167,167,167,171,171,175,179,179,183],"card_choices":[{"not_picked":["Disarm","Shrug It Off"],"picked":"Cleave","floor":1.0},{"not_picked":["Evolve","Thunderclap"],"picked":"Clash","floor":4},{"not_picked":["Rampage","Power Through","Feel No Pain"],"picked":"SKIP","floor":5},{"not_picked":["Second Wind","Havoc"],"picked":"Seeing Red","floor":6},{"not_picked":["Anger","Seeing Red"],"picked":"Bloodletting","floor":7},{"not_picked":["Inflame","Limit Break+1"],"picked":"Flex+1","floor":12},{"not_picked":["Juggernaut","Corruption"],"picked":"Berserk","floor":16},{"not_picked":["Wild Strike","Heavy Blade"],"picked":"Iron Wave","floor":18},{"not_picked":["Dropkick","Twin Strike"],"picked":"Armaments+1","floor":20},{"not_picked":["Bludgeon","Brutality"],"picked":"Feed","floor":24},{"not_picked":["Blood for Blood","Disarm+1"],"picked":"Pummel","floor":28},{"not_picked":["Flex+1","Evolve"],"picked":"Whirlwind+1","floor":30},{"not_picked":["True Grit+1","Body Slam"],"picked":"Flex+1","floor":31},{"not_picked":["Demon Form","Corruption"],"picked":"Brutality","floor":33},{"not_picked":["Armaments+1","Clash"],"picked":"Twin Strike+1","floor":35},{"not_picked":["Perfected Strike+1","Pommel Strike"],"picked":"Pummel+1","floor":36},{"not_picked":["Heavy Blade+1","Shrug It Off+1"],"picked":"Flex+1","floor":38},{"not_picked":["Heavy Blade","Evolve","Ghostly Armor+1"],"picked":"SKIP","floor":39},{"not_picked":["Twin Strike","Entrench+1"],"picked":"Inflame+1","floor":41},{"not_picked":["Corruption","Intimidate+1"],"picked":"Battle Trance+1","floor":42},{"not_picked":["Perfected Strike+1","Second Wind+1"],"picked":"Warcry+1","floor":45},{"not_picked":["Clothesline+1","Sword Boomerang+1"],"picked":"Shockwave+1","floor":47},{"not_picked":["Blood for Blood+1","Pummel+1"],"picked":"True Grit+1","floor":48}],"player_experience":92675,"relics_obtained":[{"floor":6,"key":"Pear"},{"floor":9,"key":"Toxic Egg 2"},{"floor":11,"key":"Sundial"},{"floor":12,"key":"Akabeko"},{"floor":24,"key":"Bottled Tornado"},{"floor":26,"key":"Regal Pillow"},{"floor":41,"key":"Peace Pipe"},{"floor":42,"key":"Ancient Tea Set"},{"floor":43,"key":"Paper Frog"},{"floor":45,"key":"Molten Egg 2"}],"event_choices":[{"damage_healed":0,"gold_gain":0,"player_choice":"2 cards matched","damage_taken":0,"max_hp_gain":0,"max_hp_loss":0,"event_name":"Match and Keep!","floor":2,"gold_loss":0,"cards_obtained":["Headbutt","Feed"]},{"damage_healed":0,"gold_gain":0,"player_choice":"Searched \u00272\u0027 times","damage_taken":0,"max_hp_gain":0,"max_hp_loss":0,"event_name":"Dead Adventurer","floor":11,"gold_loss":0},{"damage_healed":0,"gold_gain":0,"player_choice":"Simplicity","damage_taken":0,"max_hp_gain":0,"max_hp_loss":0,"event_name":"Back to Basics","floor":21,"gold_loss":0,"cards_upgraded":["Strike_R","Strike_R","Strike_R","Strike_R","Strike_R","Defend_R","Defend_R","Defend_R","Defend_R"]},{"damage_healed":0,"gold_gain":0,"player_choice":"Ignored","damage_taken":0,"max_hp_gain":0,"max_hp_loss":0,"event_name":"Ghosts","floor":22,"gold_loss":0},{"damage_healed":0,"gold_gain":0,"player_choice":"Fight","damage_taken":0,"max_hp_gain":0,"max_hp_loss":0,"event_name":"Mysterious Sphere","floor":41,"gold_loss":0},{"damage_healed":0,"gold_gain":0,"player_choice":"Got Potions","damage_taken":0,"max_hp_gain":0,"max_hp_loss":0,"event_name":"Lab","floor":44,"gold_loss":0}],"is_beta":false,"boss_relics":[{"not_picked":["Cursed Key","Busted Crown"],"picked":"Runic Pyramid"},{"not_picked":["Tiny House","Pandora\u0027s Box"],"picked":"Runic Cube"}],"items_purged_floors":[],"is_endless":false,"potions_floor_spawned":[1,16,24,28,30,35,41,45],"ascension_level":0}}