{"host":"Charlie","time":1611122806,"event":{"mods":["100% Spire Juice","Aspiration","BaseMod","Better Match","Better Skull","Better Third Choice","BetterRewards","ChefMod","Colored Map","Colored Powertips","Conspire","Curses Come First","Dota2Spire","Downfall","Ekko","Evolution","Fox Events","Friendly Minions","Halation","Hermit","Hubris","Infinite Spire","Luminous","Melee Mod","Minty Spire (QoL Compilation)","Quick Restart","Rare Cards Sparkle","Relic Stats","Robot Space Explorer","Shade Mod","Spicy Shops","Spire Arcade","StSLib","SuperFastMode","Synergy Search","The Animator","The Blue Laboratory","The Caster","The Cursed","The Dragon Tamer","The Factory","The Gatherer","The Jungle","The Marked","The Necromancer","Unceasing Turn Reminder","vexMod"],"gold_per_floor":[114,0,14,14,14,42,55,55,55,87,87,87,98,23,23,127,127,145,145,165,165,165,165,182,182,182,27,27,27],"floor_reached":28,"language":"ENG","playtime":1146,"items_purged":["Decay"],"score":249,"play_id":"e745dc5a-abd1-489d-8630-59f721483e93","local_time":"20210119220646","is_ascension_mode":false,"campfire_choices":[{"data":"caster:AlternatingCurrent","floor":11,"key":"SMITH"},{"data":"caster:FrostDriver","floor":15,"key":"SMITH"},{"data":"caster:Demi","floor":23,"key":"SMITH"},{"data":"caster:Grimoire","floor":25,"key":"SMITH"}],"circlet_count":0,"master_deck":["caster:Meteor","caster:DivertFocus","Enlightenment","caster:DiamondDust","infinitespire:FutureSight","caster:AlternatingCurrent+1","caster:FrostDriver+1","caster:WallOfThorns","caster:Demi+1","caster:Fissure","caster:Grimoire+1","caster:AlternatingCurrent","caster:FrigidBeam","caster:Sleet","caster:DiamondDust","caster:MegaloSpark","caster:QuickCast","caster:WallOfSwords","caster:WallOfRocks","caster:Sandstorm","caster:Focusyn+1"],"relics":["caster:MagicBook","EVO:Axolotl","NeowsBlessing","Prayer Wheel","Vajra","Gremlin Horn","Dota2Spire:PhaseBoots","InkBottle","Pandora\u0027s Box","Dota2Spire:Vanguard","Anchor"],"acts_visited":["Exordium","TheCity"],"potions_floor_usage":[20],"damage_taken":[{"damage":0,"enemies":"Small Slimes","floor":1,"turns":1},{"damage":0,"enemies":"2 Louse","floor":3,"turns":2},{"damage":0,"enemies":"3 Sentries","floor":6,"turns":1},{"damage":1,"enemies":"Cultist","floor":7,"turns":5},{"damage":10,"enemies":"Lagavulin","floor":10,"turns":8},{"damage":12,"enemies":"3 Louse","floor":13,"turns":4},{"damage":13,"enemies":"Slime Boss","floor":16,"turns":11},{"damage":11,"enemies":"Shell Parasite","floor":18,"turns":4},{"damage":14,"enemies":"Chosen","floor":20,"turns":6},{"damage":6,"enemies":"Centurion and Healer","floor":24,"turns":7},{"damage":47,"enemies":"Slavers","floor":28,"turns":4}],"seed_played":"-3123280754951227501","potions_obtained":[{"floor":3,"key":"blueLaboratory:NullPotion"},{"floor":6,"key":"blueLaboratory:EnragingPotion"},{"floor":13,"key":"blueLaboratory:CorrosionFlask"},{"floor":18,"key":"Fire Potion"},{"floor":24,"key":"champ:CounterPotion"}],"is_trial":false,"path_per_floor":["M","?","M","?","?","E","M","?","T","E","R","?","M","$","R","B",null,"M","?","M","?","?","R","M","R","T","$","E"],"character_chosen":"THE_CASTER","items_purchased":["Anchor"],"campfire_rested":0,"item_purchase_floors":[27],"current_hp_per_floor":[64,70,70,53,53,53,52,52,52,42,42,42,30,30,30,17,70,59,59,45,45,45,45,39,39,39,39,0,0],"gold":27,"neow_bonus":"THREE_ENEMY_KILL","is_daily":false,"chose_seed":false,"campfire_upgraded":4,"win_rate":0.0,"timestamp":1611122806,"path_taken":["M","?","M","?","?","E","?","?","T","E","R","?","M","?","R","BOSS","M","?","M","?","?","R","M","R","T","$","E"],"items_purchased_type":["Relic"],"build_version":"2020-12-18","purchased_purges":1,"victory":false,"max_hp_per_floor":[64,70,70,70,70,70,70,70,70,70,70,70,70,70,70,70,70,70,59,59,59,59,59,59,59,59,59,59,59],"relic_stats":{"Gremlin Horn":[5,5],"counters":[11,53],"Prayer Wheel":5,"Pandora\u0027s Box":["caster:Fissure","caster:Grimoire","caster:AlternatingCurrent","caster:FrigidBeam","caster:Sleet","caster:DiamondDust","caster:MegaloSpark","caster:QuickCast","caster:WallOfSwords"],"obtain_stats":[{"Anchor":27,"NeowsBlessing":0,"Gremlin Horn":9,"Vajra":8,"Prayer Wheel":6,"Pandora\u0027s Box":17,"Dota2Spire:Vanguard":26,"EVO:Axolotl":0,"halation:StarCompass":21,"caster:MagicBook":0,"InkBottle":12,"Dota2Spire:PhaseBoots":10},{"Anchor":10,"NeowsBlessing":0,"Gremlin Horn":4,"Vajra":4,"Prayer Wheel":3,"Pandora\u0027s Box":7,"Dota2Spire:Vanguard":10,"EVO:Axolotl":0,"halation:StarCompass":9,"caster:MagicBook":0,"InkBottle":5,"Dota2Spire:PhaseBoots":5},{"Anchor":49,"NeowsBlessing":0,"Gremlin Horn":9,"Vajra":9,"Prayer Wheel":4,"Pandora\u0027s Box":32,"Dota2Spire:Vanguard":49,"EVO:Axolotl":0,"halation:StarCompass":42,"caster:MagicBook":0,"InkBottle":17,"Dota2Spire:PhaseBoots":17}],"InkBottle":[11]},"card_choices":[{"not_picked":["caster:Enfeeble","caster:QuickCast","caster:AshesToAshes"],"picked":"SKIP","floor":1},{"not_picked":["caster:MagicWeapon","caster:MagicBarrier"],"picked":"caster:DiamondDust","floor":3},{"not_picked":["infinitespire:SealOfDarkness+","hubris:InfiniteBlow+3"],"picked":"infinitespire:FutureSight","floor":4},{"not_picked":["caster:StaticField","caster:FlashFrost","caster:Conflagrate"],"picked":"SKIP","floor":6},{"not_picked":["caster:Cryogenesis","caster:MagicWeapon"],"picked":"caster:AlternatingCurrent","floor":7},{"not_picked":["caster:DiablosFlame","caster:Enfeeble"],"picked":"caster:FrostDriver","floor":7},{"not_picked":["caster:ShivasGrace","caster:MagicWeapon","caster:Fireball"],"picked":"SKIP","floor":10},{"not_picked":["caster:Charge","caster:MagicBarrier"],"picked":"caster:WallOfThorns","floor":13},{"not_picked":["caster:Accumulation","caster:FireWall","caster:Fireball"],"picked":"SKIP","floor":13},{"not_picked":["caster:StormGust","caster:SunGoddessAmaterasu"],"picked":"caster:Demi","floor":16},{"not_picked":["caster:Enfeeble","caster:DiablosFlame"],"picked":"caster:WallOfRocks","floor":18},{"not_picked":["caster:QuickCast","caster:FireWall"],"picked":"caster:Sandstorm","floor":18},{"not_picked":["caster:AlternatingCurrent","caster:Fireball"],"picked":"caster:Focusyn","floor":20},{"not_picked":["caster:FlashFrost","caster:FrostDriver","caster:Fireball+1"],"picked":"SKIP","floor":20},{"not_picked":["caster:DiablosFlame","caster:Charge","caster:NaturalChaos"],"picked":"SKIP","floor":24},{"not_picked":["caster:Sandstorm+1","caster:MagicResonance+1","caster:Fireball+1"],"picked":"SKIP","floor":24}],"player_experience":487812,"relics_obtained":[{"floor":6,"key":"Prayer Wheel"},{"floor":9,"key":"Gremlin Horn"},{"floor":10,"key":"Dota2Spire:PhaseBoots"},{"floor":12,"key":"InkBottle"},{"floor":26,"key":"Dota2Spire:Vanguard"}],"event_choices":[{"damage_healed":0,"gold_gain":0,"player_choice":"RENOUNCE","damage_taken":114,"max_hp_gain":0,"max_hp_loss":0,"event_name":"betterThird:BetterSerpent","floor":2,"gold_loss":114,"cards_obtained":["Enlightenment"]},{"damage_healed":0,"gold_gain":0,"player_choice":"Cursed","damage_taken":0,"max_hp_gain":0,"max_hp_loss":0,"event_name":"Wheel of Change","floor":5,"gold_loss":0,"cards_obtained":["Decay"]},{"damage_healed":0,"gold_gain":0,"player_choice":"Upgraded","damage_taken":0,"max_hp_gain":0,"max_hp_loss":0,"event_name":"Upgrade Shrine","floor":22,"gold_loss":0,"cards_upgraded":["caster:Focusyn"]}],"is_beta":true,"boss_relics":[{"not_picked":["Sozu","Snecko Eye"],"picked":"Pandora\u0027s Box"}],"items_purged_floors":[14],"is_endless":false,"potions_floor_spawned":[3,6,13,18,24],"killed_by":"Slavers","ascension_level":0}}