{"host":"5dk97cf2ubw2v967","time":1611136377,"event":{"mods":["AlwaysNeverKeys","BaseMod","Better Altar","Better Vampires","Block Reminder","Colored Powertips","Downfall","Googly Eyes","Highlight Path","Minty Spire (QoL Compilation)","Permanent Neow","Potion Indicator Mod","Quick Restart","Relic Filter","Relic Stats","Say the Spire","Spicy Shops","StSLib","Waifu the Spire","everything is the same but u backflip on backflip"],"gold_per_floor":[99,109,19,34,50,50,76,73,97,121,133,177,189,234,263,370,382,294,318,31,41,41,41,68,68,100,0,0,14,0,32,32,32,32],"floor_reached":32,"language":"ENG","playtime":2049,"items_purged":["Guardian:Defend_Guardian"],"score":443,"play_id":"5b4183ec-5ba0-4d06-9159-e9b351e08360","local_time":"20210120095257","is_ascension_mode":true,"campfire_choices":[{"data":"Guardian:TwinSlam","floor":1.0,"key":"SMITH"},{"data":"Guardian:StasisField","floor":6.0,"key":"SMITH"},{"data":"Guardian:Reroute","floor":11,"key":"SMITH"},{"floor":18,"key":"RECALL"},{"data":"Guardian:FloatingOrbs","floor":23,"key":"SMITH"},{"data":"Guardian:GemFinder","floor":25,"key":"SMITH"},{"floor":27,"key":"REST"}],"circlet_count":0,"master_deck":["Guardian:Strike_Guardian+1","Guardian:Strike_Guardian","Guardian:Strike_Guardian","Guardian:Strike_Guardian","Guardian:Defend_Guardian","Guardian:Defend_Guardian","Guardian:Defend_Guardian","Guardian:CurlUp","Guardian:TwinSlam+1","Guardian:TimeCapacitor","Guardian:Reroute+1","Guardian:StasisField+1","Guardian:EvasiveProtocol","Guardian:PrismaticBarrier+1","Shame","Guardian:FloatingOrbs+1","Guardian:AncientConstruct","Guardian:GemFinder+1","Guardian:DonusPower","Guardian:GemFinder","Guardian:ChargeUp+1","Guardian:Gem_Cyan","Guardian:Gem_Cyan","Guardian:PrimingBeam+1","Guardian:Gem_Cyan","Guardian:Gem_Cyan","Guardian:Gem_Cyan","Guardian:Planning+1"],"relics":["Black Star","MawBank","Pen Nib","Molten Egg 2","Guardian:StasisCodex","Blood Vial","Guardian:StasisSlotReductionRelic","downfall:HeartBlessingGreen","Membership Card","Toxic Egg 2","GremlinMask","Guardian:DefensiveModeMoreBlock","Nunchaku","Boot","downfall:HeartBlessingRed","Dead Branch","Guardian:PickAxe"],"acts_visited":["Exordium","TheCity"],"potions_floor_usage":[12,14,16,20,21,26],"damage_taken":[{"damage":1.0,"enemies":"Small Slimes","floor":2.0,"turns":4.0},{"damage":5.0,"enemies":"downfall:FleeingMerchant","floor":3.0,"turns":4.0},{"damage":1.0,"enemies":"Cultist","floor":4.0,"turns":3.0},{"damage":0.0,"enemies":"2 Louse","floor":5.0,"turns":2.0},{"damage":1,"enemies":"downfall:FleeingMerchant","floor":8,"turns":4},{"damage":1,"enemies":"Red Slaver","floor":9,"turns":4},{"damage":1,"enemies":"3 Louse","floor":10,"turns":4},{"damage":18,"enemies":"3 Sentries","floor":12,"turns":10},{"damage":13,"enemies":"Lagavulin","floor":14,"turns":8},{"damage":2,"enemies":"Large Slime","floor":15,"turns":5},{"damage":20,"enemies":"IC_STATUS_ARCHETYPE","floor":16,"turns":9},{"damage":8,"enemies":"3 Byrds","floor":19,"turns":4},{"damage":4,"enemies":"downfall:FleeingMerchant","floor":20,"turns":4},{"damage":3,"enemies":"Shell Parasite","floor":21,"turns":5},{"damage":19,"enemies":"Book of Stabbing","floor":26,"turns":6},{"damage":0,"enemies":"downfall:FleeingMerchant","floor":28,"turns":4},{"damage":0,"enemies":"Sentry and Sphere","floor":29,"turns":7},{"damage":20,"enemies":"downfall:FleeingMerchant","floor":30,"turns":4},{"damage":29,"enemies":"Gremlin Leader","floor":31,"turns":9},{"damage":0,"enemies":"Shelled Parasite and Fungi","floor":32,"turns":3}],"seed_played":"5570584944674679994","potions_obtained":[{"floor":2.0,"key":"Guardian:BlockOnCardUsePotion"},{"floor":10,"key":"BlessingOfTheForge"},{"floor":12,"key":"BlessingOfTheForge"},{"floor":14,"key":"DuplicationPotion"},{"floor":15,"key":"CultistPotion"},{"floor":19,"key":"SteroidPotion"},{"floor":31,"key":"SteroidPotion"}],"is_trial":false,"path_per_floor":["R","M","$","M","M","R","T","$","M","M","R","E","?","E","M","B",null,"R","M","$","M","?","R","T","R","E","R","$","M","$","E","M"],"character_chosen":"GUARDIAN","items_purchased":["Membership Card","Toxic Egg 2"],"campfire_rested":1,"item_purchase_floors":[20,20],"current_hp_per_floor":[72,71,66,65,65,65,65,64,63,62,62,44,44,31,31,13,63,63,57,55,54,54,54,54,54,37,61,63,65,47,20,22,22,22],"gold":32,"neow_bonus":"BOSS_RELIC","is_daily":false,"chose_seed":false,"campfire_upgraded":5,"win_rate":0.0,"timestamp":1611136377,"path_taken":["R","M","$","M","M","R","T","$","M","M","R","E","?","E","M","BOSS","R","M","?","M","?","R","T","R","E","R","$","M","$","E","M"],"items_purchased_type":["Relic","Relic"],"build_version":"2020-12-22","purchased_purges":1,"victory":false,"max_hp_per_floor":[80,80,80,80,80,80,80,80,80,80,80,80,80,80,80,80,80,80,80,80,80,80,80,80,80,80,80,80,80,80,80,80,80,80],"relic_stats":{"Blood Vial":22,"Nunchaku":[5],"counters":[20,103],"Dead Branch":[10],"Pen Nib":[13],"Black Star":4,"MawBank":156,"Boot":[18],"obtain_stats":[{"Guardian:DefensiveModeMoreBlock":24,"Guardian:StasisSlotReductionRelic":17,"downfall:HeartBlessingRed":27,"Dead Branch":31,"Guardian:ModeShifter":0,"Guardian:StasisCodex":14,"downfall:HeartBlessingGreen":18,"GremlinMask":22,"Pen Nib":12,"MawBank":7,"Boot":26,"Blood Vial":14,"Guardian:PickAxe":31,"Nunchaku":26,"Molten Egg 2":12,"Black Star":0,"Membership Card":20,"Toxic Egg 2":20},{"Guardian:DefensiveModeMoreBlock":14,"Guardian:StasisSlotReductionRelic":11,"downfall:HeartBlessingRed":15,"Dead Branch":19,"Guardian:ModeShifter":0,"Guardian:StasisCodex":9,"downfall:HeartBlessingGreen":11,"GremlinMask":14,"Pen Nib":8,"MawBank":4,"Boot":15,"Blood Vial":9,"Guardian:PickAxe":19,"Nunchaku":15,"Molten Egg 2":8,"Black Star":0,"Membership Card":13,"Toxic Egg 2":13},{"Guardian:DefensiveModeMoreBlock":70,"Guardian:StasisSlotReductionRelic":57,"downfall:HeartBlessingRed":76,"Dead Branch":100,"Guardian:ModeShifter":0,"Guardian:StasisCodex":43,"downfall:HeartBlessingGreen":57,"GremlinMask":70,"Pen Nib":35,"MawBank":13,"Boot":76,"Blood Vial":43,"Guardian:PickAxe":100,"Nunchaku":76,"Molten Egg 2":35,"Black Star":0,"Membership Card":65,"Toxic Egg 2":65}]},"card_choices":[{"not_picked":["Guardian:VentSteam","Guardian:RefractedBeam"],"picked":"Guardian:TimeCapacitor","floor":2.0},{"not_picked":["Guardian:RollAttack","Guardian:Suspension"],"picked":"Guardian:Reroute","floor":3.0},{"not_picked":["Guardian:PiercingHide","Guardian:ShieldSpikes"],"picked":"Guardian:StasisField","floor":4.0},{"not_picked":["Guardian:Repulse","Guardian:RollAttack"],"picked":"Guardian:Gem_Cyan","floor":5.0},{"not_picked":["Guardian:ShieldSpikes","Guardian:VentSteam"],"picked":"Guardian:EvasiveProtocol","floor":8},{"not_picked":["Guardian:Gem_Green","Guardian:BodySlam"],"picked":"Guardian:Gem_Blue","floor":9},{"not_picked":["Guardian:TimeBomb","Guardian:GuardianWhirl"],"picked":"Guardian:PrismaticBarrier","floor":10},{"not_picked":["Guardian:CrystalBeam+1","Guardian:Harden","Guardian:VentSteam"],"picked":"SKIP","floor":12},{"not_picked":["Guardian:Planning","Guardian:BodySlam+1"],"picked":"Guardian:FloatingOrbs","floor":14},{"not_picked":["Guardian:PiercingHide","Guardian:TemporalStrike+1"],"picked":"Guardian:AncientConstruct","floor":15},{"not_picked":["Guardian:RevengeProtocol","Guardian:ExploitGems"],"picked":"Guardian:GemFinder","floor":16},{"not_picked":["Guardian:Gem_Red","Guardian:Gem_Green"],"picked":"Guardian:Gem_Cyan","floor":19},{"not_picked":["Guardian:Recover","Guardian:Gem_Green"],"picked":"Guardian:DonusPower","floor":19},{"not_picked":["Guardian:PrismaticBarrier","Guardian:Incinerate+1"],"picked":"Guardian:Gem_Cyan","floor":20},{"not_picked":["Guardian:Gem_Lightblue","Guardian:Gem_Red"],"picked":"Guardian:Gem_Cyan","floor":21},{"not_picked":["Guardian:Recover+1","Guardian:MultiBeam+1"],"picked":"Guardian:Gem_Cyan","floor":21},{"not_picked":["Guardian:Gem_Lightblue","Guardian:Gem_Red"],"picked":"Guardian:Gem_Cyan","floor":26},{"not_picked":["Guardian:Gem_Blue","Guardian:TemporalShield+1"],"picked":"Guardian:GemFinder","floor":26},{"not_picked":["Guardian:SentryBeam+1","Guardian:RollAttack+1"],"picked":"Guardian:ChargeUp+1","floor":28},{"not_picked":["Guardian:Gem_Red","Guardian:Gem_Lightblue"],"picked":"Guardian:Gem_Cyan","floor":29},{"not_picked":["Guardian:Gem_Green","Guardian:Gem_Red"],"picked":"Guardian:Gem_Cyan","floor":29},{"not_picked":["Guardian:RollAttack+1","Guardian:Gem_Purple"],"picked":"Guardian:PrimingBeam+1","floor":29},{"not_picked":["Guardian:TemporalShield+1","Guardian:FierceBash+1"],"picked":"Guardian:Gem_Cyan","floor":30},{"not_picked":["Guardian:Gem_Green","Guardian:Gem_Red"],"picked":"Guardian:Gem_Cyan","floor":31},{"not_picked":["Guardian:Gem_Green","Guardian:Gem_Red"],"picked":"Guardian:Gem_Cyan","floor":31},{"not_picked":["Guardian:Gem_Red","Guardian:SphericShield+1"],"picked":"Guardian:Planning+1","floor":31}],"player_experience":1239833,"relics_obtained":[{"floor":7.0,"key":"MawBank"},{"floor":12,"key":"Pen Nib"},{"floor":12,"key":"Molten Egg 2"},{"floor":14,"key":"Guardian:StasisCodex"},{"floor":14,"key":"Blood Vial"},{"floor":24,"key":"Guardian:DefensiveModeMoreBlock"},{"floor":26,"key":"Nunchaku"},{"floor":26,"key":"Boot"},{"floor":31,"key":"Dead Branch"},{"floor":31,"key":"Guardian:PickAxe"}],"event_choices":[{"damage_healed":0,"gold_gain":0,"player_choice":"Trade","damage_taken":0,"relics_obtained":["GremlinMask"],"max_hp_gain":0,"max_hp_loss":0,"event_name":"FaceTrader","floor":22,"gold_loss":0}],"is_beta":false,"boss_relics":[{"not_picked":["Sozu","Cursed Key"],"picked":"Guardian:StasisSlotReductionRelic"}],"items_purged_floors":[3],"is_endless":false,"potions_floor_spawned":[2,10,12,14,15,19,31],"killed_by":"Shelled Parasite and Fungi","ascension_level":9}}