{"host":"sav7uxregyirlf69","time":1611129820,"event":{"mods":["AchievementEnabler","BaseMod","Colored Map","DeckTracker","Keyboard Shortcuts","Minty Spire (QoL Compilation)","READ ME - Guardian Mod","StSLib","SuperFastMode"],"gold_per_floor":[110,33,83,96,96,137,137,160,160,48,48,89,103,119,119,209,209,230,230,70,70,87,87,116,116,116,116,132,8,34,44,44,118,118,129,29,46,63,75,100,100,100,100,100,126,179,194,229,229,229,229,229,229,3,30,30,30],"floor_reached":56,"language":"KOR","playtime":2190,"items_purged":["Strike_B","Machine Learning+1"],"score":2116,"play_id":"98505d92-e330-4f51-9a45-dd6edc1edbf1","local_time":"20210120170340","is_ascension_mode":true,"campfire_choices":[{"data":"Dualcast","floor":7.0,"key":"SMITH"},{"data":"Go for the Eyes","floor":11.0,"key":"SMITH"},{"data":"White Noise","floor":15.0,"key":"SMITH"},{"data":"Self Repair","floor":23.0,"key":"SMITH"},{"floor":32.0,"key":"RECALL"},{"data":"Hologram","floor":41.0,"key":"SMITH"},{"data":"Zap","floor":44.0,"key":"SMITH"},{"data":"Reboot","floor":49.0,"key":"SMITH"},{"data":"Force Field","floor":53.0,"key":"SMITH"}],"circlet_count":0,"master_deck":["AscendersBane","Zap+1","Dualcast+1","Cold Snap","Self Repair+1","Chill","Rebound","Go for the Eyes+1","Defragment+1","Defragment+1","Defragment+1","White Noise+1","Creative AI+1","Echo Form+1","Barrage","Heatsinks+1","Glacier","Stack","Recycle+1","Creative AI+1","Force Field+1","Hologram+1","Sunder","Gash","Parasite","Reboot+1"],"relics":["FrozenCore","NeowsBlessing","Bloody Idol","Frozen Egg 2","Meat on the Bone","Blood Vial","Enchiridion","Runic Capacitor","Juzu Bracelet","Bird Faced Urn","Pandora\u0027s Box","Lantern","Darkstone Periapt","Girya","Orichalcum","Medical Kit","Oddly Smooth Stone"],"acts_visited":["Exordium","TheCity","TheBeyond","TheEnding"],"potions_floor_usage":[56],"damage_taken":[{"damage":0.0,"enemies":"Small Slimes","floor":1.0,"turns":1.0},{"damage":0.0,"enemies":"Cultist","floor":4.0,"turns":1.0},{"damage":0.0,"enemies":"Gremlin Nob","floor":6.0,"turns":1.0},{"damage":0.0,"enemies":"2 Louse","floor":8.0,"turns":3.0},{"damage":8.0,"enemies":"3 Sentries","floor":12.0,"turns":6.0},{"damage":3.0,"enemies":"Exordium Wildlife","floor":13.0,"turns":5.0},{"damage":13.0,"enemies":"Exordium Thugs","floor":14.0,"turns":6.0},{"damage":15.0,"enemies":"The Guardian","floor":16.0,"turns":11.0},{"damage":0.0,"enemies":"Spheric Guardian","floor":18.0,"turns":6.0},{"damage":6.0,"enemies":"Shell Parasite","floor":22.0,"turns":8.0},{"damage":16.0,"enemies":"Slavers","floor":24.0,"turns":5.0},{"damage":2.0,"enemies":"Snecko","floor":28.0,"turns":8.0},{"damage":29.0,"enemies":"Gremlin Leader","floor":30.0,"turns":12.0},{"damage":0.0,"enemies":"Centurion and Healer","floor":31.0,"turns":10.0},{"damage":1.0,"enemies":"Automaton","floor":33.0,"turns":9.0},{"damage":0.0,"enemies":"Orb Walker","floor":35.0,"turns":7.0},{"damage":3.0,"enemies":"3 Darklings","floor":37.0,"turns":8.0},{"damage":0.0,"enemies":"Writhing Mass","floor":38.0,"turns":10.0},{"damage":38.0,"enemies":"Spire Growth","floor":39.0,"turns":5.0},{"damage":40.0,"enemies":"Reptomancer","floor":40.0,"turns":7.0},{"damage":12.0,"enemies":"Nemesis","floor":45.0,"turns":9.0},{"damage":13.0,"enemies":"2 Orb Walkers","floor":46.0,"turns":3.0},{"damage":0.0,"enemies":"Maw","floor":47.0,"turns":6.0},{"damage":0.0,"enemies":"Giant Head","floor":48.0,"turns":10.0},{"damage":44.0,"enemies":"Time Eater","floor":50.0,"turns":10.0},{"damage":0.0,"enemies":"Awakened One","floor":51.0,"turns":11.0},{"damage":22.0,"enemies":"Shield and Spear","floor":55.0,"turns":8.0},{"damage":70,"enemies":"The Heart","floor":56,"turns":3}],"seed_played":"7197915856278764219","potions_obtained":[{"floor":4.0,"key":"Explosive Potion"},{"floor":6.0,"key":"AttackPotion"},{"floor":12.0,"key":"EntropicBrew"},{"floor":14.0,"key":"LiquidBronze"},{"floor":18.0,"key":"Energy Potion"},{"floor":31.0,"key":"EntropicBrew"},{"floor":39.0,"key":"PowerPotion"},{"floor":45.0,"key":"BlessingOfTheForge"}],"is_trial":false,"path_per_floor":["M","$","?","M","?","E","R","M","T","$","R","E","M","M","R","B",null,"M","?","$","?","M","R","E","?","T","?","M","$","E","M","R","B",null,"M","$","M","M","M","E","R","?","T","R","E","?","M","E","R","B","B",null,"R","$","E","B"],"character_chosen":"DEFECT","items_purchased":["Self Repair","Defragment+1","Runic Capacitor","Heatsinks+1","Glacier","Medical Kit","Block Potion"],"campfire_rested":0,"item_purchase_floors":[2,10,20,29,29,54,54],"current_hp_per_floor":[64,64,57,57,57,64,64,64,64,64,64,63,64,58,58,52,61,64,43,43,43,51,51,52,52,52,52,64,64,50,64,64,64,64,64,64,64,64,55,64,64,64,64,64,64,62,64,64,64,64,64,64,64,64,64,0,0],"gold":30,"neow_bonus":"THREE_ENEMY_KILL","is_daily":false,"chose_seed":false,"campfire_upgraded":8,"win_rate":0.0,"timestamp":1611129820,"path_taken":["M","$","?","?","?","E","R","M","T","?","R","E","M","M","R","BOSS","M","?","$","?","M","R","E","?","T","?","M","$","E","M","R","BOSS","M","$","M","M","M","E","R","?","T","R","E","?","M","E","R","BOSS","BOSS","R","$","E","BOSS"],"items_purchased_type":["Card","Card","Relic","Card","Card","Relic","Potion"],"build_version":"2020-12-22","purchased_purges":2,"victory":false,"max_hp_per_floor":[71,71,71,71,64,64,64,64,64,64,64,64,64,64,64,64,64,64,64,64,64,64,64,64,64,64,64,64,64,64,64,64,64,64,64,64,64,64,64,64,64,64,64,64,64,64,64,64,64,64,64,64,64,64,64,64,64],"card_choices":[{"not_picked":["Sweeping Beam","Melter"],"picked":"Cold Snap","floor":1.0},{"not_picked":["Scrape","Compile Driver"],"picked":"Chill","floor":4.0},{"not_picked":["Genetic Algorithm","Streamline"],"picked":"Rebound","floor":6.0},{"not_picked":["Tempest","Coolheaded"],"picked":"Go for the Eyes","floor":8.0},{"not_picked":["Fusion","Skim"],"picked":"Defragment+1","floor":12.0},{"not_picked":["Reinforced Body","Leap"],"picked":"Defragment+1","floor":13.0},{"not_picked":["Barrage","Stack"],"picked":"White Noise","floor":14.0},{"not_picked":["Machine Learning+1","All For One"],"picked":"Creative AI+1","floor":16.0},{"not_picked":["Cold Snap","Redo","Steam"],"picked":"SKIP","floor":18.0},{"not_picked":["Compile Driver","Streamline","Stack"],"picked":"SKIP","floor":22.0},{"not_picked":["Meteor Strike","Auto Shields","Cold Snap"],"picked":"SKIP","floor":24.0},{"not_picked":["Compile Driver","Conserve Battery","Aggregate"],"picked":"SKIP","floor":28.0},{"not_picked":["Stack","Genetic Algorithm","Leap"],"picked":"SKIP","floor":30.0},{"not_picked":["Genetic Algorithm","Leap"],"picked":"Stack","floor":30.0},{"not_picked":["Aggregate","Thunder Strike"],"picked":"Recycle+1","floor":31.0},{"not_picked":["Reboot","Machine Learning+1"],"picked":"Creative AI+1","floor":33.0},{"not_picked":["Gash","Go for the Eyes","Conserve Battery"],"picked":"SKIP","floor":35.0},{"not_picked":["Leap+1","Reinforced Body","Go for the Eyes"],"picked":"SKIP","floor":37.0},{"not_picked":["Beam Cell+1","Leap","Rebound"],"picked":"SKIP","floor":38.0},{"not_picked":["Conserve Battery","Redo","Stack"],"picked":"SKIP","floor":39.0},{"not_picked":["Rebound","Cold Snap+1","Gash+1"],"picked":"SKIP","floor":40.0},{"not_picked":["Streamline","Glacier+1"],"picked":"Reboot","floor":45.0},{"not_picked":["Rebound","Beam Cell+1","Cold Snap"],"picked":"SKIP","floor":47.0},{"not_picked":["Compile Driver","Ball Lightning+1","Genetic Algorithm"],"picked":"SKIP","floor":48.0},{"not_picked":["Sweeping Beam","Darkness+1","Stack"],"picked":"SKIP","floor":55.0}],"player_experience":1325255,"relics_obtained":[{"floor":6.0,"key":"Frozen Egg 2"},{"floor":9.0,"key":"Meat on the Bone"},{"floor":12.0,"key":"Blood Vial"},{"floor":19.0,"key":"Enchiridion"},{"floor":26.0,"key":"Juzu Bracelet"},{"floor":30.0,"key":"Bird Faced Urn"},{"floor":40.0,"key":"Lantern"},{"floor":45.0,"key":"Darkstone Periapt"},{"floor":46.0,"key":"Girya"},{"floor":48.0,"key":"Orichalcum"},{"floor":55.0,"key":"Oddly Smooth Stone"}],"event_choices":[{"damage_healed":0.0,"max_hp_gain":0.0,"max_hp_loss":0.0,"gold_gain":50.0,"event_name":"FaceTrader","player_choice":"Touch","floor":3.0,"gold_loss":0.0,"damage_taken":7.0},{"damage_healed":0.0,"max_hp_gain":0.0,"max_hp_loss":7.0,"gold_gain":0.0,"event_name":"Golden Idol","player_choice":"Lose Max HP","floor":5.0,"gold_loss":0.0,"damage_taken":0.0,"relics_obtained":["Golden Idol"]},{"damage_healed":0.0,"max_hp_gain":0.0,"max_hp_loss":0.0,"gold_gain":0.0,"event_name":"Cursed Tome","player_choice":"Obtained Book","floor":19.0,"gold_loss":0.0,"damage_taken":21.0},{"damage_healed":0.0,"max_hp_gain":0.0,"max_hp_loss":0.0,"gold_gain":0.0,"event_name":"Forgotten Altar","player_choice":"Gave Idol","floor":21.0,"relics_lost":["Golden Idol"],"gold_loss":0.0,"damage_taken":0.0,"relics_obtained":["Bloody Idol"]},{"damage_healed":0.0,"max_hp_gain":0.0,"max_hp_loss":0.0,"gold_gain":0.0,"cards_transformed":["Strike_B","Strike_B"],"event_name":"Drug Dealer","player_choice":"Became Test Subject","floor":25.0,"gold_loss":0.0,"damage_taken":0.0,"cards_obtained":["Echo Form","Barrage"]},{"damage_healed":0.0,"max_hp_gain":0.0,"max_hp_loss":0.0,"gold_gain":0.0,"event_name":"The Mausoleum","player_choice":"Ignored","floor":27.0,"gold_loss":0.0,"damage_taken":0.0},{"damage_healed":0.0,"max_hp_gain":0.0,"max_hp_loss":0.0,"gold_gain":0.0,"event_name":"Match and Keep!","player_choice":"0 cards matched","floor":42.0,"gold_loss":0.0,"damage_taken":0.0,"cards_obtained":[]},{"damage_healed":0.0,"max_hp_gain":0.0,"max_hp_loss":0.0,"gold_gain":0.0,"event_name":"Mysterious Sphere","player_choice":"Fight","floor":46.0,"gold_loss":0.0,"damage_taken":0.0}],"is_beta":false,"boss_relics":[{"not_picked":["Velvet Choker","Runic Dome"],"picked":"FrozenCore"},{"not_picked":["Tiny House","Empty Cage"],"picked":"Pandora\u0027s Box"}],"items_purged_floors":[10,36],"is_endless":false,"potions_floor_spawned":[4,6,12,14,18,24,28,31,38,39,45,46,55],"killed_by":"The Heart","ascension_level":20}}