{"host":"c6u7e77myxvw4d0m","time":1611105977,"event":{"mods":["AchievementEnabler","BaseMod","Bestiary","Colored Map","Colored Powertips","Minty Spire (QoL Compilation)","Rare Cards Sparkle","Relic Stats","everything is the same but u backflip on backflip"],"gold_per_floor":[217,231,248,248,5,36,36,70,96,46,64,64,64,78,78,153,153,170,9,28,46,59,93,93,122,149,149,149,182,182,182,182],"floor_reached":31,"language":"ENG","playtime":4764,"items_purged":[],"score":580,"play_id":"37feffec-eee6-4595-bf1e-d020de766526","local_time":"20210120032617","is_ascension_mode":true,"campfire_choices":[{"data":"Crippling Poison","floor":7.0,"key":"SMITH"},{"floor":13.0,"key":"REST"},{"data":"Predator","floor":15.0,"key":"SMITH"},{"data":"Neutralize","floor":24,"key":"SMITH"},{"data":"After Image","floor":27,"key":"SMITH"}],"circlet_count":0,"master_deck":["AscendersBane","Strike_G","Strike_G","Strike_G","Strike_G","Defend_G","Defend_G","Defend_G","Defend_G","Defend_G","Survivor","Neutralize+1","Blade Dance","Dagger Throw","After Image+1","Crippling Poison+1","Venomology","Cloak And Dagger","Predator+1","Bane","Dagger Spray","Adrenaline","Bouncing Flask","PiercingWail","Backflip","Deadly Poison+1","Envenom+1"],"relics":["Ring of the Snake","PreservedInsect","Toy Ornithopter","Art of War","Happy Flower","Frozen Egg 2","Coffee Dripper","Orrery","Smiling Mask","Strawberry","Du-Vu Doll","Nloth\u0027s Gift"],"acts_visited":["Exordium","TheCity"],"potions_floor_usage":[21,21,23,25,28,29,29],"damage_taken":[{"damage":0.0,"enemies":"2 Louse","floor":1.0,"turns":4.0},{"damage":1.0,"enemies":"Cultist","floor":2.0,"turns":4.0},{"damage":1.0,"enemies":"Jaw Worm","floor":3.0,"turns":3.0},{"damage":28.0,"enemies":"Gremlin Nob","floor":6.0,"turns":4.0},{"damage":25.0,"enemies":"Lagavulin","floor":8.0,"turns":10.0},{"damage":5.0,"enemies":"Lots of Slimes","floor":11.0,"turns":3.0},{"damage":0.0,"enemies":"Exordium Thugs","floor":14.0,"turns":4.0},{"damage":42.0,"enemies":"The Guardian","floor":16.0,"turns":15.0},{"damage":0.0,"enemies":"Chosen","floor":18.0,"turns":4.0},{"damage":1.0,"enemies":"Spheric Guardian","floor":20.0,"turns":5.0},{"damage":26,"enemies":"Shelled Parasite and Fungi","floor":21,"turns":4},{"damage":20,"enemies":"Snecko","floor":22,"turns":5},{"damage":13,"enemies":"Gremlin Leader","floor":23,"turns":5},{"damage":11,"enemies":"Slavers","floor":25,"turns":4},{"damage":0,"enemies":"Snake Plant","floor":28,"turns":1},{"damage":20,"enemies":"Gremlin Leader","floor":29,"turns":6},{"damage":16,"enemies":"Sentry and Sphere","floor":31,"turns":3}],"seed_played":"-1601676764517059033","potions_obtained":[{"floor":2.0,"key":"Explosive Potion"},{"floor":6.0,"key":"SkillPotion"},{"floor":8.0,"key":"SpeedPotion"},{"floor":14.0,"key":"ColorlessPotion"},{"floor":23,"key":"Swift Potion"}],"is_trial":false,"path_per_floor":["M","M","M","?","$","E","R","E","T","$","M","T","R","M","R","B",null,"M","$","M","M","M","E","R","E","T","R","M","E","?","M"],"character_chosen":"THE_SILENT","items_purchased":["PreservedInsect","Venomology","Bane","Orrery"],"campfire_rested":1,"item_purchase_floors":[5,5,10,19],"current_hp_per_floor":[59,58,57,57,57,29,29,14,14,14,14,14,33,38,38,11,52,57,57,56,40,20,12,12,6,13,13,18,8,8,0,0],"gold":182,"neow_bonus":"HUNDRED_GOLD","is_daily":false,"chose_seed":false,"campfire_upgraded":4,"win_rate":0.0,"timestamp":1611105977,"path_taken":["M","M","M","?","$","E","R","E","T","?","M","?","R","?","R","BOSS","M","$","M","?","M","E","R","E","T","R","M","E","?","M"],"items_purchased_type":["Relic","Card","Card","Relic"],"build_version":"2020-12-22","purchased_purges":0,"victory":false,"max_hp_per_floor":[66,66,66,66,66,66,66,66,66,66,66,66,66,66,66,66,66,66,66,66,66,66,66,66,66,73,73,73,73,73,73,73],"relic_stats":{"Happy Flower":[19],"counters":[17,84],"PreservedInsect":190,"Art of War":[5],"Nloth\u0027s Gift":0,"Smiling Mask":0,"obtain_stats":[{"Regal Pillow":25,"Happy Flower":9,"PreservedInsect":5,"Frozen Egg 2":12,"Smiling Mask":23,"Du-Vu Doll":29,"Strawberry":26,"Orrery":19,"Art of War":8,"Coffee Dripper":17,"Nloth\u0027s Gift":30,"Toy Ornithopter":6,"Ring of the Snake":0},{"Regal Pillow":14,"Happy Flower":5,"PreservedInsect":3,"Frozen Egg 2":6,"Smiling Mask":13,"Du-Vu Doll":16,"Strawberry":14,"Orrery":9,"Art of War":5,"Coffee Dripper":8,"Nloth\u0027s Gift":16,"Toy Ornithopter":4,"Ring of the Snake":0},{"Regal Pillow":74,"Happy Flower":25,"PreservedInsect":11,"Frozen Egg 2":28,"Smiling Mask":70,"Du-Vu Doll":81,"Strawberry":74,"Orrery":51,"Art of War":25,"Coffee Dripper":47,"Nloth\u0027s Gift":81,"Toy Ornithopter":15,"Ring of the Snake":0}],"Toy Ornithopter":75,"Ring of the Snake":[34]},"card_choices":[{"not_picked":["Slice","Caltrops"],"picked":"Blade Dance","floor":1.0},{"not_picked":["Quick Slash","Backflip"],"picked":"Dagger Throw","floor":2.0},{"not_picked":["Flying Knee","Blade Dance"],"picked":"After Image","floor":3.0},{"not_picked":["Flying Knee","Dagger Throw"],"picked":"Cloak And Dagger","floor":6.0},{"not_picked":["Bullet Time","Sucker Punch"],"picked":"Predator","floor":8.0},{"not_picked":["Bane","Prepared"],"picked":"Dagger Spray","floor":11.0},{"not_picked":["Slice","Quick Slash","Calculated Gamble"],"picked":"SKIP","floor":14.0},{"not_picked":["Tools of the Trade+1","Burst"],"picked":"Adrenaline","floor":16.0},{"not_picked":["Distraction","Riddle With Holes"],"picked":"Bouncing Flask","floor":18.0},{"not_picked":["Concentrate","Choke"],"picked":"PiercingWail","floor":19.0},{"not_picked":["Flying Knee","Bane"],"picked":"Backflip","floor":19.0},{"not_picked":["Backflip","Dagger Throw","Outmaneuver"],"picked":"SKIP","floor":20.0},{"not_picked":["Eviscerate","Flechettes","Predator"],"picked":"SKIP","floor":21},{"not_picked":["Quick Slash","Backflip","Cloak And Dagger"],"picked":"SKIP","floor":22},{"not_picked":["Finisher","Acrobatics"],"picked":"Deadly Poison+1","floor":23},{"not_picked":["Unload","Blur","Bane"],"picked":"SKIP","floor":25},{"not_picked":["Backflip","Bane"],"picked":"Envenom+1","floor":29}],"player_experience":411392,"relics_obtained":[{"floor":6.0,"key":"Toy Ornithopter"},{"floor":8.0,"key":"Art of War"},{"floor":9.0,"key":"Happy Flower"},{"floor":12.0,"key":"Frozen Egg 2"},{"floor":23,"key":"Smiling Mask"},{"floor":25,"key":"Regal Pillow"},{"floor":26,"key":"Strawberry"},{"floor":29,"key":"Du-Vu Doll"}],"event_choices":[{"damage_healed":0.0,"max_hp_gain":0.0,"max_hp_loss":0.0,"gold_gain":0.0,"cards_transformed":["Strike_G"],"event_name":"Transmorgrifier","player_choice":"Transformed","floor":4.0,"gold_loss":0.0,"damage_taken":0.0,"cards_obtained":["Crippling Poison"]},{"damage_healed":0,"gold_gain":0,"player_choice":"Traded Relic","damage_taken":0,"relics_obtained":["Nloth\u0027s Gift"],"max_hp_gain":0,"max_hp_loss":0,"event_name":"N\u0027loth","floor":30,"relics_lost":["Regal Pillow"],"gold_loss":0}],"is_beta":false,"boss_relics":[{"not_picked":["Ring of the Serpent","Fusion Hammer"],"picked":"Coffee Dripper"}],"items_purged_floors":[],"is_endless":false,"potions_floor_spawned":[2,6,8,14,23,28],"killed_by":"Sentry and Sphere","ascension_level":18}}