{"host":"wmg3fl10arlg3jig","time":1611110478,"event":{"mods":["BaseMod","Better Match","Better Note","BetterRewards","Colored Powertips","MarisaÅiñ∂âJÅ@ñÇóùçπÅj","Mimic Mod","Minty Spire (QoL Compilation)","Permanent Neow","Quick Restart","Shop Mod","StSLib","Td1madao Mod","The Animator","The Jungle"],"gold_per_floor":[109,128,128,141,151,180,192,192,192,205,205,40,56,66,66,140,140,156,156,156,167,34,34,59,72,72,72,72,90,90,90,90,164,164,181,61,0,17,17,17,48,48,78,124,171,189,189,222,222,222,222],"floor_reached":50,"language":"ENG","playtime":1574,"items_purged":["Strike_MRS","Strike_MRS","Strike_MRS","Defend_MRS"],"score":1480,"play_id":"af28f17a-8ca5-4ba3-8dfd-bd5e0b2efe1d","local_time":"20210119204118","is_ascension_mode":true,"campfire_choices":[{"data":"MysteriousBeam","floor":8,"key":"SMITH"},{"data":"MysteriousBeam","floor":15,"key":"SMITH"},{"floor":23,"key":"RECALL"},{"data":"GalacticHalo","floor":30,"key":"SMITH"},{"data":"GalacticHalo","floor":32,"key":"SMITH"},{"floor":40,"key":"REST"},{"data":"Defend_MRS","floor":42,"key":"SMITH"},{"floor":47,"key":"REST"},{"floor":49,"key":"REST"}],"circlet_count":0,"master_deck":["AscendersBane","Defend_MRS+1","Defend_MRS","Defend_MRS+1","MasterSpark+1","GalacticHalo+1","MysteriousBeam+1","GalacticHalo+1","ManaRampage+1"],"relics":["MiniHakkero","MerchantsRug","Medical Kit","Question Card","Oddly Smooth Stone","SimpleLauncher","Bag of Marbles","Bag of Preparation","Lee\u0027s Waffle","Omamori","Whetstone","AmplifyWand","War Paint","Runic Dome","The Courier","Chemical X","Mummified Hand","Happy Flower","RampagingMagicTools","Red Mask","Gambling Chip","CaptainsWheel","Peace Pipe","CatCart","Blood Vial"],"acts_visited":["Exordium","TheCity","TheBeyond"],"potions_floor_usage":[41,45],"damage_taken":[{"damage":0,"enemies":"2 Louse","floor":1,"turns":2},{"damage":0,"enemies":"Cultist","floor":2,"turns":2},{"damage":3,"enemies":"Small Slimes","floor":4,"turns":3},{"damage":5,"enemies":"Exordium Thugs","floor":5,"turns":4},{"damage":7,"enemies":"Lagavulin","floor":6,"turns":7},{"damage":0,"enemies":"Blue Slaver","floor":7,"turns":1},{"damage":4,"enemies":"Lots of Slimes","floor":10,"turns":3},{"damage":0,"enemies":"Looter","floor":13,"turns":1},{"damage":0,"enemies":"Exordium Wildlife","floor":14,"turns":1},{"damage":38,"enemies":"Hexaghost","floor":16,"turns":5},{"damage":0,"enemies":"Shell Parasite","floor":18,"turns":1},{"damage":0,"enemies":"2 Thieves","floor":21,"turns":1},{"damage":0,"enemies":"Book of Stabbing","floor":24,"turns":2},{"damage":0,"enemies":"Snecko","floor":25,"turns":1},{"damage":0,"enemies":"Chosen and Byrds","floor":29,"turns":1},{"damage":32,"enemies":"Champ","floor":33,"turns":5},{"damage":0,"enemies":"Orb Walker","floor":35,"turns":1},{"damage":14,"enemies":"3 Shapes","floor":38,"turns":2},{"damage":3,"enemies":"Reptomancer","floor":41,"turns":2},{"damage":0,"enemies":"Maw","floor":43,"turns":6},{"damage":0,"enemies":"2 Orb Walkers","floor":44,"turns":1},{"damage":13,"enemies":"Orin","floor":45,"turns":7},{"damage":22,"enemies":"Maw","floor":46,"turns":3},{"damage":3,"enemies":"Transient","floor":48,"turns":5},{"damage":111,"enemies":"Time Eater","floor":50,"turns":6}],"seed_played":"5837559934340835891","potions_obtained":[{"floor":4,"key":"Fire Potion"},{"floor":38,"key":"PowerPotion"}],"is_trial":false,"path_per_floor":["M","M","?","M","M","E","M","R","T","M","?","$","M","M","R","B",null,"M","$","?","M","$","R","E","M","T","$","?","M","R","?","R","B",null,"M","$","?","M","?","R","E","R","MIM","?","?","M","R","MIM","R","B"],"character_chosen":"MARISA","items_purchased":["MerchantsRug","Medical Kit","Question Card","Oddly Smooth Stone","Weak Potion","Swift Potion","SimpleLauncher","Bag of Marbles","GalacticHalo","Bag of Preparation","Lee\u0027s Waffle","Omamori","War Paint","Chemical X"],"campfire_rested":3,"item_purchase_floors":[0,0,0,0,0,0,0,0,0,0,0,0,12,22],"current_hp_per_floor":[77,77,77,74,69,62,62,62,62,58,58,58,58,58,58,20,63,63,63,63,63,63,63,63,63,63,63,63,63,63,63,63,31,66,66,66,66,52,52,75,72,72,72,72,59,37,60,57,77,0,0],"gold":222,"neow_bonus":"","is_daily":false,"chose_seed":false,"campfire_upgraded":5,"win_rate":0.0,"timestamp":1611110478,"path_taken":["M","M","?","M","?","E","M","R","T","?","?","$","M","M","R","BOSS","M","$","?","M","$","R","E","M","T","$","?","?","R","?","R","BOSS","M","$","?","M","?","R","E","R","MIM","?","?","M","R","?","R","BOSS"],"items_purchased_type":["Relic","Relic","Relic","Relic","Potion","Potion","Relic","Relic","Card","Relic","Relic","Relic","Relic","Relic"],"build_version":"2020-12-22","purchased_purges":4,"victory":false,"max_hp_per_floor":[77,77,77,77,77,77,77,77,77,77,77,77,77,77,77,77,77,77,77,77,77,77,77,77,77,77,77,77,77,77,77,77,77,77,77,77,77,77,77,77,77,77,77,77,77,77,77,77,77,77,77],"card_choices":[{"not_picked":["ShootingEcho","AsteroidBelt","IllusionStar"],"picked":"MysteriousBeam","floor":1},{"not_picked":["AsteroidBelt","Robbery","LuminesStrike","UnstableBomb"],"picked":"SKIP","floor":2},{"not_picked":["MaximisePower","DC","OortCloud"],"picked":"GalacticHalo","floor":4},{"not_picked":["UnstableBomb","OrrerysSun","ManaConvection","EarthLightRay"],"picked":"SKIP","floor":5},{"not_picked":["StarlightTyphoon","6A","LuminesStrike","Occultation"],"picked":"SKIP","floor":6},{"not_picked":["MeteoricShower","WitchLeyline","GrandCross"],"picked":"MysteriousBeam","floor":7},{"not_picked":["LuminesStrike","GalacticHalo","WitchLeyline"],"picked":"ManaRampage","floor":10},{"not_picked":["NonDirectionalLaser","PowerUp","DeepEcoloBomb","GasGiant"],"picked":"SKIP","floor":13},{"not_picked":["ChargeUpSpray","PowerUp","Robbery","Acceleration"],"picked":"SKIP","floor":14},{"not_picked":["UnstableBomb","PowerUp+1","6A","DarkMatter"],"picked":"SKIP","floor":18},{"not_picked":["MilkyWay+1","IllusionStar+1","GalacticHalo","AsteroidBelt"],"picked":"SKIP","floor":21},{"not_picked":["GravityBeat","EarthLightRay","Acceleration","PowerUp"],"picked":"SKIP","floor":24},{"not_picked":["WitchOfGreed+1","DragonMeteor","AsteroidBelt","RefractionSpark"],"picked":"SKIP","floor":25},{"not_picked":["EarthLightRay","6A+1","OrrerysSun","GalacticHalo"],"picked":"SKIP","floor":29},{"not_picked":["EarthLightRay","6A+1","OrrerysSun","GalacticHalo"],"picked":"SKIP","floor":29},{"not_picked":["StarBarrage+1","WitchOfGreed+1","WitchLeyline","SporeBomb"],"picked":"SKIP","floor":35},{"not_picked":["NonDirectionalLaser","GravityBeat","BlazeAway","GasGiant"],"picked":"SKIP","floor":38},{"not_picked":["AsteroidBelt","MilkyWay","UnstableBomb","WitchLeyline"],"picked":"SKIP","floor":41},{"not_picked":["FinalSpark","OortCloud+1","AsteroidBelt+1","Orbital"],"picked":"SKIP","floor":46}],"player_experience":265861,"relics_obtained":[{"floor":6,"key":"Whetstone"},{"floor":9,"key":"AmplifyWand"},{"floor":24,"key":"Mummified Hand"},{"floor":28,"key":"Happy Flower"},{"floor":41,"key":"Gambling Chip"},{"floor":43,"key":"CaptainsWheel"},{"floor":44,"key":"Peace Pipe"},{"floor":45,"key":"CatCart"},{"floor":48,"key":"Blood Vial"}],"event_choices":[{"cards_removed":["Strike_MRS"],"damage_healed":0,"gold_gain":0,"player_choice":"Card Removal","damage_taken":0,"max_hp_gain":0,"max_hp_loss":0,"event_name":"Wheel of Change","floor":3,"gold_loss":0},{"cards_removed":["UpSweep"],"damage_healed":0,"gold_gain":0,"player_choice":"Purged","damage_taken":0,"max_hp_gain":0,"max_hp_loss":0,"event_name":"Purifier","floor":11,"gold_loss":0},{"damage_healed":0,"gold_gain":0,"player_choice":"Opened","damage_taken":0,"relics_obtained":["The Courier"],"max_hp_gain":0,"max_hp_loss":0,"event_name":"The Mausoleum","floor":20,"gold_loss":0,"cards_obtained":["Writhe"]},{"damage_healed":0,"gold_gain":0,"player_choice":"Relic","damage_taken":0,"max_hp_gain":0,"max_hp_loss":0,"event_name":"Wheel of Change","floor":28,"gold_loss":0},{"damage_healed":0,"gold_gain":0,"player_choice":"Ignored","damage_taken":0,"max_hp_gain":0,"max_hp_loss":0,"event_name":"Ghosts","floor":31,"gold_loss":0},{"damage_healed":0,"gold_gain":0,"player_choice":"Paid","damage_taken":0,"relics_obtained":["Red Mask"],"max_hp_gain":0,"max_hp_loss":0,"event_name":"Tomb of Lord Red Mask","floor":37,"gold_loss":61},{"cards_removed":["MysteriousBeam"],"damage_healed":0,"gold_gain":0,"player_choice":"Removed Attack","damage_taken":0,"max_hp_gain":0,"max_hp_loss":0,"event_name":"Falling","floor":39,"gold_loss":0},{"damage_healed":0,"gold_gain":0,"player_choice":"Fight","damage_taken":0,"max_hp_gain":0,"max_hp_loss":0,"event_name":"Mysterious Sphere","floor":44,"gold_loss":0},{"damage_healed":0,"gold_gain":0,"player_choice":"Fight","damage_taken":0,"max_hp_gain":0,"max_hp_loss":0,"event_name":"OrinTheCat","floor":45,"gold_loss":0}],"is_beta":false,"boss_relics":[{"not_picked":["Busted Crown","Coffee Dripper"],"picked":"Runic Dome"},{"not_picked":["Black Star","SacredBark"],"picked":"RampagingMagicTools"}],"items_purged_floors":[0,0,0,36],"is_endless":false,"potions_floor_spawned":[2,4,5,7,10,21,24,35,38],"killed_by":"Time Eater","ascension_level":20}}