{"host":"7f01flv6y0vhl3vt","time":1611174698,"event":{"mods":["Act Like it!","BaseMod","Downfall","Minty Spire (QoL Compilation)","StSLib"],"gold_per_floor":[99,109,129,129,129,29,29,49,59,69,83,103,3,0,34,34,34,34],"floor_reached":16,"language":"ENG","playtime":1386,"items_purged":[],"score":121,"play_id":"1c9030ad-afb1-437a-aa9a-8bec34e12139","local_time":"20210120153138","is_ascension_mode":false,"campfire_choices":[{"floor":1,"key":"RECALL"},{"data":"sneckomod:SnekBeam","floor":6,"key":"SMITH"},{"floor":13,"key":"REST"}],"circlet_count":0,"master_deck":["sneckomod:Strike","sneckomod:Strike","sneckomod:Strike","sneckomod:Defend","sneckomod:Defend","sneckomod:TailWhip","sneckomod:SnekBite","sneckomod:Unknown","sneckomod:Unknown","sneckomod:SnekBeam+1","sneckomod:SnakeSap","sneckomod:DefensiveFlair","sneckomod:SoulCleanse","Terror","sneckomod:SoulExchange","sneckomod:UnendingSupply","sneckomod:UnknownColorless"],"relics":["sneckomod:SneckoSoul","downfall:HeartBlessingRed","downfall:HeartBlessingBlue"],"acts_visited":["Exordium"],"potions_floor_usage":[11,12,16],"damage_taken":[{"damage":5,"enemies":"2 Louse","floor":2,"turns":3},{"damage":18,"enemies":"Jaw Worm","floor":3,"turns":4},{"damage":6,"enemies":"Cultist","floor":8,"turns":3},{"damage":20,"enemies":"Gremlin Gang","floor":9,"turns":4},{"damage":11,"enemies":"Exordium Wildlife","floor":10,"turns":3},{"damage":0,"enemies":"Red Slaver","floor":11,"turns":1},{"damage":0,"enemies":"Large Slime","floor":12,"turns":3},{"damage":5,"enemies":"downfall:FleeingMerchant","floor":14,"turns":4},{"damage":25,"enemies":"Exordium Thugs","floor":15,"turns":5},{"damage":58,"enemies":"SI_SHIV_ARCHETYPE","floor":16,"turns":5}],"seed_played":"-3383719233548054334","potions_obtained":[{"floor":3,"key":"AttackPotion"},{"floor":9,"key":"Swift Potion"},{"floor":15,"key":"DistilledChaos"}],"is_trial":false,"path_per_floor":["R","M","M","?","?","R","T","M","M","M","M","M","R","$","M","B"],"character_chosen":"THE_SNECKO","items_purchased":[],"campfire_rested":1,"item_purchase_floors":[],"current_hp_per_floor":[99,94,76,81,81,81,81,75,55,44,44,44,88,83,58,0,0,0],"gold":34,"neow_bonus":"TEN_PERCENT_HP_BONUS","is_daily":false,"chose_seed":false,"campfire_upgraded":1,"win_rate":0.0,"timestamp":1611174698,"path_taken":["R","M","M","?","?","R","T","?","M","M","M","M","R","$","M","BOSS"],"items_purchased_type":[],"build_version":"2020-12-22","purchased_purges":0,"victory":false,"max_hp_per_floor":[99,99,99,104,104,104,104,104,104,104,104,104,114,114,114,114,114,114],"card_choices":[{"not_picked":["sneckomod:QuickBite","sneckomod:MasterEye"],"picked":"sneckomod:SnekBeam","floor":2},{"not_picked":["sneckomod:UnknownDraw","sneckomod:Nope"],"picked":"sneckomod:UnknownVulnerable","floor":3},{"not_picked":["sneckomod:QuickMove","sneckomod:WideSting"],"picked":"sneckomod:SnakeSap","floor":8},{"not_picked":["sneckomod:UnknownCommonAttack","sneckomod:WideSting"],"picked":"sneckomod:DefensiveFlair","floor":9},{"not_picked":["sneckomod:UnknownUncommonPower","sneckomod:SoulRoll"],"picked":"sneckomod:Memorize","floor":10},{"not_picked":["sneckomod:Nope","sneckomod:QuickMove"],"picked":"sneckomod:SoulCleanse","floor":11},{"not_picked":["sneckomod:DiceBlock","sneckomod:Nope"],"picked":"sneckomod:SoulExchange","floor":12},{"not_picked":["sneckomod:UnknownExhaust","sneckomod:UnknownDraw"],"picked":"sneckomod:UnendingSupply","floor":14},{"not_picked":["sneckomod:SoulDraw","sneckomod:DiceBlock"],"picked":"sneckomod:UnknownColorless","floor":15}],"player_experience":1328284,"relics_obtained":[],"event_choices":[{"damage_healed":0,"gold_gain":0,"player_choice":"Donut","damage_taken":0,"max_hp_gain":5,"max_hp_loss":0,"event_name":"Big Fish","floor":4,"gold_loss":0}],"is_beta":false,"boss_relics":[],"items_purged_floors":[],"is_endless":false,"potions_floor_spawned":[3,9,15],"killed_by":"SI_SHIV_ARCHETYPE","ascension_level":0}}