{"host":"TheShotgunBoss","time":1611183015,"event":{"mods":["AchievementEnabler","Always Whale","Aspiration","BaseMod","Beaked The Cultist","Colored Map","Colored Powertips","Colorless Booster Pack","Conspire","Downfall","Energized Spire","FetchMod","GifTheSpireLib","Halation","Hubris","Infinite Spire","Jedi Mod","Minty Spire (QoL Compilation)","Quick Restart","RNG!","Relic Sorter","SacredBarkPlus","Shop Mod","Spikes Relics","StSLib","Stuff the Spire","The Blue Laboratory","The Construct","Uncapped","Unceasing Turn Reminder","everything is the same but u backflip on backflip","vexMod","??????REMEMod"],"gold_per_floor":[99,114,114,133,144,158,181,81,81,100,100,134,134,169,184,284,284,284,296,63,63,78,91,118,135,135,135,135,135,135,153,172,274,274,274,293,293,293,178,178,178,189,89,108,108,108,156,168,184,184],"floor_reached":51,"language":"ENG","playtime":2789,"items_purged":["Pain","Slimebound:LeechLife","Slimebound:Strike_Slimebound"],"score":784,"play_id":"60a9b957-824f-4e5f-9d17-a6258ee8f078","local_time":"20210120175015","is_ascension_mode":false,"campfire_choices":[{"data":"Slimebound:MassFeed","floor":1,"key":"SMITH"},{"data":"Slimebound:Split","floor":8,"key":"SMITH"},{"data":"Slimebound:Grow","floor":13,"key":"SMITH"},{"data":"Slimebound:DuplicatedForm","floor":18,"key":"SMITH"},{"data":"expansioncontent:DashGenerateEvil","floor":29,"key":"SMITH"},{"floor":35,"key":"RECALL"},{"data":"Slimebound:DisruptingSlam","floor":43,"key":"SMITH"},{"data":"Slimebound:LivingWall","floor":46,"key":"SMITH"}],"circlet_count":0,"master_deck":["Slimebound:Strike_Slimebound","Slimebound:Strike_Slimebound","Slimebound:Tackle","Slimebound:Defend_Slimebound","Slimebound:Defend_Slimebound","Slimebound:Defend_Slimebound","Slimebound:Split+1","Slimebound:CorrosiveSpit+1","Slimebound:MassFeed+1","expansioncontent:DashGenerateEvil+1","Slimebound:DisruptingSlam+1","Slimebound:LivingWall+1","Slimebound:Grow+1","Slimebound:DuplicatedForm+1","Slimebound:SlimeSpikes","Slimebound:LeechingTouch","StuffTheSpire:CopiaOfFamine+1","Slimebound:GoopSpray+1","Slimebound:LeechingTouch+1"],"relics":["Slimebound:AbsorbEndCombat","REME_ComplimentaryCards","WarpedTongs","downfall:HeartBlessingBlue","jedi:crownofsimplicity","beaked:ShinyBauble","energizedSpire:DeadBattery","SnailShell","Art of War","InkBottle","hubris:BottledHeart","jedi:paperlyon","conspire:DecoderRing","downfall:HeartBlessingRed","vexMod:PaidLearning"],"acts_visited":["Exordium","TheCity","TheBeyond"],"potions_floor_usage":[15,32,50],"damage_taken":[{"damage":8,"enemies":"Small Slimes","floor":2,"turns":4},{"damage":2,"enemies":"Cultist","floor":4,"turns":4},{"damage":0,"enemies":"2 Louse","floor":5,"turns":2},{"damage":5,"enemies":"2 Fungi Beasts","floor":6,"turns":3},{"damage":5,"enemies":"Large Slime","floor":10,"turns":5},{"damage":24,"enemies":"Gremlin Nob","floor":12,"turns":4},{"damage":4,"enemies":"Lagavulin","floor":14,"turns":5},{"damage":0,"enemies":"Gremlin Gang","floor":15,"turns":1},{"damage":14,"enemies":"SI_SHIV_ARCHETYPE","floor":16,"turns":9},{"damage":7,"enemies":"Chosen","floor":19,"turns":6},{"damage":24,"enemies":"downfall:FleeingMerchant","floor":20,"turns":4},{"damage":0,"enemies":"Spheric Guardian","floor":22,"turns":4},{"damage":0,"enemies":"Snake Plant","floor":23,"turns":3},{"damage":19,"enemies":"Centurion and Healer","floor":25,"turns":6},{"damage":0,"enemies":"Snecko","floor":31,"turns":4},{"damage":0,"enemies":"Chosen and Byrds","floor":32,"turns":5},{"damage":0,"enemies":"IC_MUSHROOM_ARCHETYPE","floor":33,"turns":7},{"damage":0,"enemies":"3 Darklings","floor":36,"turns":3},{"damage":0,"enemies":"downfall:FleeingMerchant","floor":39,"turns":4},{"damage":0,"enemies":"downfall:FleeingMerchant","floor":40,"turns":4},{"damage":0,"enemies":"Orb Walker","floor":42,"turns":3},{"damage":0,"enemies":"Maw","floor":44,"turns":7},{"damage":0,"enemies":"downfall:FleeingMerchant","floor":47,"turns":4},{"damage":0,"enemies":"Transient","floor":48,"turns":5},{"damage":0,"enemies":"Writhing Mass","floor":49,"turns":5},{"damage":0,"enemies":"DF_ARCHETYPE_ORBS","floor":50,"turns":16}],"seed_played":"8348006400810273760","potions_obtained":[{"floor":2,"key":"blueLaboratory:FrostheartPotion"},{"floor":5,"key":"Explosive Potion"},{"floor":12,"key":"jedi:tentaclejuice"},{"floor":15,"key":"blueLaboratory:PolymorphPotion"},{"floor":25,"key":"blueLaboratory:EmptyBottle"},{"floor":32,"key":"construct:ShiftPotion"},{"floor":33,"key":"BlessingOfTheForge"},{"floor":36,"key":"Swift Potion"}],"is_trial":false,"path_per_floor":["R","M","?","M","M","M","T","R","?","M","?","E","R","E","M","B",null,"R","M","$","?","M","M","T","M","?","?","AVR","R","?","M","M","B",null,"R","M","?","?","$","?","T","M","R","M","AVR","R","$","M","M","B",null],"character_chosen":"SLIMEBOUND","items_purchased":["SnailShell","vexMod:PaidLearning"],"campfire_rested":0,"item_purchase_floors":[20,47],"current_hp_per_floor":[65,61,61,63,65,66,66,76,76,81,81,65,65,67,67,61,99,99,96,91,91,95,99,99,97,77,57,57,57,1,1,1,1,1,1,1,1,1,1,1,1,1,1,1,1,1,1,1,1,1],"gold":184,"neow_bonus":"ONE_RANDOM_RARE_CARD","is_daily":false,"chose_seed":false,"campfire_upgraded":7,"win_rate":0.0,"timestamp":1611183015,"path_taken":["R","M","?","?","?","M","T","R","?","M","?","E","R","E","M","BOSS","R","M","$","?","M","M","T","?","?","?","AVR","R","?","M","M","BOSS","R","M","?","?","$","?","T","M","R","?","AVR","R","?","M","M","BOSS"],"items_purchased_type":["Relic","Relic"],"build_version":"2020-12-18","purchased_purges":3,"victory":true,"max_hp_per_floor":[65,69,69,73,73,77,77,87,87,95,95,99,99,99,99,99,99,99,99,99,99,99,99,99,99,104,104,104,104,1,1,1,1,1,1,1,1,1,1,1,1,1,1,1,1,1,1,1,1,1],"card_choices":[{"not_picked":["Slimebound:FormOfPuddle","Slimebound:SplitLeeching","Slimebound:SamplingLick"],"picked":"SKIP","floor":2},{"not_picked":["Slimebound:LivingWall","Slimebound:SplitBruiser"],"picked":"Slimebound:DisruptingSlam","floor":4},{"not_picked":["Slimebound:Prepare","Slimebound:SplitBruiser","Slimebound:GoopTackle"],"picked":"SKIP","floor":5},{"not_picked":["Slimebound:Nibble","Slimebound:SplitLeeching"],"picked":"Slimebound:LivingWall","floor":6},{"not_picked":["Slimebound:HungryTackle","Slimebound:FlameTackle"],"picked":"Slimebound:Grow","floor":10},{"not_picked":["Slimebound:LevelUp","Slimebound:SplitLeeching","Slimebound:PressTheAttack"],"picked":"SKIP","floor":12},{"not_picked":["Slimebound:FinishingTackle","Slimebound:Prepare","Slimebound:FormOfPuddle"],"picked":"SKIP","floor":14},{"not_picked":["Slimebound:RainOfGoop","Slimebound:ComboTackle","Slimebound:GrowthPunch"],"picked":"SKIP","floor":15},{"not_picked":["Slimebound:Overexert","Slimebound:FirmFortitude"],"picked":"Slimebound:DuplicatedForm","floor":16},{"not_picked":["Slimebound:HauntingLick","Slimebound:Schlurp","Slimebound:PressTheAttack"],"picked":"SKIP","floor":19},{"not_picked":["Slimebound:SplitAcid","Slimebound:LeechingTouch"],"picked":"Slimebound:LeechLife","floor":20},{"not_picked":["Slimebound:PressTheAttack+1","Slimebound:RollThrough"],"picked":"Slimebound:SlimeSpikes","floor":22},{"not_picked":["Slimebound:OozeBath","Slimebound:PressTheAttack+1","Slimebound:Schlurp+1"],"picked":"SKIP","floor":23},{"not_picked":["Slimebound:SplitAcid","Slimebound:SplitMire"],"picked":"Slimebound:LeechingTouch","floor":25},{"not_picked":["Slimebound:RainOfGoop","Slimebound:ComboTackle+1","Slimebound:Schlurp"],"picked":"SKIP","floor":31},{"not_picked":["Slimebound:FirmFortitude","Slimebound:SplitBruiser"],"picked":"Slimebound:GoopSpray+1","floor":32},{"not_picked":["Slimebound:SlimeBarrage","Slimebound:ServeAndProtect","Slimebound:ItLooksTasty+1"],"picked":"SKIP","floor":36},{"not_picked":["Slimebound:SlimeBarrage","Slimebound:ServeAndProtect","Slimebound:ItLooksTasty+1"],"picked":"SKIP","floor":36},{"not_picked":["Slimebound:GrowthPunch+1","Slimebound:ServeAndProtect+1","Slimebound:SplitAcid+1"],"picked":"SKIP","floor":39},{"not_picked":["Slimebound:FlameTackle+1","Slimebound:Prepare"],"picked":"Slimebound:LeechingTouch+1","floor":42},{"not_picked":["Slimebound:SplitMire+1","Slimebound:AcidTongue","Slimebound:ViciousTackle+1"],"picked":"SKIP","floor":44},{"not_picked":["Slimebound:SplitBruiser+1","Slimebound:Equalize","Slimebound:LeechEnergy+1"],"picked":"SKIP","floor":47},{"not_picked":["Slimebound:FinishingTackle","Slimebound:HungryTackle+1","Slimebound:GoopTackle+1"],"picked":"SKIP","floor":48},{"not_picked":["Slimebound:SplitLeeching+1","Slimebound:Equalize","Slimebound:LivingWall+1"],"picked":"SKIP","floor":49}],"player_experience":261089,"relics_obtained":[{"floor":12,"key":"jedi:crownofsimplicity"},{"floor":14,"key":"beaked:ShinyBauble"},{"floor":24,"key":"Art of War"},{"floor":41,"key":"conspire:DecoderRing"}],"event_choices":[{"damage_healed":0,"gold_gain":0,"player_choice":"Rummage","damage_taken":0,"relics_obtained":["WarpedTongs"],"max_hp_gain":0,"max_hp_loss":0,"event_name":"Accursed Blacksmith","floor":3,"gold_loss":0,"cards_obtained":["Pain"]},{"cards_removed":["Slimebound:Defend_Slimebound"],"damage_healed":0,"gold_gain":0,"player_choice":"Removed Skill","damage_taken":0,"max_hp_gain":0,"max_hp_loss":0,"event_name":"Falling","floor":38,"gold_loss":0}],"is_beta":true,"boss_relics":[{"not_picked":["REME_DuelDisc","infinitespire:Cupcake"],"picked":"energizedSpire:DeadBattery"},{"not_picked":["vexMod:RockOfEvil","Velvet Choker"],"picked":"jedi:paperlyon"}],"items_purged_floors":[20,39,47],"is_endless":false,"potions_floor_spawned":[2,5,12,15,25,31,32,33,36,48,49],"ascension_level":0}}