{"host":"13o02hya6v6rzuva","time":1611143855,"event":{"mods":["BaseMod","Minty Spire (QoL Compilation)","Relic Stats"],"gold_per_floor":[217,228,178,236,236,266,266,294,321,335,352,384,384,166,166,265,265,277,289,204,220,239,239,271,287,287,386,386,398,50,70,70,169,169,189,201,201,201,213,213,213,223,223,223,241,90,90,102,102,102,102,102,102,129,129,129],"floor_reached":55,"language":"ENG","playtime":4258,"items_purged":["Strike_P","Defend_P"],"score":873,"play_id":"4d2bd74f-5aa7-4206-a9f3-f697267f6a59","local_time":"20210120125735","is_ascension_mode":true,"campfire_choices":[{"data":"Eruption","floor":7.0,"key":"SMITH"},{"data":"BattleHymn","floor":15.0,"key":"SMITH"},{"data":"MasterReality","floor":23.0,"key":"SMITH"},{"floor":28.0,"key":"RECALL"},{"floor":32.0,"key":"REST"},{"data":"Blasphemy","floor":40.0,"key":"SMITH"},{"data":"ClearTheMind","floor":44.0,"key":"SMITH"},{"data":"MentalFortress","floor":49.0,"key":"SMITH"},{"data":"Vigilance","floor":52.0,"key":"SMITH"}],"circlet_count":0,"master_deck":["Strike_P","Strike_P","Strike_P","Defend_P","Defend_P","Eruption+1","Vigilance+1","ReachHeaven+1","ThirdEye","WheelKick","ConjureBlade","Halt","MentalFortress+1","BattleHymn+1","MasterReality+1","FearNoEvil+1","ClearTheMind+1","LikeWater+1","Fasting2+1","FollowUp+1","FlurryOfBlows+1","Evaluate+1","Evaluate+1","Blasphemy+1","FlurryOfBlows+1","ClearTheMind+1","LikeWater+1","ThirdEye+1"],"relics":["PureWater","Bag of Preparation","Matryoshka","Mercury Hourglass","Thread and Needle","Pen Nib","Damaru","Anchor","Velvet Choker","Bronze Scales","Molten Egg 2","Sundial","Shuriken","SlaversCollar","Letter Opener","Lee\u0027s Waffle","Bag of Marbles"],"acts_visited":["Exordium","TheCity","TheBeyond","TheEnding"],"potions_floor_usage":[55,55],"damage_taken":[{"damage":0.0,"enemies":"2 Louse","floor":1.0,"turns":3.0},{"damage":2.0,"enemies":"Jaw Worm","floor":2.0,"turns":3.0},{"damage":28.0,"enemies":"Lagavulin","floor":6.0,"turns":6.0},{"damage":0.0,"enemies":"Gremlin Nob","floor":8.0,"turns":2.0},{"damage":0.0,"enemies":"Small Slimes","floor":10.0,"turns":1.0},{"damage":1.0,"enemies":"Exordium Wildlife","floor":11.0,"turns":2.0},{"damage":22.0,"enemies":"Lagavulin","floor":12.0,"turns":5.0},{"damage":0.0,"enemies":"Hexaghost","floor":16.0,"turns":6.0},{"damage":10.0,"enemies":"2 Thieves","floor":18.0,"turns":4.0},{"damage":0.0,"enemies":"Spheric Guardian","floor":19.0,"turns":2.0},{"damage":0.0,"enemies":"Centurion and Healer","floor":21.0,"turns":3.0},{"damage":0.0,"enemies":"Shelled Parasite and Fungi","floor":22.0,"turns":4.0},{"damage":14.0,"enemies":"Slavers","floor":24.0,"turns":3.0},{"damage":0.0,"enemies":"3 Cultists","floor":25.0,"turns":4.0},{"damage":0.0,"enemies":"Chosen and Byrds","floor":29.0,"turns":4.0},{"damage":0.0,"enemies":"Shelled Parasite and Fungi","floor":31.0,"turns":3.0},{"damage":19.0,"enemies":"Champ","floor":33.0,"turns":8.0},{"damage":7.0,"enemies":"3 Shapes","floor":35.0,"turns":3.0},{"damage":0.0,"enemies":"Orb Walker","floor":36.0,"turns":3.0},{"damage":6.0,"enemies":"Spire Growth","floor":39.0,"turns":3.0},{"damage":7.0,"enemies":"Transient","floor":42.0,"turns":5.0},{"damage":2.0,"enemies":"4 Shapes","floor":45.0,"turns":5.0},{"damage":1.0,"enemies":"Sphere and 2 Shapes","floor":48.0,"turns":5.0},{"damage":22.0,"enemies":"Time Eater","floor":50.0,"turns":9.0},{"damage":63,"enemies":"Shield and Spear","floor":54,"turns":7},{"damage":14,"enemies":"The Heart","floor":55,"turns":2}],"seed_played":"2649438547234349400","potions_obtained":[{"floor":1.0,"key":"StancePotion"},{"floor":8.0,"key":"SneckoOil"},{"floor":10.0,"key":"SkillPotion"},{"floor":12.0,"key":"DistilledChaos"},{"floor":19.0,"key":"Weak Potion"},{"floor":21.0,"key":"StancePotion"},{"floor":24.0,"key":"Explosive Potion"},{"floor":35.0,"key":"SkillPotion"},{"floor":42.0,"key":"Block Potion"},{"floor":48.0,"key":"SmokeBomb"}],"is_trial":false,"path_per_floor":["M","M","?","?","?","E","R","E","T","M","M","E","T","$","R","B",null,"M","M","?","M","M","R","E","M","T","?","R","M","$","M","R","B",null,"M","M","?","?","M","R","$","M","T","R","M","$","?","M","R","B",null,"R","$","E","B"],"character_chosen":"WATCHER","items_purchased":["Anchor","Shuriken","Lee\u0027s Waffle"],"campfire_rested":1,"item_purchase_floors":[14,30,46],"current_hp_per_floor":[72,70,70,70,70,42,42,42,42,42,41,19,19,19,19,19,72,62,62,62,62,62,62,48,48,48,48,48,48,48,48,69,50,72,65,65,65,65,59,59,59,52,52,52,50,75,75,74,74,52,75,75,75,12,0,0],"gold":129,"neow_bonus":"HUNDRED_GOLD","is_daily":false,"chose_seed":false,"campfire_upgraded":7,"win_rate":0.0,"timestamp":1611143855,"path_taken":["M","M","?","?","?","E","R","E","T","M","?","E","?","$","R","BOSS","M","M","?","M","M","R","E","M","T","?","R","M","$","M","R","BOSS","M","M","?","?","M","R","$","M","T","R","M","$","?","?","R","BOSS","R","$","E","BOSS"],"items_purchased_type":["Relic","Relic","Relic"],"build_version":"2020-12-22","purchased_purges":2,"victory":false,"max_hp_per_floor":[72,72,72,72,72,72,72,72,72,72,72,72,72,72,72,72,72,72,72,72,72,72,72,72,72,72,72,72,72,72,72,72,72,72,72,72,68,68,68,68,68,68,68,68,68,75,75,75,75,75,75,75,75,75,75,75],"relic_stats":{"Lee\u0027s Waffle":25,"counters":[26,105],"Sundial":[4],"Shuriken":[23],"Bronze Scales":[195],"Pen Nib":[18],"Bag of Preparation":[46],"Letter Opener":[15],"obtain_stats":[{"Lee\u0027s Waffle":46,"Damaru":13,"Velvet Choker":17,"Thread and Needle":12,"Pen Nib":13,"Bag of Preparation":6,"Letter Opener":43,"Mercury Hourglass":9,"SlaversCollar":34,"Anchor":14,"Matryoshka":8,"Sundial":26,"Shuriken":30,"Bronze Scales":20,"Molten Egg 2":24,"Bag of Marbles":54,"PureWater":0},{"Lee\u0027s Waffle":22,"Damaru":7,"Velvet Choker":8,"Thread and Needle":7,"Pen Nib":7,"Bag of Preparation":3,"Letter Opener":21,"Mercury Hourglass":4,"SlaversCollar":17,"Anchor":7,"Matryoshka":4,"Sundial":14,"Shuriken":15,"Bronze Scales":10,"Molten Egg 2":13,"Bag of Marbles":25,"PureWater":0},{"Lee\u0027s Waffle":82,"Damaru":22,"Velvet Choker":28,"Thread and Needle":22,"Pen Nib":22,"Bag of Preparation":12,"Letter Opener":77,"Mercury Hourglass":14,"SlaversCollar":63,"Anchor":22,"Matryoshka":14,"Sundial":48,"Shuriken":52,"Bronze Scales":34,"Molten Egg 2":44,"Bag of Marbles":103,"PureWater":0}],"Mercury Hourglass":[330]},"card_choices":[{"not_picked":["FlyingSleeves","Indignation"],"picked":"ReachHeaven","floor":1.0},{"not_picked":["Crescendo","ClearTheMind"],"picked":"ThirdEye","floor":2.0},{"not_picked":["EmptyBody","Sanctity"],"picked":"WheelKick","floor":6.0},{"not_picked":["JustLucky","EmptyMind"],"picked":"ConjureBlade","floor":8.0},{"not_picked":["Crescendo","Wireheading"],"picked":"Halt","floor":10.0},{"not_picked":["Crescendo","EmptyFist"],"picked":"MentalFortress","floor":11.0},{"not_picked":["Devotion","Wireheading"],"picked":"BattleHymn","floor":12.0},{"not_picked":["Vault","SpiritShield"],"picked":"MasterReality","floor":16.0},{"not_picked":["CutThroughFate","ClearTheMind"],"picked":"FearNoEvil+1","floor":18.0},{"not_picked":["BowlingBash","JustLucky"],"picked":"ClearTheMind","floor":19.0},{"not_picked":["EmptyBody","ClearTheMind"],"picked":"LikeWater+1","floor":21.0},{"not_picked":["ReachHeaven","JustLucky"],"picked":"Fasting2","floor":22.0},{"not_picked":["FlyingSleeves+1","WindmillStrike+1"],"picked":"FollowUp+1","floor":24.0},{"not_picked":["Collect","Fasting2"],"picked":"FlurryOfBlows+1","floor":25.0},{"not_picked":["WheelKick+1","Scrawl"],"picked":"Evaluate+1","floor":29.0},{"not_picked":["CutThroughFate+1","EmptyBody"],"picked":"Evaluate+1","floor":31.0},{"not_picked":["Alpha","DeusExMachina"],"picked":"Blasphemy","floor":33.0},{"not_picked":["SignatureMove+1","BowlingBash+1"],"picked":"FlurryOfBlows+1","floor":35.0},{"not_picked":["SashWhip+1","JustLucky+1"],"picked":"ClearTheMind+1","floor":36.0},{"not_picked":["FlyingSleeves+1","Pray","Prostrate"],"picked":"SKIP","floor":39.0},{"not_picked":["Halt+1","Consecrate+1"],"picked":"LikeWater+1","floor":42.0},{"not_picked":["ClearTheMind","EmptyFist+1"],"picked":"ThirdEye+1","floor":45.0},{"not_picked":["FlurryOfBlows+1","EmptyMind","SashWhip+1"],"picked":"SKIP","floor":48.0},{"not_picked":["Worship","FearNoEvil+1","Devotion"],"picked":"SKIP","floor":54}],"player_experience":1130969,"relics_obtained":[{"floor":6.0,"key":"Bag of Preparation"},{"floor":8.0,"key":"Matryoshka"},{"floor":9.0,"key":"Mercury Hourglass"},{"floor":12.0,"key":"Thread and Needle"},{"floor":13.0,"key":"Pen Nib"},{"floor":13.0,"key":"Damaru"},{"floor":24.0,"key":"Molten Egg 2"},{"floor":26.0,"key":"Sundial"},{"floor":43.0,"key":"Letter Opener"},{"floor":54,"key":"Bag of Marbles"}],"event_choices":[{"cards_removed":["Defend_P"],"damage_healed":0.0,"max_hp_gain":0.0,"max_hp_loss":0.0,"gold_gain":0.0,"event_name":"The Cleric","player_choice":"Card Removal","floor":3.0,"gold_loss":50.0,"damage_taken":0.0},{"damage_healed":0.0,"max_hp_gain":0.0,"max_hp_loss":0.0,"gold_gain":58.0,"event_name":"Golden Wing","player_choice":"Gained Gold","floor":4.0,"gold_loss":0.0,"damage_taken":0.0},{"damage_healed":0.0,"max_hp_gain":0.0,"max_hp_loss":0.0,"gold_gain":0.0,"event_name":"Upgrade Shrine","player_choice":"Upgraded","floor":5.0,"gold_loss":0.0,"damage_taken":0.0,"cards_upgraded":["ReachHeaven"]},{"damage_healed":0.0,"max_hp_gain":0.0,"max_hp_loss":0.0,"gold_gain":0.0,"event_name":"Addict","player_choice":"Obtained Relic","floor":20.0,"gold_loss":85.0,"damage_taken":0.0,"relics_obtained":["Bronze Scales"]},{"damage_healed":0.0,"max_hp_gain":0.0,"max_hp_loss":0.0,"gold_gain":99.0,"event_name":"Nest","player_choice":"Stole From Cult","floor":27.0,"gold_loss":0.0,"damage_taken":0.0},{"damage_healed":0.0,"max_hp_gain":0.0,"max_hp_loss":4.0,"gold_gain":0.0,"event_name":"Winding Halls","player_choice":"Max HP","floor":37.0,"gold_loss":0.0,"damage_taken":0.0},{"damage_healed":0.0,"max_hp_gain":0.0,"max_hp_loss":0.0,"gold_gain":0.0,"event_name":"SensoryStone","player_choice":"Memory 1","floor":38.0,"gold_loss":0.0,"damage_taken":0.0},{"damage_healed":0.0,"max_hp_gain":0.0,"max_hp_loss":0.0,"gold_gain":0.0,"event_name":"Accursed Blacksmith","player_choice":"Forge","floor":47.0,"gold_loss":0.0,"damage_taken":0.0,"cards_upgraded":["Fasting2"]}],"is_beta":false,"boss_relics":[{"not_picked":["Snecko Eye","Astrolabe"],"picked":"Velvet Choker"},{"not_picked":["Runic Pyramid","SacredBark"],"picked":"SlaversCollar"}],"items_purged_floors":[14,30],"is_endless":false,"potions_floor_spawned":[1,8,10,12,19,21,24,25,35,42,48],"killed_by":"The Heart","ascension_level":3}}