{"host":"5dk97cf2ubw2v967","time":1611137989,"event":{"mods":["AlwaysNeverKeys","BaseMod","Better Altar","Better Vampires","Block Reminder","Colored Powertips","Downfall","Googly Eyes","Highlight Path","Minty Spire (QoL Compilation)","Permanent Neow","Potion Indicator Mod","Quick Restart","Relic Filter","Relic Stats","Say the Spire","Spicy Shops","StSLib","Waifu the Spire","everything is the same but u backflip on backflip"],"gold_per_floor":[99,114,114,114,126,36,36,61,73,73,84,97,114,148,172,184,184,184],"floor_reached":16,"language":"ENG","playtime":939,"items_purged":["Pain"],"score":190,"play_id":"3c2c3998-b5f9-4a2b-b0a4-09633e2a2748","local_time":"20210120101949","is_ascension_mode":true,"campfire_choices":[{"data":"Guardian:GemFinder","floor":1,"key":"SMITH"},{"floor":10,"key":"REST"}],"circlet_count":0,"master_deck":["Guardian:Strike_Guardian","Guardian:Strike_Guardian","Guardian:Strike_Guardian+1","Guardian:Strike_Guardian","Guardian:Defend_Guardian","Guardian:Defend_Guardian","Guardian:Defend_Guardian","Guardian:Defend_Guardian","Guardian:CurlUp","Guardian:TwinSlam+1","Guardian:GemFinder+1","Guardian:TemporalShield","Guardian:CompilePackage","Guardian:Suspension","Guardian:SpikerProtocol","Guardian:PiercingHide","Guardian:ShieldCharger","Guardian:Gem_Cyan","Guardian:Clone","Guardian:Gem_Cyan","Guardian:Gem_Cyan","Guardian:ExploitGems","Guardian:Gem_Cyan"],"relics":["Guardian:ModeShifter","Shuriken","WarpedTongs","Whetstone","Torii","MawBank"],"acts_visited":["Exordium"],"potions_floor_usage":[14,16,16,16],"damage_taken":[{"damage":9,"enemies":"Cultist","floor":2,"turns":6},{"damage":6,"enemies":"Jaw Worm","floor":5,"turns":4},{"damage":13,"enemies":"downfall:FleeingMerchant","floor":6,"turns":4},{"damage":5,"enemies":"Lagavulin","floor":8,"turns":7},{"damage":0,"enemies":"Small Slimes","floor":9,"turns":3},{"damage":1,"enemies":"Gremlin Gang","floor":11,"turns":5},{"damage":1,"enemies":"Exordium Wildlife","floor":12,"turns":5},{"damage":0,"enemies":"Red Slaver","floor":13,"turns":4},{"damage":12,"enemies":"3 Sentries","floor":14,"turns":3},{"damage":0,"enemies":"3 Louse","floor":15,"turns":4},{"damage":30,"enemies":"DF_ARCHETYPE_STREAMLINE","floor":16,"turns":14}],"seed_played":"-7116318770182803676","potions_obtained":[{"floor":5,"key":"AttackPotion"},{"floor":11,"key":"FearPotion"},{"floor":12,"key":"Guardian:DefensiveModePotion"},{"floor":15,"key":"Guardian:BlockOnCardUsePotion"}],"is_trial":false,"path_per_floor":["R","M","?","?","M","$","T","E","M","R","M","M","M","E","M","B"],"character_chosen":"GUARDIAN","items_purchased":[],"campfire_rested":1,"item_purchase_floors":[],"current_hp_per_floor":[72,63,45,45,39,26,26,21,21,42,41,40,40,28,28,0,0,0],"gold":184,"neow_bonus":"THREE_RARE_CARDS","is_daily":false,"chose_seed":false,"campfire_upgraded":1,"win_rate":0.0,"timestamp":1611137989,"path_taken":["R","?","?","?","M","$","T","E","M","R","?","M","M","E","M","BOSS"],"items_purchased_type":[],"build_version":"2020-12-22","purchased_purges":1,"victory":false,"max_hp_per_floor":[72,72,72,72,72,72,72,72,72,72,72,72,72,72,72,72,72,72],"relic_stats":{"Torii":7,"counters":[11,59],"Shuriken":[6],"Whetstone":["Guardian:TwinSlam","Guardian:Strike_Guardian"],"MawBank":24,"obtain_stats":[{"Torii":8,"Shuriken":3,"Guardian:ModeShifter":0,"Whetstone":7,"MawBank":14,"WarpedTongs":4},{"Torii":4,"Shuriken":1,"Guardian:ModeShifter":0,"Whetstone":3,"MawBank":9,"WarpedTongs":1},{"Torii":21,"Shuriken":6,"Guardian:ModeShifter":0,"Whetstone":14,"MawBank":41,"WarpedTongs":6}],"WarpedTongs":[53]},"card_choices":[{"not_picked":["Guardian:FastForward","Guardian:HyperBeam_Guardian"],"picked":"Guardian:GemFinder","floor":0},{"not_picked":["Guardian:Gem_Lightblue","Guardian:Gem_Red"],"picked":"Guardian:Gem_Cyan","floor":2},{"not_picked":["Guardian:Gem_Lightblue","Guardian:Gem_Red"],"picked":"Guardian:TemporalShield","floor":2},{"not_picked":["Guardian:Harden","Guardian:ShieldCharger"],"picked":"Guardian:CompilePackage","floor":5},{"not_picked":["Guardian:Gem_Red","Guardian:BodySlam"],"picked":"Guardian:Suspension","floor":6},{"not_picked":["Guardian:ChargeCore","Guardian:Suspension"],"picked":"Guardian:SpikerProtocol","floor":8},{"not_picked":["Guardian:Gem_Green","Guardian:Gem_Red"],"picked":"Guardian:Gem_Cyan","floor":9},{"not_picked":["Guardian:TemporalShield","Guardian:Planning"],"picked":"Guardian:PiercingHide","floor":9},{"not_picked":["Guardian:Incinerate","Guardian:WalkerClaw"],"picked":"Guardian:ShieldCharger","floor":11},{"not_picked":["Guardian:Gem_Red","Guardian:Gem_Green"],"picked":"Guardian:Gem_Cyan","floor":12},{"not_picked":["Guardian:HyperBeam_Guardian","Guardian:TemporalStrike"],"picked":"Guardian:Clone","floor":12},{"not_picked":["Guardian:Gem_Green","Guardian:Gem_Lightblue"],"picked":"Guardian:Gem_Cyan","floor":13},{"not_picked":["Guardian:Recover","Guardian:GuardianWhirl","Guardian:Incinerate"],"picked":"SKIP","floor":13},{"not_picked":["Guardian:Gem_Green","Guardian:Gem_Lightblue"],"picked":"Guardian:Gem_Cyan","floor":14},{"not_picked":["Guardian:Planning","Guardian:GuardianWhirl"],"picked":"Guardian:ExploitGems","floor":14},{"not_picked":["Guardian:ChargeCore","Guardian:WalkerClaw"],"picked":"Guardian:Gem_Cyan","floor":15}],"player_experience":1239833,"relics_obtained":[{"floor":7,"key":"Whetstone"},{"floor":8,"key":"Torii"},{"floor":14,"key":"MawBank"}],"event_choices":[{"damage_healed":0,"gold_gain":0,"player_choice":"Success","damage_taken":18,"relics_obtained":["Shuriken"],"max_hp_gain":0,"max_hp_loss":0,"event_name":"Scrap Ooze","floor":3,"gold_loss":0}],"is_beta":false,"boss_relics":[],"items_purged_floors":[6],"is_endless":false,"potions_floor_spawned":[5,11,12,13,15],"killed_by":"DF_ARCHETYPE_STREAMLINE","ascension_level":9}}