{"host":"vfh4a5lsno7fg1vy","time":1611130001,"event":{"mods":["BaseMod","Minty Spire (QoL Compilation)","StSLib","Synergy Search"],"gold_per_floor":[116,127,16,16,34,34,107,58,83,83,98,123,28,47,47,178,178,192,216,21,21,21,52,52,52,76,120,39,59,59,72,72,198,198,213,0,15,15,29,29,63,36,36,36,77,93,93,93,93,93,93],"floor_reached":50,"language":"KOR","playtime":2717,"items_purged":[],"score":798,"play_id":"954bdf63-5885-45a2-81d2-0693a7c20d6c","local_time":"20210120170641","is_ascension_mode":true,"campfire_choices":[{"floor":6.0,"key":"REST"},{"floor":15.0,"key":"REST"},{"floor":25.0,"key":"REST"},{"floor":32.0,"key":"REST"},{"floor":40.0,"key":"REST"},{"floor":44.0,"key":"REST"},{"data":"Discovery","floor":47,"key":"SMITH"},{"data":"Infernal Blade","floor":49,"key":"SMITH"}],"circlet_count":0,"master_deck":["Strike_R","Strike_R","Defend_R","Defend_R","Defend_R","Bash","Cleave","Double Tap","Inflame","Heavy Blade","Armaments","Bandage Up","Shockwave","Armaments","Injury","Dropkick","Sever Soul","Blind","Clothesline","Reaper","Infernal Blade+1","Uppercut+1","Carnage","Pommel Strike+1","Heavy Blade","Discovery+1","Rage+1","Limit Break","Feed","Dual Wield+1","Combust+1","Pain","Armaments+1","Infernal Blade+1","Flex","Blood for Blood+1","Whirlwind+1"],"relics":["Burning Blood","White Beast Statue","Ornamental Fan","Regal Pillow","Golden Idol","Runic Cube","Red Skull","PreservedInsect","MealTicket","Ancient Tea Set","Enchiridion","Mark of Pain","Red Mask","WarpedTongs","Frozen Egg 2","Meat on the Bone","Ginger"],"acts_visited":["Exordium","TheCity","TheBeyond"],"potions_floor_usage":[50],"damage_taken":[{"damage":6.0,"enemies":"Cultist","floor":1.0,"turns":3.0},{"damage":9.0,"enemies":"Small Slimes","floor":2.0,"turns":3.0},{"damage":0.0,"enemies":"Jaw Worm","floor":5.0,"turns":3.0},{"damage":16.0,"enemies":"Blue Slaver","floor":11.0,"turns":3.0},{"damage":21.0,"enemies":"Large Slime","floor":12.0,"turns":5.0},{"damage":11.0,"enemies":"Exordium Wildlife","floor":14.0,"turns":3.0},{"damage":69.0,"enemies":"The Guardian","floor":16.0,"turns":9.0},{"damage":40.0,"enemies":"Shell Parasite","floor":18.0,"turns":6.0},{"damage":23.0,"enemies":"Chosen","floor":19.0,"turns":6.0},{"damage":35.0,"enemies":"Book of Stabbing","floor":23.0,"turns":4.0},{"damage":48.0,"enemies":"Slavers","floor":27.0,"turns":4.0},{"damage":0.0,"enemies":"Snake Plant","floor":29.0,"turns":2.0},{"damage":46.0,"enemies":"Cultist and Chosen","floor":31.0,"turns":7.0},{"damage":92.0,"enemies":"Automaton","floor":33.0,"turns":7.0},{"damage":0.0,"enemies":"3 Shapes","floor":35.0,"turns":5.0},{"damage":23.0,"enemies":"Orb Walker","floor":37.0,"turns":4.0},{"damage":38.0,"enemies":"Maw","floor":39.0,"turns":7.0},{"damage":56.0,"enemies":"Reptomancer","floor":41.0,"turns":5.0},{"damage":10.0,"enemies":"Nemesis","floor":45.0,"turns":3.0},{"damage":19.0,"enemies":"Sphere and 2 Shapes","floor":46.0,"turns":2.0},{"damage":116,"enemies":"Awakened One","floor":50,"turns":7}],"seed_played":"-2078827708433452341","potions_obtained":[{"floor":2.0,"key":"SkillPotion"},{"floor":5.0,"key":"PowerPotion"},{"floor":11.0,"key":"GamblersBrew"},{"floor":12.0,"key":"Block Potion"},{"floor":14.0,"key":"FairyPotion"},{"floor":16.0,"key":"FearPotion"},{"floor":18.0,"key":"Strength Potion"},{"floor":19.0,"key":"FairyPotion"},{"floor":31.0,"key":"LiquidBronze"},{"floor":33.0,"key":"Explosive Potion"},{"floor":35.0,"key":"SpeedPotion"},{"floor":41.0,"key":"DistilledChaos"},{"floor":45.0,"key":"ElixirPotion"}],"is_trial":false,"path_per_floor":["M","M","$","?","M","R","T","$","T","?","M","M","$","M","R","B",null,"M","M","$","?","?","E","$","R","T","E","$","M","?","M","R","B",null,"M","?","M","?","M","R","E","$","T","R","E","M","R","?","R","B"],"character_chosen":"IRONCLAD","items_purchased":["Armaments","Bandage Up","Armaments","Blind","Red Skull","Carnage","Discovery","Flex"],"campfire_rested":6,"item_purchase_floors":[3,3,8,13,20,20,28,42],"current_hp_per_floor":[56,53,53,11,21,45,45,45,45,45,39,30,30,29,68,11,80,50,37,37,37,37,12,12,51,51,13,28,38,22,30,69,46,80,80,80,63,63,35,74,36,51,51,80,76,63,63,63,63,0,0],"gold":93,"neow_bonus":"TRANSFORM_TWO_CARDS","is_daily":false,"chose_seed":false,"campfire_upgraded":2,"win_rate":0.0,"timestamp":1611130001,"path_taken":["M","?","$","?","M","R","?","$","T","?","M","M","$","M","R","BOSS","M","M","$","?","?","E","?","R","T","E","$","M","?","M","R","BOSS","M","?","M","?","?","R","E","$","T","R","E","M","R","?","R","BOSS"],"items_purchased_type":["Card","Card","Card","Card","Relic","Card","Card","Card"],"build_version":"2020-12-22","purchased_purges":0,"victory":false,"max_hp_per_floor":[80,80,80,80,80,80,80,80,80,80,80,80,80,80,80,80,80,80,80,80,80,80,80,80,80,80,80,80,80,80,80,80,80,80,80,80,80,80,80,80,80,80,80,80,80,80,80,80,80,80,80],"card_choices":[{"not_picked":["True Grit","Havoc"],"picked":"Inflame","floor":1.0},{"not_picked":["Iron Wave","Reckless Charge"],"picked":"Heavy Blade","floor":2.0},{"not_picked":["Searing Blow","Hemokinesis"],"picked":"Shockwave","floor":5.0},{"not_picked":["Reckless Charge","Havoc"],"picked":"Dropkick","floor":11.0},{"not_picked":["Cleave","Rage"],"picked":"Sever Soul","floor":12.0},{"not_picked":["Rampage","Wild Strike"],"picked":"Clothesline","floor":14.0},{"not_picked":["Double Tap","Impervious"],"picked":"Reaper","floor":16.0},{"not_picked":["Iron Wave","Anger"],"picked":"Infernal Blade","floor":18.0},{"not_picked":["Cleave","Inflame"],"picked":"Uppercut+1","floor":19.0},{"not_picked":["Thunderclap","Dark Embrace"],"picked":"Pommel Strike+1","floor":23.0},{"not_picked":["Thunderclap+1","Anger"],"picked":"Heavy Blade","floor":27.0},{"not_picked":["Anger","Shrug It Off"],"picked":"Rage+1","floor":29.0},{"not_picked":["Iron Wave","Entrench"],"picked":"Limit Break","floor":31.0},{"not_picked":["Juggernaut","Brutality"],"picked":"Feed","floor":33.0},{"not_picked":["True Grit","Armaments"],"picked":"Dual Wield+1","floor":35.0},{"not_picked":["Whirlwind","Flex"],"picked":"Combust+1","floor":37.0},{"not_picked":["Burning Pact","Sword Boomerang"],"picked":"Armaments+1","floor":39.0},{"not_picked":["Body Slam+1","Warcry"],"picked":"Infernal Blade+1","floor":41.0},{"not_picked":["Power Through","Combust+1"],"picked":"Blood for Blood+1","floor":45.0},{"not_picked":["Iron Wave","Armaments+1"],"picked":"Whirlwind+1","floor":46.0}],"player_experience":203989,"relics_obtained":[{"floor":7.0,"key":"Ornamental Fan"},{"floor":9.0,"key":"Regal Pillow"},{"floor":23.0,"key":"PreservedInsect"},{"floor":26.0,"key":"MealTicket"},{"floor":27.0,"key":"Ancient Tea Set"},{"floor":30.0,"key":"Enchiridion"},{"floor":41.0,"key":"Frozen Egg 2"},{"floor":43.0,"key":"Meat on the Bone"},{"floor":45.0,"key":"Ginger"}],"event_choices":[{"damage_healed":0.0,"max_hp_gain":0.0,"max_hp_loss":0.0,"gold_gain":0.0,"event_name":"Scrap Ooze","player_choice":"Success","floor":4.0,"gold_loss":0.0,"damage_taken":42.0,"relics_obtained":["White Beast Statue"]},{"damage_healed":0.0,"max_hp_gain":0.0,"max_hp_loss":0.0,"gold_gain":0.0,"event_name":"Golden Idol","player_choice":"Take Wound","floor":10.0,"gold_loss":0.0,"damage_taken":0.0,"relics_obtained":["Golden Idol"],"cards_obtained":["Injury"]},{"cards_removed":["Strike_R"],"damage_healed":0.0,"max_hp_gain":0.0,"max_hp_loss":0.0,"gold_gain":0.0,"event_name":"Back to Basics","player_choice":"Elegance","floor":21.0,"gold_loss":0.0,"damage_taken":0.0},{"cards_removed":["Strike_R"],"damage_healed":0.0,"max_hp_gain":0.0,"max_hp_loss":0.0,"gold_gain":0.0,"event_name":"Bonfire Elementals","player_choice":"Offered Basic","floor":22.0,"gold_loss":0.0,"damage_taken":0.0},{"damage_healed":0.0,"max_hp_gain":0.0,"max_hp_loss":0.0,"gold_gain":0.0,"event_name":"Cursed Tome","player_choice":"Obtained Book","floor":30.0,"gold_loss":0.0,"damage_taken":16.0},{"damage_healed":0.0,"max_hp_gain":0.0,"max_hp_loss":0.0,"gold_gain":0.0,"event_name":"Tomb of Lord Red Mask","player_choice":"Paid","floor":36.0,"gold_loss":213.0,"damage_taken":0.0,"relics_obtained":["Red Mask"]},{"damage_healed":0.0,"max_hp_gain":0.0,"max_hp_loss":0.0,"gold_gain":0.0,"event_name":"Accursed Blacksmith","player_choice":"Rummage","floor":38.0,"gold_loss":0.0,"damage_taken":0.0,"relics_obtained":["WarpedTongs"],"cards_obtained":["Pain"]},{"damage_healed":0,"gold_gain":0,"player_choice":"Ignored","damage_taken":0,"max_hp_gain":0,"max_hp_loss":0,"event_name":"The Moai Head","floor":48,"gold_loss":0}],"is_beta":false,"boss_relics":[{"not_picked":["Fusion Hammer","Snecko Eye"],"picked":"Runic Cube"},{"not_picked":["Runic Pyramid","Busted Crown"],"picked":"Mark of Pain"}],"items_purged_floors":[],"is_endless":false,"potions_floor_spawned":[2,5,11,12,14,16,18,19,23,27,29,31,33,35,37,39,41,45,46],"killed_by":"Awakened One","ascension_level":2}}