{"host":"yuhy0i501zzmn1iz","time":1611166379,"event":{"mods":["AchievementEnabler","AlwaysNeverKeys","BaseMod","Bestiary","Better Match","Better Third Choice","Curses Come First","Downfall","Minty Spire (QoL Compilation)","StSLib","slay the spire mod where everything is the same but ironclad has a cowboy hat"],"gold_per_floor":[113,132,132,146,160,160,13,46,46,46,46,56,89,14,14,115,115,134,584,598,610,610,610],"floor_reached":22,"language":"ENG","playtime":1099,"items_purged":["Strike_B"],"score":225,"play_id":"7a996a2c-0ee9-4cb1-95be-a4186258beea","local_time":"20210120131259","is_ascension_mode":true,"campfire_choices":[{"floor":6.0,"key":"REST"},{"data":"Melter","floor":11.0,"key":"SMITH"},{"data":"Steam Power","floor":15.0,"key":"SMITH"}],"circlet_count":0,"master_deck":["Defend_B","Defend_B","Defend_B","Defend_B","Zap","Dualcast","Chill+1","Leap","Melter+1","Steam Power+1","Core Surge","Echo Form+1","Hyperbeam","Double Energy+1","Storm+1","Machine Learning+1","Lockon","Sunder","Chaos"],"relics":["Cracked Core","Turnip","Medical Kit","Frozen Egg 2","Bottled Flame","Bronze Scales","Astrolabe"],"acts_visited":["Exordium","TheCity"],"potions_floor_usage":[],"damage_taken":[{"damage":2.0,"enemies":"Jaw Worm","floor":1.0,"turns":3.0},{"damage":0.0,"enemies":"Cultist","floor":2.0,"turns":3.0},{"damage":0.0,"enemies":"Small Slimes","floor":4.0,"turns":3.0},{"damage":14.0,"enemies":"Exordium Thugs","floor":5.0,"turns":6.0},{"damage":16.0,"enemies":"Lagavulin","floor":8.0,"turns":7.0},{"damage":2.0,"enemies":"3 Louse","floor":12.0,"turns":3.0},{"damage":6.0,"enemies":"3 Sentries","floor":13.0,"turns":7.0},{"damage":18.0,"enemies":"Slime Boss","floor":16.0,"turns":10.0},{"damage":10.0,"enemies":"Chosen","floor":18.0,"turns":3.0},{"damage":12.0,"enemies":"Shell Parasite","floor":20.0,"turns":3.0},{"damage":9.0,"enemies":"Centurion and Healer","floor":21.0,"turns":4.0},{"damage":22,"enemies":"Snecko","floor":22,"turns":3}],"seed_played":"-5001488697022151406","potions_obtained":[{"floor":1.0,"key":"Fruit Juice"},{"floor":5.0,"key":"Block Potion"},{"floor":12.0,"key":"sneckomod:MuddlingPotion"},{"floor":20.0,"key":"SteroidPotion"}],"is_trial":false,"path_per_floor":["M","M","?","M","M","R","$","E","T","?","R","M","E","$","R","B",null,"M","?","M","M","M"],"character_chosen":"DEFECT","items_purchased":["Medical Kit"],"campfire_rested":1,"item_purchase_floors":[7],"current_hp_per_floor":[57,57,57,57,43,67,67,51,51,51,51,49,43,43,43,25,80,70,24,12,3,0,0],"gold":610,"neow_bonus":"ONE_RARE_RELIC","is_daily":false,"chose_seed":false,"campfire_upgraded":2,"win_rate":0.0,"timestamp":1611166379,"path_taken":["M","M","?","M","?","R","$","E","T","?","R","M","E","?","R","BOSS","M","?","?","M","M"],"items_purchased_type":["Relic"],"build_version":"2020-12-22","purchased_purges":1,"victory":false,"max_hp_per_floor":[80,80,80,80,80,80,80,80,80,80,80,80,80,80,80,80,80,80,80,80,80,80,80],"card_choices":[{"not_picked":["Capacitor","Reinforced Body"],"picked":"Chill","floor":1.0},{"not_picked":["Rebound","Turbo"],"picked":"Leap","floor":2.0},{"not_picked":["Hologram","Defragment"],"picked":"Melter","floor":4.0},{"not_picked":["Leap","Steam"],"picked":"Steam Power","floor":5.0},{"not_picked":["Stack","Coolheaded"],"picked":"Defragment+1","floor":8.0},{"not_picked":["Steam Power","Aggregate"],"picked":"Core Surge","floor":12.0},{"not_picked":["Melter","Stack"],"picked":"Echo Form+1","floor":13.0},{"not_picked":["Creative AI+1","Fission"],"picked":"Hyperbeam","floor":16.0},{"not_picked":["Barrage","Sweeping Beam+1"],"picked":"Lockon","floor":18.0},{"not_picked":["Compile Driver","Barrage+1"],"picked":"Sunder","floor":20.0},{"not_picked":["Coolheaded+1","Compile Driver+1"],"picked":"Chaos","floor":21.0}],"player_experience":313907,"relics_obtained":[{"floor":8.0,"key":"Frozen Egg 2"},{"floor":9.0,"key":"Bottled Flame"},{"floor":13.0,"key":"Bronze Scales"}],"event_choices":[{"damage_healed":0.0,"max_hp_gain":0.0,"max_hp_loss":0.0,"gold_gain":0.0,"event_name":"Upgrade Shrine","player_choice":"Upgraded","floor":3.0,"gold_loss":0.0,"damage_taken":0.0,"cards_upgraded":["Chill"]},{"cards_removed":["Strike_B"],"damage_healed":0.0,"max_hp_gain":0.0,"max_hp_loss":0.0,"gold_gain":0.0,"event_name":"Purifier","player_choice":"Purged","floor":10.0,"gold_loss":0.0,"damage_taken":0.0},{"damage_healed":0.0,"max_hp_gain":0.0,"max_hp_loss":0.0,"gold_gain":450.0,"event_name":"Knowing Skull","player_choice":"GOLD GOLD GOLD GOLD GOLD ","floor":19.0,"potions_obtained":[],"gold_loss":0.0,"damage_taken":46.0,"cards_obtained":[]}],"is_beta":false,"boss_relics":[{"not_picked":["Inserter","Coffee Dripper"],"picked":"Astrolabe"}],"items_purged_floors":[14],"is_endless":false,"potions_floor_spawned":[1,5,12,20],"killed_by":"Snecko","ascension_level":3}}