{"host":"w3q5ijqu8eoknil3","time":1611130812,"event":{"mods":["AchievementEnabler","BaseMod","Block Reminder","Colored Map","Colored Powertips","Curses Come First","Dark Map","Minty Spire (QoL Compilation)","Quick Restart","Relic Stats","StSLib","ojb\u0027s Better Paths Mod","ojb\u0027s Info Mod","slay the spire mod where everything is the same but ironclad has a cowboy hat"],"gold_per_floor":[116,116,131,131,131,131,157,157,180,180,180,214,233,32,32,103,103,113,113,132,132,132,132,132,132,132,150,160,26,76,76,76],"floor_reached":31,"language":"ENG","playtime":886,"items_purged":["Bite"],"score":565,"play_id":"6fefafd6-63c8-4be9-9850-9302ef50968d","local_time":"20210120082012","is_ascension_mode":true,"campfire_choices":[{"data":"Blade Dance","floor":6,"key":"SMITH"},{"data":"Dash","floor":8,"key":"SMITH"},{"data":"Corpse Explosion","floor":11,"key":"SMITH"},{"data":"Dagger Spray","floor":15,"key":"SMITH"},{"data":"Envenom","floor":24,"key":"SMITH"}],"circlet_count":0,"master_deck":["AscendersBane","Defend_G","Defend_G","Defend_G","Defend_G","Defend_G","Survivor","Neutralize+1","Dash+1","Blade Dance+1","Corpse Explosion+1","Blur","Dagger Spray+1","Deadly Poison","Envenom+1","Deflect+1","Flying Knee","Bite","Bite","Bite","Bite","After Image","Predator","Blade Dance","PiercingWail"],"relics":["Ring of the Snake","NeowsBlessing","Kunai","Lizard Tail","Juzu Bracelet","Whetstone","ClockworkSouvenir","WristBlade","GremlinMask","Eternal Feather"],"acts_visited":["Exordium","TheCity"],"potions_floor_usage":[12,12,20,23,28],"damage_taken":[{"damage":0,"enemies":"Jaw Worm","floor":1,"turns":1},{"damage":0,"enemies":"Small Slimes","floor":3,"turns":1},{"damage":0,"enemies":"3 Sentries","floor":7,"turns":1},{"damage":9,"enemies":"Lagavulin","floor":12,"turns":5},{"damage":3,"enemies":"2 Louse","floor":13,"turns":2},{"damage":36,"enemies":"Hexaghost","floor":16,"turns":13},{"damage":20,"enemies":"Chosen","floor":18,"turns":5},{"damage":4,"enemies":"3 Byrds","floor":20,"turns":3},{"damage":29,"enemies":"Gremlin Leader","floor":23,"turns":9},{"damage":41,"enemies":"Snake Plant","floor":27,"turns":5},{"damage":21,"enemies":"Snecko","floor":28,"turns":6},{"damage":15,"enemies":"3 Cultists","floor":31,"turns":3}],"seed_played":"3893066107788434638","potions_obtained":[{"floor":1,"key":"AttackPotion"},{"floor":7,"key":"Poison Potion"},{"floor":16,"key":"SmokeBomb"},{"floor":18,"key":"Block Potion"},{"floor":27,"key":"Explosive Potion"}],"is_trial":false,"path_per_floor":["M","?","M","?","?","R","E","R","T","?","R","E","M","$","R","B",null,"M","?","M","?","?","E","R","?","T","M","M","$","?","M"],"character_chosen":"THE_SILENT","items_purchased":["ClockworkSouvenir","Deadly Poison","PiercingWail"],"campfire_rested":0,"item_purchase_floors":[14,14,29],"current_hp_per_floor":[59,64,64,64,59,59,59,59,59,59,59,50,47,47,47,11,56,36,36,32,32,32,21,21,21,21,20,7,7,7,0,0],"gold":76,"neow_bonus":"THREE_ENEMY_KILL","is_daily":false,"chose_seed":false,"campfire_upgraded":5,"win_rate":0.0,"timestamp":1611130812,"path_taken":["M","?","M","?","?","R","E","R","T","?","R","E","M","$","R","BOSS","M","?","M","?","?","E","R","?","T","M","M","$","?","M"],"items_purchased_type":["Relic","Card","Card"],"build_version":"2020-12-22","purchased_purges":1,"victory":false,"max_hp_per_floor":[66,71,71,71,71,71,71,71,71,71,71,71,71,71,71,71,71,71,71,71,49,49,49,49,49,49,49,49,49,49,49,49],"relic_stats":{"Lizard Tail":24,"counters":[12,54],"Eternal Feather":0,"Juzu Bracelet":2,"Kunai":[17],"Whetstone":["Strike_G","Neutralize"],"obtain_stats":[{"Lizard Tail":7,"NeowsBlessing":0,"WristBlade":17,"GremlinMask":22,"Eternal Feather":26,"Juzu Bracelet":9,"Kunai":5,"Whetstone":12,"Ring of the Snake":0,"ClockworkSouvenir":14},{"Lizard Tail":3,"NeowsBlessing":0,"WristBlade":6,"GremlinMask":8,"Eternal Feather":9,"Juzu Bracelet":3,"Kunai":2,"Whetstone":4,"Ring of the Snake":0,"ClockworkSouvenir":5},{"Lizard Tail":3,"NeowsBlessing":0,"WristBlade":23,"GremlinMask":31,"Eternal Feather":40,"Juzu Bracelet":3,"Kunai":2,"Whetstone":8,"Ring of the Snake":0,"ClockworkSouvenir":10}],"Ring of the Snake":[24]},"card_choices":[{"not_picked":["Choke","Terror"],"picked":"Dash","floor":1},{"not_picked":["Reflex","Underhanded Strike"],"picked":"Blade Dance","floor":3},{"not_picked":["Reflex","Flying Knee"],"picked":"Corpse Explosion","floor":7},{"not_picked":["Dodge and Roll","Masterful Stab"],"picked":"Blur","floor":12},{"not_picked":["Deadly Poison","Sucker Punch"],"picked":"Dagger Spray","floor":13},{"not_picked":["Phantasmal Killer","Grand Finale"],"picked":"Envenom","floor":16},{"not_picked":["Underhanded Strike","Cloak And Dagger"],"picked":"Deflect+1","floor":18},{"not_picked":["Dagger Spray","Dodge and Roll"],"picked":"Flying Knee","floor":20},{"not_picked":["Dagger Throw","Backflip"],"picked":"Predator","floor":27},{"not_picked":["Acrobatics","Distraction"],"picked":"Blade Dance","floor":28}],"player_experience":999980,"relics_obtained":[{"floor":7,"key":"Lizard Tail"},{"floor":9,"key":"Juzu Bracelet"},{"floor":12,"key":"Whetstone"},{"floor":26,"key":"Eternal Feather"}],"event_choices":[{"damage_healed":0,"gold_gain":0,"player_choice":"Donut","damage_taken":0,"max_hp_gain":5,"max_hp_loss":0,"event_name":"Big Fish","floor":2,"gold_loss":0},{"damage_healed":0,"gold_gain":0,"player_choice":"Leave","damage_taken":0,"max_hp_gain":0,"max_hp_loss":0,"event_name":"The Cleric","floor":4,"gold_loss":0},{"damage_healed":0,"gold_gain":0,"player_choice":"Success","damage_taken":5,"relics_obtained":["Kunai"],"max_hp_gain":0,"max_hp_loss":0,"event_name":"Scrap Ooze","floor":5,"gold_loss":0},{"damage_healed":0,"gold_gain":0,"player_choice":"Ignored","damage_taken":0,"max_hp_gain":0,"max_hp_loss":0,"event_name":"Liars Game","floor":10,"gold_loss":0},{"cards_removed":["Strike_G"],"damage_healed":0,"gold_gain":0,"player_choice":"Offered Basic","damage_taken":0,"max_hp_gain":0,"max_hp_loss":0,"event_name":"Bonfire Elementals","floor":19,"gold_loss":0},{"damage_healed":0,"gold_gain":0,"player_choice":"Became a vampire","damage_taken":0,"max_hp_gain":0,"max_hp_loss":22,"event_name":"Vampires","floor":21,"gold_loss":0,"cards_obtained":["Bite","Bite","Bite","Bite","Bite"]},{"damage_healed":0,"gold_gain":0,"player_choice":"Trade","damage_taken":0,"relics_obtained":["GremlinMask"],"max_hp_gain":0,"max_hp_loss":0,"event_name":"FaceTrader","floor":22,"gold_loss":0},{"damage_healed":0,"gold_gain":0,"player_choice":"Read","damage_taken":0,"max_hp_gain":0,"max_hp_loss":0,"event_name":"The Library","floor":25,"gold_loss":0,"cards_obtained":["After Image"]},{"damage_healed":0,"gold_gain":50,"player_choice":"Stole From Cult","damage_taken":0,"max_hp_gain":0,"max_hp_loss":0,"event_name":"Nest","floor":30,"gold_loss":0}],"is_beta":false,"boss_relics":[{"not_picked":["Ring of the Serpent","Calling Bell"],"picked":"WristBlade"}],"items_purged_floors":[29],"is_endless":false,"potions_floor_spawned":[1,7,16,18,27],"killed_by":"3 Cultists","ascension_level":18}}