{"host":"vzugls1u57eppbds","time":1611171840,"event":{"mods":["AchievementEnabler","BaseMod","Better Third Choice","Minty Spire (QoL Compilation)","Relic Stats","Shop Mod","StSLib","The IronCluck"],"gold_per_floor":[114,114,133,214,214,248,248,248,248,283,295,330,342,429,441,453,453],"floor_reached":16,"language":"ENG","playtime":297,"items_purged":[],"score":160,"play_id":"59c1c655-14e4-4846-8e5d-3f895c9637cd","local_time":"20210120204400","is_ascension_mode":true,"campfire_choices":[{"floor":11,"key":"REST"},{"floor":13,"key":"REST"},{"floor":15,"key":"REST"}],"circlet_count":0,"master_deck":["Strike_R","Strike_R","Strike_R","Strike_R","Strike_R","Defend_R","Defend_R","Defend_R","Defend_R","Bash","Evolve","Injury","Cleave"],"relics":["Burning Blood","NeowsBlessing","Bronze Scales","Sundial","Centennial Puzzle","Golden Idol","Lizard Tail","MawBank"],"acts_visited":["Exordium"],"potions_floor_usage":[7,16],"damage_taken":[{"damage":0,"enemies":"2 Louse","floor":1,"turns":1},{"damage":0,"enemies":"Jaw Worm","floor":3,"turns":1},{"damage":0,"enemies":"Small Slimes","floor":5,"turns":1},{"damage":45,"enemies":"3 Sentries","floor":6,"turns":8},{"damage":0,"enemies":"2 Fungi Beasts","floor":7,"turns":1},{"damage":36,"enemies":"Gremlin Nob","floor":10,"turns":5},{"damage":7,"enemies":"Looter","floor":12,"turns":3},{"damage":123,"enemies":"Hexaghost","floor":16,"turns":12}],"seed_played":"-4002214750861249053","potions_obtained":[{"floor":1,"key":"SmokeBomb"},{"floor":12,"key":"Fire Potion"}],"is_trial":false,"path_per_floor":["M","?","M","T","M","E","M","?","T","E","R","M","R","?","R","B"],"character_chosen":"IRONCLAD","items_purchased":[],"campfire_rested":3,"item_purchase_floors":[],"current_hp_per_floor":[78,71,77,77,80,41,47,47,47,17,41,40,64,53,77,0,0],"gold":453,"neow_bonus":"THREE_ENEMY_KILL","is_daily":false,"chose_seed":false,"campfire_upgraded":0,"win_rate":0.0,"timestamp":1611171840,"path_taken":["M","?","M","?","?","E","M","?","T","E","R","M","R","?","R","BOSS"],"items_purchased_type":[],"build_version":"2020-12-22","purchased_purges":0,"victory":false,"max_hp_per_floor":[80,80,80,80,80,80,80,80,80,80,80,80,80,80,80,80,80],"relic_stats":{"Centennial Puzzle":[9],"Lizard Tail":40,"counters":[8,32],"Sundial":[8],"Golden Idol":12,"Bronze Scales":[102],"MawBank":72,"obtain_stats":[{"Centennial Puzzle":6,"Lizard Tail":9,"NeowsBlessing":0,"Sundial":4,"Golden Idol":8,"Bronze Scales":2,"MawBank":10,"Burning Blood":0},{"Centennial Puzzle":4,"Lizard Tail":5,"NeowsBlessing":0,"Sundial":2,"Golden Idol":5,"Bronze Scales":1,"MawBank":6,"Burning Blood":0},{"Centennial Puzzle":11,"Lizard Tail":12,"NeowsBlessing":0,"Sundial":2,"Golden Idol":12,"Bronze Scales":1,"MawBank":17,"Burning Blood":0}],"Burning Blood":39},"card_choices":[{"not_picked":["Armaments","Flex"],"picked":"Evolve","floor":1},{"not_picked":["Anger","Bloodletting","Flame Barrier"],"picked":"SKIP","floor":3},{"not_picked":["Shockwave","Flex","Havoc"],"picked":"SKIP","floor":5},{"not_picked":["Seeing Red","Havoc","Fiend Fire"],"picked":"SKIP","floor":6},{"not_picked":["Heavy Blade","Offering"],"picked":"Cleave","floor":10},{"not_picked":["Combust","Cleave","Searing Blow"],"picked":"SKIP","floor":12}],"player_experience":237470,"relics_obtained":[{"floor":4,"key":"Sundial"},{"floor":6,"key":"Centennial Puzzle"},{"floor":9,"key":"Lizard Tail"},{"floor":10,"key":"MawBank"}],"event_choices":[{"damage_healed":0,"gold_gain":0,"player_choice":"Relic ","damage_taken":7,"max_hp_gain":0,"max_hp_loss":0,"event_name":"betterThird:BetterScrap","floor":2,"gold_loss":0,"cards_obtained":["Vault"]},{"damage_healed":0,"gold_gain":0,"player_choice":"Take Wound","damage_taken":0,"relics_obtained":["Golden Idol"],"max_hp_gain":0,"max_hp_loss":0,"event_name":"Golden Idol","floor":8,"gold_loss":0,"cards_obtained":["Injury"]},{"damage_healed":0,"gold_gain":75,"player_choice":"Gold","damage_taken":11,"max_hp_gain":0,"max_hp_loss":0,"event_name":"betterThird:BetterGoop","floor":14,"gold_loss":0}],"is_beta":false,"boss_relics":[],"items_purged_floors":[],"is_endless":false,"potions_floor_spawned":[1,7,12],"killed_by":"Hexaghost","ascension_level":9}}