{"host":"ssahdsoo349p0ms1","time":1611163341,"event":{"mods":["AchievementEnabler","BaseMod","Colored Powertips","Filter the Spire","Minty Spire (QoL Compilation)","StSLib"],"gold_per_floor":[118,136,154,174,134,169,169,197,197,209,222,238,238,254,254,359,359,371,470,481,328,341,341,341,187,187,187,213,213,248,275,275,371,371,386,405,417,302,320,348,348,348,348,348,361,361,116,116,116,116,116,116,116,149,149],"floor_reached":56,"language":"ENG","playtime":2995,"items_purged":["Escape Plan","Unload+1"],"score":1427,"play_id":"e891d6ae-d8d7-4565-a28b-9dcbca89c3d8","local_time":"20210120112221","is_ascension_mode":false,"campfire_choices":[{"data":"Bouncing Flask","floor":7.0,"key":"SMITH"},{"data":"Survivor","floor":13.0,"key":"SMITH"},{"floor":15,"key":"REST"},{"floor":23,"key":"RECALL"},{"data":"Unload","floor":27,"key":"SMITH"},{"floor":29,"key":"REST"},{"data":"PiercingWail","floor":32,"key":"SMITH"},{"data":"Reflex","floor":42,"key":"SMITH"},{"data":"Madness","floor":44,"key":"SMITH"},{"data":"Madness","floor":46,"key":"SMITH"},{"data":"Adrenaline","floor":49,"key":"SMITH"}],"circlet_count":0,"master_deck":["Survivor+1","Neutralize+1","Bouncing Flask+1","Tactician+1","Acrobatics+1","Necronomicurse","Adrenaline+1","Reflex+1","Madness+1","Madness+1"],"relics":["Ring of the Snake","Bird Faced Urn","Vajra","Orichalcum","Pandora\u0027s Box","TheAbacus","Necronomicon","TwistedFunnel","Pantograph","Toy Ornithopter","Red Mask","Coffee Dripper","HornCleat","Art of War","Medical Kit","FossilizedHelix"],"acts_visited":["Exordium","TheCity","TheBeyond","TheEnding"],"potions_floor_usage":[14,16,30,55,55,55],"damage_taken":[{"damage":0.0,"enemies":"2 Louse","floor":1.0,"turns":4.0},{"damage":0.0,"enemies":"Cultist","floor":2.0,"turns":5.0},{"damage":3.0,"enemies":"Jaw Worm","floor":3.0,"turns":6.0},{"damage":3.0,"enemies":"3 Louse","floor":4.0,"turns":4.0},{"damage":17.0,"enemies":"Lagavulin","floor":6.0,"turns":7.0},{"damage":7.0,"enemies":"Gremlin Nob","floor":8.0,"turns":4.0},{"damage":0.0,"enemies":"2 Fungi Beasts","floor":10.0,"turns":3.0},{"damage":2.0,"enemies":"Exordium Wildlife","floor":11.0,"turns":6.0},{"damage":2.0,"enemies":"3 Louse","floor":12.0,"turns":5.0},{"damage":2,"enemies":"Gremlin Gang","floor":14,"turns":5},{"damage":27,"enemies":"Slime Boss","floor":16,"turns":13},{"damage":0,"enemies":"Shell Parasite","floor":18,"turns":3},{"damage":0,"enemies":"2 Thieves","floor":20,"turns":3},{"damage":0,"enemies":"Cultist and Chosen","floor":22,"turns":5},{"damage":0,"enemies":"Book of Stabbing","floor":28,"turns":4},{"damage":0,"enemies":"Gremlin Leader","floor":30,"turns":6},{"damage":0,"enemies":"Masked Bandits","floor":31,"turns":3},{"damage":29,"enemies":"Automaton","floor":33,"turns":9},{"damage":0,"enemies":"3 Shapes","floor":35,"turns":3},{"damage":0,"enemies":"3 Darklings","floor":36,"turns":3},{"damage":0,"enemies":"Spire Growth","floor":37,"turns":3},{"damage":0,"enemies":"Maw","floor":39,"turns":5},{"damage":0,"enemies":"Giant Head","floor":40,"turns":6},{"damage":0,"enemies":"Transient","floor":45,"turns":5},{"damage":0,"enemies":"Time Eater","floor":50,"turns":7},{"damage":0,"enemies":"Shield and Spear","floor":54,"turns":2},{"damage":0,"enemies":"The Heart","floor":55,"turns":5}],"seed_played":"-7509786791858405028","potions_obtained":[{"floor":5.0,"key":"EntropicBrew"},{"floor":5.0,"key":"PowerPotion"},{"floor":5.0,"key":"SneckoOil"},{"floor":6.0,"key":"Block Potion"},{"floor":10.0,"key":"PowerPotion"},{"floor":16,"key":"LiquidMemories"},{"floor":30,"key":"GhostInAJar"},{"floor":33,"key":"Block Potion"}],"is_trial":false,"path_per_floor":["M","M","M","M","?","E","R","E","T","M","M","M","R","M","R","B",null,"M","?","M","$","M","R","?","$","T","R","E","R","E","?","R","B",null,"M","M","M","$","M","E","?","R","T","R","M","R","$","?","R","B",null,"R","$","E","B",null],"character_chosen":"THE_SILENT","items_purchased":["TheAbacus","TwistedFunnel","Reflex","Medical Kit"],"campfire_rested":2,"item_purchase_floors":[21,25,38,47],"current_hp_per_floor":[70,70,67,64,64,47,47,40,40,40,38,36,36,36,57,32,70,70,70,70,70,70,70,54,54,54,54,54,70,70,70,70,41,70,70,70,70,70,70,70,61,61,61,61,61,61,61,61,61,70,70,70,70,70,70],"gold":149,"neow_bonus":"UPGRADE_CARD","is_daily":false,"chose_seed":false,"campfire_upgraded":8,"win_rate":0.0,"timestamp":1611163341,"path_taken":["M","M","M","M","?","E","R","E","T","?","M","M","R","M","R","BOSS","M","?","M","$","M","R","?","$","T","R","E","R","E","?","R","BOSS","M","M","M","$","M","E","?","R","T","R","M","R","$","?","R","BOSS","R","$","E","BOSS"],"items_purchased_type":["Relic","Relic","Card","Relic"],"build_version":"2020-12-22","purchased_purges":2,"victory":true,"max_hp_per_floor":[70,70,70,70,70,70,70,70,70,70,70,70,70,70,70,70,70,70,70,70,70,70,70,70,70,70,70,70,70,70,70,70,70,70,70,70,70,70,70,70,70,70,70,70,70,70,70,70,70,70,70,70,70,70,70],"card_choices":[{"not_picked":["Blade Dance","PiercingWail","Finisher"],"picked":"SKIP","floor":1.0},{"not_picked":["Blade Dance","Finisher"],"picked":"PiercingWail","floor":1.0},{"not_picked":["Deflect","Sucker Punch","Flying Knee"],"picked":"SKIP","floor":2.0},{"not_picked":["Choke","Bouncing Flask","Outmaneuver"],"picked":"SKIP","floor":3.0},{"not_picked":["Choke","Outmaneuver"],"picked":"Bouncing Flask","floor":3.0},{"not_picked":["Slice","Footwork","Underhanded Strike"],"picked":"SKIP","floor":4.0},{"not_picked":["PiercingWail","Terror","Glass Knife"],"picked":"SKIP","floor":6.0},{"not_picked":["Dash","Footwork","Deflect"],"picked":"SKIP","floor":8.0},{"not_picked":["Outmaneuver","Dodge and Roll","Flying Knee"],"picked":"SKIP","floor":10.0},{"not_picked":["Concentrate","Outmaneuver","Riddle With Holes"],"picked":"SKIP","floor":11.0},{"not_picked":["Prepared","Choke","Blade Dance"],"picked":"SKIP","floor":12.0},{"not_picked":["Endless Agony","PiercingWail","Outmaneuver"],"picked":"SKIP","floor":14},{"not_picked":["Night Terror","After Image"],"picked":"Unload","floor":16},{"not_picked":["Cloak And Dagger","Skewer"],"picked":"Tactician+1","floor":18},{"not_picked":["Endless Agony","Dagger Throw","Quick Slash+1"],"picked":"SKIP","floor":20},{"not_picked":["Prepared+1","Backstab"],"picked":"Acrobatics+1","floor":22},{"not_picked":["Riddle With Holes","Quick Slash","Tactician"],"picked":"SKIP","floor":28},{"not_picked":["Quick Slash+1","Slice","Storm of Steel"],"picked":"SKIP","floor":30},{"not_picked":["Night Terror","Storm of Steel"],"picked":"Adrenaline","floor":33},{"not_picked":["Dagger Throw","Choke+1"],"picked":"Escape Plan","floor":35},{"not_picked":["Choke","All Out Attack+1","Blur"],"picked":"SKIP","floor":36},{"not_picked":["Cloak And Dagger+1","Slice","Expertise+1"],"picked":"SKIP","floor":37},{"not_picked":["Escape Plan","Deadly Poison+1","Slice+1"],"picked":"SKIP","floor":39},{"not_picked":["Blur","PiercingWail+1","Footwork+1"],"picked":"SKIP","floor":40},{"not_picked":["Bouncing Flask","Crippling Poison","Dodge and Roll"],"picked":"SKIP","floor":45},{"not_picked":["PiercingWail","Die Die Die","Footwork"],"picked":"SKIP","floor":54}],"player_experience":585314,"relics_obtained":[{"floor":6.0,"key":"Bird Faced Urn"},{"floor":8.0,"key":"Vajra"},{"floor":9.0,"key":"Orichalcum"},{"floor":24,"key":"Necronomicon"},{"floor":28,"key":"Pantograph"},{"floor":30,"key":"Toy Ornithopter"},{"floor":31,"key":"Red Mask"},{"floor":40,"key":"HornCleat"},{"floor":43,"key":"Art of War"},{"floor":54,"key":"FossilizedHelix"}],"event_choices":[{"damage_healed":0.0,"max_hp_gain":0.0,"max_hp_loss":0.0,"gold_gain":0.0,"event_name":"The Woman in Blue","player_choice":"Bought 3 Potions","floor":5.0,"gold_loss":0.0,"damage_taken":0.0},{"damage_healed":0,"gold_gain":99,"player_choice":"Stole From Cult","damage_taken":0,"max_hp_gain":0,"max_hp_loss":0,"event_name":"Nest","floor":19,"gold_loss":0},{"damage_healed":0,"gold_gain":0,"player_choice":"Obtained Book","damage_taken":16,"max_hp_gain":0,"max_hp_loss":0,"event_name":"Cursed Tome","floor":24,"gold_loss":0},{"damage_healed":0,"gold_gain":0,"player_choice":"Fought Bandits","damage_taken":0,"max_hp_gain":0,"max_hp_loss":0,"event_name":"Masked Bandits","floor":31,"gold_loss":0},{"damage_healed":0,"gold_gain":0,"player_choice":"Embrace Madness","damage_taken":9,"max_hp_gain":0,"max_hp_loss":0,"event_name":"Winding Halls","floor":41,"gold_loss":0,"cards_obtained":["Madness","Madness"]},{"cards_removed":["PiercingWail"],"damage_healed":0,"gold_gain":0,"player_choice":"Removed Skill","damage_taken":0,"max_hp_gain":0,"max_hp_loss":0,"event_name":"Falling","floor":48,"gold_loss":0}],"is_beta":false,"boss_relics":[{"not_picked":["Empty Cage","Snecko Eye"],"picked":"Pandora\u0027s Box"},{"not_picked":["Black Star","Philosopher\u0027s Stone"],"picked":"Coffee Dripper"}],"items_purged_floors":[38,47],"is_endless":false,"potions_floor_spawned":[6,10,12,16,30,33,35,36,37,45,54],"ascension_level":0}}