{"host":"0cm5wy4nhuju7tij","time":1611120022,"event":{"mods":["100% Spire Juice","2.2 Compatiblity","AchievementEnabler","Aspiration","BaseMod","Better Third Choice","BetterRewards","CCEM","CapriCore","Chen","Colored Powertips","Curses Come First","Custom Start","Displayed Cursed Tome","Downfall","Energized Spire","Evolution","Filter the Spire","Highlight Path","Jess\u0027s Bottle","Minty Spire (QoL Compilation)","Permanent Neow","Relic Stats","SOS???????","Shop Mod","Spicy Shops","StSLib","The Cursed","The Juggle","The Sage","TheFirefly"],"gold_per_floor":[111,126,152,152,165,195,195,209,263,277,311,311,332,366,366,490,490,513,513,527,542,68,103,117,152,152,152,0,13,13,56,56,187,187,202,216,216,234,8,8,26,26,98,431,443,443,477,96,96,96,96,96,1,29,29,29],"floor_reached":55,"language":"ENG","playtime":4205,"items_purged":["Injury","Strike_G","Strike_G","Defend_G","Dagger Throw"],"score":813,"play_id":"0f9521bc-6a20-45fa-aaec-43c78e91188c","local_time":"20210120002022","is_ascension_mode":true,"campfire_choices":[{"data":"Caltrops","floor":7.0,"key":"SMITH"},{"floor":15,"key":"REST"},{"data":"Accuracy","floor":27,"key":"SMITH"},{"floor":30,"key":"REST"},{"data":"Backstab","floor":32,"key":"SMITH"},{"data":"Footwork","floor":40,"key":"SMITH"},{"floor":42,"key":"RECALL"},{"floor":46,"key":"REST"},{"floor":49,"key":"REST"},{"data":"Noxious Fumes","floor":52,"key":"SMITH"}],"circlet_count":0,"master_deck":["Defend_G","Defend_G","Defend_G+1","Defend_G+1","Survivor","Neutralize","Caltrops+1","Terror","Deadly Poison+1","Backstab+1","Dodge and Roll+1","PiercingWail+1","Deflect+1","Footwork+1","Bullet Time+1","Deflect+1","Distraction+1","Infinite Blades","Bouncing Flask+1","Accuracy+1","Deadly Poison+1","Dagger Spray","Cloak And Dagger+1","Blade Dance+1","Terror+1","Well Laid Plans","Deadly Poison+1","Outmaneuver+1","Adrenaline+1","PiercingWail+1","PiercingWail+1","sagemod:Ambition+1","Noxious Fumes+1","Terror+1","Accuracy","Blade Dance+1","Chen:Panic+1"],"relics":["Ring of the Snake","EVO:Axolotl","Strawberry","Toxic Egg 2","Shuriken","War Paint","CCEMRelics:Barrel","Bottled Tornado","aspiration:SecretTechniqueScroll","Membership Card","Bag of Marbles","sagemod:Singing_Vial","aspiration:HiddenCompartment","Snake Skull","Empty Cage","PrismaticShard","PreservedInsect","White Beast Statue","Ornamental Fan","MealTicket","OrangePellets","Regal Pillow","Gremlin Horn"],"acts_visited":["Exordium","TheCity","TheBeyond","TheEnding"],"potions_floor_usage":[33],"damage_taken":[{"damage":0.0,"enemies":"Cultist","floor":1.0,"turns":4.0},{"damage":2.0,"enemies":"Small Slimes","floor":2.0,"turns":5.0},{"damage":2.0,"enemies":"Jaw Worm","floor":5.0,"turns":4.0},{"damage":31.0,"enemies":"Gremlin Nob","floor":6.0,"turns":5.0},{"damage":17.0,"enemies":"Large Slime","floor":8.0,"turns":7.0},{"damage":0.0,"enemies":"3 Louse","floor":10.0,"turns":3.0},{"damage":5.0,"enemies":"Lagavulin","floor":11.0,"turns":6.0},{"damage":0,"enemies":"Looter","floor":13,"turns":3},{"damage":8,"enemies":"3 Sentries","floor":14,"turns":8},{"damage":29,"enemies":"The Guardian","floor":16,"turns":11},{"damage":0,"enemies":"3 Byrds","floor":18,"turns":3},{"damage":17,"enemies":"2 Thieves","floor":20,"turns":3},{"damage":13,"enemies":"Snake Plant","floor":21,"turns":2},{"damage":9,"enemies":"Gremlin Leader","floor":23,"turns":7},{"damage":1,"enemies":"Snecko","floor":24,"turns":4},{"damage":10,"enemies":"Book of Stabbing","floor":25,"turns":4},{"damage":2,"enemies":"Cultist and Chosen","floor":29,"turns":4},{"damage":17,"enemies":"Gremlin Leader","floor":31,"turns":5},{"damage":35,"enemies":"Champ","floor":33,"turns":8},{"damage":0,"enemies":"3 Shapes","floor":35,"turns":5},{"damage":8,"enemies":"Orb Walker","floor":36,"turns":3},{"damage":13,"enemies":"Spire Growth","floor":38,"turns":4},{"damage":19,"enemies":"3 Darklings","floor":41,"turns":4},{"damage":14,"enemies":"Maw","floor":45,"turns":7},{"damage":7,"enemies":"Reptomancer","floor":47,"turns":5},{"damage":41,"enemies":"Donu and Deca","floor":50,"turns":8},{"damage":26,"enemies":"Shield and Spear","floor":54,"turns":5},{"damage":67,"enemies":"The Heart","floor":55,"turns":2}],"seed_played":"2986427238742127111","potions_obtained":[{"floor":1.0,"key":"EntropicBrew"},{"floor":10.0,"key":"SteroidPotion"},{"floor":11,"key":"SkillPotion"},{"floor":16,"key":"Fire Potion"},{"floor":36,"key":"champ:CounterPotion"},{"floor":38,"key":"DuplicationPotion"}],"is_trial":false,"path_per_floor":["M","M","T","?","M","E","R","M","T","M","E","?","M","E","R","B",null,"M","?","M","M","$","E","M","E","T","R","$","M","R","E","R","B",null,"M","M","?","M","$","R","M","R","T","?","M","R","E","$","R","B",null,"R","$","E","B"],"character_chosen":"THE_SILENT","items_purchased":["Accuracy","Deadly Poison+1","Dagger Spray","Membership Card","Bag of Marbles","Well Laid Plans","PrismaticShard","PreservedInsect","Noxious Fumes","MealTicket","OrangePellets","Regal Pillow","Terror+1","Accuracy","Blade Dance+1"],"campfire_rested":4,"item_purchase_floors":[22,22,22,22,22,28,39,39,48,48,48,48,48,53,53],"current_hp_per_floor":[77,75,82,82,80,49,49,32,32,32,27,27,27,19,42,13,78,78,78,61,48,48,39,38,28,28,28,28,34,57,48,48,13,78,78,70,70,57,57,57,46,46,46,46,32,55,48,48,78,37,78,78,78,60,0,0],"gold":29,"neow_bonus":"TEN_PERCENT_HP_BONUS","is_daily":false,"chose_seed":false,"campfire_upgraded":5,"win_rate":0.0,"timestamp":1611120022,"path_taken":["M","M","?","?","?","E","R","M","T","M","E","?","M","E","R","BOSS","M","?","M","M","$","E","M","E","T","R","$","M","R","E","R","BOSS","M","M","?","M","$","R","M","R","T","?","M","R","E","$","R","BOSS","R","$","E","BOSS"],"items_purchased_type":["Card","Card","Card","Relic","Relic","Card","Relic","Relic","Card","Relic","Relic","Relic","Card","Card","Card"],"build_version":"2020-12-22","purchased_purges":5,"victory":false,"max_hp_per_floor":[77,77,84,84,84,84,84,84,84,84,84,78,78,78,78,78,78,78,78,78,78,78,78,78,78,78,78,78,78,78,78,78,78,78,78,78,78,78,78,78,78,78,78,78,78,78,78,78,78,78,78,78,78,78,78,78],"relic_stats":{"OrangePellets":[3],"Regal Pillow":7,"Gremlin Horn":[0,0],"counters":[28,139],"Shuriken":[35],"Ornamental Fan":[36],"MealTicket":0,"Snake Skull":[79],"PreservedInsect":127,"War Paint":["Defend_G","Defend_G"],"obtain_stats":[{"CCEMRelics:Barrel":11,"Regal Pillow":48,"Gremlin Horn":54,"Golden Idol":12,"Snake Skull":31,"PreservedInsect":39,"EVO:Axolotl":0,"aspiration:SecretTechniqueScroll":17,"War Paint":9,"Bottled Tornado":14,"aspiration:HiddenCompartment":25,"Empty Cage":34,"PrismaticShard":39,"White Beast Statue":43,"OrangePellets":48,"Shuriken":6,"Ornamental Fan":47,"Strawberry":3,"sagemod:Singing_Vial":23,"MealTicket":48,"Bag of Marbles":22,"Membership Card":22,"Toxic Egg 2":4,"Ring of the Snake":0},{"CCEMRelics:Barrel":7,"Regal Pillow":25,"Gremlin Horn":27,"Golden Idol":7,"Snake Skull":18,"PreservedInsect":22,"EVO:Axolotl":0,"aspiration:SecretTechniqueScroll":10,"War Paint":5,"Bottled Tornado":9,"aspiration:HiddenCompartment":16,"Empty Cage":19,"PrismaticShard":22,"White Beast Statue":23,"OrangePellets":25,"Shuriken":4,"Ornamental Fan":25,"Strawberry":2,"sagemod:Singing_Vial":14,"MealTicket":25,"Bag of Marbles":13,"Membership Card":13,"Toxic Egg 2":2,"Ring of the Snake":0},{"CCEMRelics:Barrel":34,"Regal Pillow":124,"Gremlin Horn":137,"Golden Idol":34,"Snake Skull":88,"PreservedInsect":108,"EVO:Axolotl":0,"aspiration:SecretTechniqueScroll":56,"War Paint":25,"Bottled Tornado":45,"aspiration:HiddenCompartment":79,"Empty Cage":96,"PrismaticShard":108,"White Beast Statue":112,"OrangePellets":124,"Shuriken":18,"Ornamental Fan":124,"Strawberry":9,"sagemod:Singing_Vial":71,"MealTicket":124,"Bag of Marbles":64,"Membership Card":64,"Toxic Egg 2":9,"Ring of the Snake":0}],"Ring of the Snake":[56]},"card_choices":[{"not_picked":["Flying Knee","Flechettes"],"picked":"Caltrops","floor":1.0},{"not_picked":["Slice","PiercingWail"],"picked":"Terror","floor":2.0},{"not_picked":["Dagger Throw","Sucker Punch"],"picked":"Flying Knee","floor":5.0},{"not_picked":["Expertise+1","Flying Knee"],"picked":"Deadly Poison+1","floor":6.0},{"not_picked":["Dodge and Roll+1","Skewer"],"picked":"Backstab","floor":8.0},{"not_picked":["Flying Knee","Quick Slash"],"picked":"Dodge and Roll+1","floor":10.0},{"not_picked":["Unload","Acrobatics+1"],"picked":"PiercingWail+1","floor":11},{"not_picked":["Acrobatics+1","PiercingWail+1"],"picked":"Deflect+1","floor":13},{"not_picked":["Quick Slash","Distraction+1"],"picked":"Footwork","floor":14},{"not_picked":["A Thousand Cuts","Die Die Die"],"picked":"Bullet Time+1","floor":16},{"not_picked":["Expertise+1","Escape Plan+1"],"picked":"Deflect+1","floor":18},{"not_picked":["Skewer","Flying Knee"],"picked":"Infinite Blades","floor":20},{"not_picked":["PiercingWail+1","Acrobatics+1"],"picked":"Bouncing Flask+1","floor":21},{"not_picked":["Expertise+1","Well Laid Plans"],"picked":"Cloak And Dagger+1","floor":23},{"not_picked":["Acrobatics+1","Prepared+1"],"picked":"Blade Dance+1","floor":24},{"not_picked":["Expertise+1","Acrobatics+1"],"picked":"Terror+1","floor":25},{"not_picked":["Flying Knee+1","Dash"],"picked":"Deadly Poison+1","floor":29},{"not_picked":["A Thousand Cuts","Prepared+1"],"picked":"Outmaneuver+1","floor":31},{"not_picked":["Corpse Explosion+1","Burst+1"],"picked":"Adrenaline+1","floor":33},{"not_picked":["Flying Knee+1","Sucker Punch","Dagger Throw+1"],"picked":"Singing Bowl","floor":35},{"not_picked":["Bane","Poisoned Stab+1"],"picked":"PiercingWail+1","floor":36},{"not_picked":["Tactician+1","Poisoned Stab+1"],"picked":"PiercingWail+1","floor":38},{"not_picked":["Chen:Flit+1","EbonyIvory","bronze:OilSpill+1"],"picked":"Singing Bowl","floor":41},{"not_picked":["TheCursedMod:EmpowerCircles+1","bronze:OilSpill"],"picked":"sagemod:Ambition+1","floor":45},{"not_picked":["Guardian:ExploitGems+1","Slimebound:LeechingTouch+1","Choke+1"],"picked":"SKIP","floor":47},{"not_picked":["Chen:Fadeout+1","Slimebound:Gluttony+1"],"picked":"Chen:Panic+1","floor":54}],"player_experience":209942,"relics_obtained":[{"floor":3.0,"key":"Strawberry"},{"floor":6.0,"key":"Shuriken"},{"floor":9.0,"key":"War Paint"},{"floor":11,"key":"CCEMRelics:Barrel"},{"floor":14,"key":"Bottled Tornado"},{"floor":23,"key":"sagemod:Singing_Vial"},{"floor":25,"key":"aspiration:HiddenCompartment"},{"floor":31,"key":"Snake Skull"},{"floor":43,"key":"White Beast Statue"},{"floor":47,"key":"Ornamental Fan"},{"floor":54,"key":"Gremlin Horn"}],"event_choices":[{"damage_healed":0,"gold_gain":0,"player_choice":"Lose Max HP","damage_taken":0,"relics_obtained":["Golden Idol"],"max_hp_gain":0,"max_hp_loss":6,"event_name":"Golden Idol","floor":12,"gold_loss":0},{"damage_healed":0,"gold_gain":0,"player_choice":"Read","damage_taken":0,"max_hp_gain":0,"max_hp_loss":0,"event_name":"The Library","floor":19,"gold_loss":0,"cards_obtained":["Distraction"]},{"cards_removed":["Flying Knee"],"damage_healed":0,"gold_gain":0,"player_choice":"Removed Attack","damage_taken":0,"max_hp_gain":0,"max_hp_loss":0,"event_name":"Falling","floor":37,"gold_loss":0},{"damage_healed":0,"gold_gain":333,"player_choice":"Gave Idol","damage_taken":0,"max_hp_gain":0,"max_hp_loss":0,"event_name":"The Moai Head","floor":44,"relics_lost":["Golden Idol"],"gold_loss":0}],"is_beta":false,"boss_relics":[{"not_picked":["Ectoplasm","energizedSpire:CursedPentagram"],"picked":"aspiration:SecretTechniqueScroll"},{"not_picked":["Sozu","Fusion Hammer"],"picked":"Empty Cage"}],"items_purged_floors":[22,28,28,39,48],"is_endless":false,"potions_floor_spawned":[1,10,11,13,16,18,23,24,31,36,38,45,47,54],"killed_by":"The Heart","ascension_level":1}}