{"host":"j4g6ia6asvpyu2b0","time":1611185381,"event":{"mods":["BaseMod","Colored Map","Minty Spire (QoL Compilation)","Permanent Neow","Quick Restart","Relic Stats","StSLib","Unceasing Turn Reminder"],"gold_per_floor":[119,394,408,418,432,432,465,465,465,485,498,498,498],"floor_reached":12,"language":"ENG","playtime":352,"items_purged":[],"score":135,"play_id":"d5153bd1-6851-42bd-8e31-ac45926b30f1","local_time":"20210120162941","is_ascension_mode":true,"campfire_choices":[{"data":"Deadly Poison","floor":6,"key":"SMITH"},{"floor":8,"key":"REST"}],"circlet_count":0,"master_deck":["AscendersBane","Strike_G","Strike_G","Strike_G","Strike_G","Strike_G","Defend_G","Defend_G","Defend_G","Defend_G","Defend_G","Survivor","Neutralize+1","Infinite Blades","Regret","Bouncing Flask","Poisoned Stab","Deadly Poison+1","Deadly Poison","Predator","Malaise"],"relics":["Ring of the Snake","Pantograph"],"acts_visited":["Exordium"],"potions_floor_usage":[],"damage_taken":[{"damage":2,"enemies":"Jaw Worm","floor":1,"turns":5},{"damage":3,"enemies":"Cultist","floor":3,"turns":5},{"damage":0,"enemies":"2 Louse","floor":4,"turns":3},{"damage":9,"enemies":"Red Slaver","floor":5,"turns":3},{"damage":40,"enemies":"3 Sentries","floor":7,"turns":9},{"damage":12,"enemies":"Large Slime","floor":10,"turns":6},{"damage":16,"enemies":"Exordium Thugs","floor":11,"turns":5},{"damage":12,"enemies":"Gremlin Nob","floor":12,"turns":2}],"seed_played":"1133594382651859874","potions_obtained":[{"floor":1,"key":"Swift Potion"},{"floor":10,"key":"Weak Potion"},{"floor":11,"key":"CultistPotion"}],"is_trial":false,"path_per_floor":["M","?","M","M","M","R","E","R","T","M","M","E"],"character_chosen":"THE_SILENT","items_purchased":[],"campfire_rested":1,"item_purchase_floors":[],"current_hp_per_floor":[61,61,58,58,49,49,9,30,30,18,2,0,0],"gold":498,"neow_bonus":"UPGRADE_CARD","is_daily":false,"chose_seed":false,"campfire_upgraded":1,"win_rate":0.0,"timestamp":1611185381,"path_taken":["M","?","M","M","?","R","E","R","T","M","M","E"],"items_purchased_type":[],"build_version":"2020-12-22","purchased_purges":0,"victory":false,"max_hp_per_floor":[70,70,70,70,70,70,70,70,70,70,70,70,70],"relic_stats":{"counters":[8,38],"Pantograph":0,"obtain_stats":[{"Pantograph":7,"Ring of the Snake":0},{"Pantograph":5,"Ring of the Snake":0},{"Pantograph":25,"Ring of the Snake":0}],"Ring of the Snake":[16]},"card_choices":[{"not_picked":["Flechettes","Poisoned Stab"],"picked":"Infinite Blades","floor":1},{"not_picked":["Predator","Finisher"],"picked":"Bouncing Flask","floor":3},{"not_picked":["Slice","Concentrate"],"picked":"Poisoned Stab","floor":4},{"not_picked":["Concentrate","Deflect"],"picked":"Deadly Poison","floor":5},{"not_picked":["Quick Slash","Flying Knee"],"picked":"Deadly Poison","floor":7},{"not_picked":["Prepared","Poisoned Stab"],"picked":"Predator","floor":10},{"not_picked":["Setup","Bane"],"picked":"Malaise","floor":11}],"player_experience":890835,"relics_obtained":[{"floor":7,"key":"Pantograph"}],"event_choices":[{"damage_healed":0,"gold_gain":275,"player_choice":"Desecrate","damage_taken":0,"max_hp_gain":0,"max_hp_loss":0,"event_name":"Golden Shrine","floor":2,"gold_loss":0,"cards_obtained":["Regret"]}],"is_beta":false,"boss_relics":[],"items_purged_floors":[],"is_endless":false,"potions_floor_spawned":[1,10,11],"killed_by":"Gremlin Nob","ascension_level":13}}