{"host":"hspm0s97xpvpwopl","time":1611163299,"event":{"mods":["BaseMod","Better Third Choice","Colored Map","Colored Powertips","Curses Come First","Downfall","Hermit","JesterMod","Minty Spire (QoL Compilation)","Relic Stats","Robot Space Explorer","Shop Mod","Spicy Shops","StSLib","The Cursed","The Marked","The Runesmith"],"gold_per_floor":[360,360,360,370,41,41,41,53,76,76,76,101,101,135,135,260,260,279,279,292,79,4,4,35,35,35,35,51,51,150,163,163,289,289,310,328,84,84,84],"floor_reached":38,"language":"ENG","playtime":2889,"items_purged":["Regret","Pain"],"score":415,"play_id":"dc65d512-06da-4433-b6f5-d80ab174f8fa","local_time":"20210120112139","is_ascension_mode":false,"campfire_choices":[{"data":"Runesmith:CraftProtectio","floor":6.0,"key":"SMITH"},{"floor":11.0,"key":"REST"},{"floor":13.0,"key":"RECALL"},{"floor":15.0,"key":"REST"},{"floor":23.0,"key":"REST"},{"floor":27.0,"key":"REST"},{"floor":29.0,"key":"REST"},{"floor":32.0,"key":"REST"}],"circlet_count":0,"master_deck":["Runesmith:Strike_RS","Runesmith:Strike_RS","Runesmith:Strike_RS","Runesmith:Strike_RS","Runesmith:Defend_RS","Runesmith:Defend_RS","Runesmith:Defend_RS","Runesmith:Defend_RS","Runesmith:CraftFirestone","Runesmith:Fortify","Clumsy","Runesmith:EarthShield","Runesmith:CraftProtectio+1","Runesmith:CraftReservo+1","Injury","Runesmith:Repurpose+1","Runesmith:FieryHammer","Runesmith:CraftPrismatica+1","Runesmith:ChiselStab","Runesmith:Empowerment+1","Runesmith:CraftProtectio+1","Runesmith:EnergizedChisel","Runesmith:LithiumIon+1","Runesmith:CraftMagma+1","Runesmith:RuneHurl","Runesmith:CraftMagma+1","Runesmith:MakeshiftArmor+1","Runesmith:CreatorForm+1","Runesmith:Discharge+1","Runesmith:Retool+1"],"relics":["Runesmith:CoreCrystal","Mango","Toxic Egg 2","Vajra","Golden Idol","Frozen Egg 2","SlaversCollar","Membership Card","jesterMod:MirrorMask","Shuriken","Ginger","MutagenicStrength","Incense Burner","WingedGreaves","Pear"],"acts_visited":["Exordium","TheCity","TheBeyond"],"potions_floor_usage":[],"damage_taken":[{"damage":0.0,"enemies":"Small Slimes","floor":1.0,"turns":4.0},{"damage":5.0,"enemies":"2 Louse","floor":4.0,"turns":5.0},{"damage":0.0,"enemies":"Cultist","floor":8.0,"turns":4.0},{"damage":6.0,"enemies":"Red Slaver","floor":12.0,"turns":5.0},{"damage":9.0,"enemies":"3 Sentries","floor":14.0,"turns":8.0},{"damage":47.0,"enemies":"Hexaghost","floor":16.0,"turns":15.0},{"damage":17.0,"enemies":"3 Byrds","floor":18.0,"turns":8.0},{"damage":17.0,"enemies":"Spheric Guardian","floor":20.0,"turns":8.0},{"damage":24.0,"enemies":"Slavers","floor":24.0,"turns":6.0},{"damage":56.0,"enemies":"3 Cultists","floor":28.0,"turns":6.0},{"damage":30.0,"enemies":"Shelled Parasite and Fungi","floor":31.0,"turns":5.0},{"damage":27.0,"enemies":"Automaton","floor":33.0,"turns":12.0},{"damage":41.0,"enemies":"3 Darklings","floor":35.0,"turns":7.0},{"damage":36.0,"enemies":"3 Shapes","floor":36.0,"turns":7.0},{"damage":0,"enemies":"Transient","floor":38,"turns":1}],"seed_played":"8220974247605863677","potions_obtained":[{"floor":8.0,"key":"Fruit Juice"},{"floor":12.0,"key":"AttackPotion"},{"floor":16.0,"key":"Dexterity Potion"},{"floor":20.0,"key":"ColorlessPotion"},{"floor":28.0,"key":"PowerPotion"},{"floor":31.0,"key":"Strength Potion"},{"floor":35.0,"key":"Energy Potion"}],"is_trial":false,"path_per_floor":["M","?","?","M","$","R","?","M","T","?","R","M","R","E","R","B",null,"M","?","M","$","$","R","E","?","T","R","M","R","?","M","R","B",null,"M","M","$","M"],"character_chosen":"RUNESMITH_CLASS","items_purchased":["Toxic Egg 2","Membership Card","Runesmith:EnergizedChisel","jesterMod:MirrorMask","Shuriken","Runesmith:LithiumIon+1","Runesmith:CraftMagma+1","Incense Burner","WingedGreaves","Pear"],"campfire_rested":6,"item_purchase_floors":[5,21,21,21,21,22,22,37,37,37],"current_hp_per_floor":[70,84,84,79,79,79,72,77,77,77,89,83,83,74,89,42,89,72,72,55,55,55,81,57,57,57,83,27,53,53,23,49,22,89,48,12,22,22,22],"gold":84,"neow_bonus":"TWO_FIFTY_GOLD","is_daily":false,"chose_seed":false,"campfire_upgraded":1,"win_rate":0.0,"timestamp":1611163299,"path_taken":["M","?","?","M","$","R","?","M","T","?","R","M","R","E","R","BOSS","M","?","?","?","$","R","E","?","T","R","M","R","?","M","R","BOSS","M","M","$","M"],"items_purchased_type":["Relic","Relic","Card","Relic","Relic","Card","Card","Relic","Relic","Relic"],"build_version":"2020-12-22","purchased_purges":2,"victory":false,"max_hp_per_floor":[70,84,84,84,84,84,84,89,89,89,89,89,89,89,89,89,89,89,89,89,89,89,89,89,89,89,89,89,89,89,89,89,89,89,89,89,99,99,99],"relic_stats":{"counters":[15,101],"Golden Idol":89,"Shuriken":[9],"Ginger":[0],"obtain_stats":[{"Runesmith:BrokenRuby":0,"Pear":37,"Golden Idol":10,"Vajra":9,"Mango":2,"Incense Burner":37,"Ginger":24,"Frozen Egg 2":14,"jesterMod:MirrorMask":21,"Runesmith:CoreCrystal":34,"SlaversCollar":17,"Shuriken":21,"MutagenicStrength":25,"WingedGreaves":37,"Membership Card":21,"Toxic Egg 2":5},{"Runesmith:BrokenRuby":0,"Pear":14,"Golden Idol":3,"Vajra":3,"Mango":1,"Incense Burner":14,"Ginger":9,"Frozen Egg 2":5,"jesterMod:MirrorMask":8,"Runesmith:CoreCrystal":12,"SlaversCollar":6,"Shuriken":8,"MutagenicStrength":9,"WingedGreaves":14,"Membership Card":8,"Toxic Egg 2":2},{"Runesmith:BrokenRuby":0,"Pear":100,"Golden Idol":13,"Vajra":13,"Mango":4,"Incense Burner":100,"Ginger":63,"Frozen Egg 2":26,"jesterMod:MirrorMask":57,"Runesmith:CoreCrystal":86,"SlaversCollar":41,"Shuriken":57,"MutagenicStrength":63,"WingedGreaves":100,"Membership Card":57,"Toxic Egg 2":9}]},"card_choices":[{"not_picked":["Runesmith:RuneHurl","Runesmith:EnergizedChisel"],"picked":"Runesmith:EarthShield","floor":1.0},{"not_picked":["Runesmith:Malloc","Runesmith:EnergizedChisel"],"picked":"Runesmith:CraftProtectio","floor":4.0},{"not_picked":["Runesmith:Retool+1","Runesmith:ChaoticBlast"],"picked":"Runesmith:CraftReservo+1","floor":8.0},{"not_picked":["Runesmith:HammerThrow","Runesmith:ChargedHammer"],"picked":"Runesmith:Repurpose+1","floor":12.0},{"not_picked":["Runesmith:HeatedChisel","Runesmith:UnstableHammer"],"picked":"Runesmith:FieryHammer","floor":14.0},{"not_picked":["Runesmith:Supernova+1","Runesmith:CreatorForm+1"],"picked":"Runesmith:CraftPrismatica+1","floor":16.0},{"not_picked":["Runesmith:EarthShield+1","Runesmith:Superposition+1"],"picked":"Runesmith:ChiselStab","floor":18.0},{"not_picked":["Runesmith:Overpower","Runesmith:Repurpose+1"],"picked":"Runesmith:CraftProtectio+1","floor":20.0},{"not_picked":["Runesmith:Repurpose+1","Runesmith:ShiftingStrike"],"picked":"Runesmith:RuneHurl","floor":24.0},{"not_picked":["Runesmith:EnergizedChisel","Runesmith:Grindstone+1"],"picked":"Runesmith:CraftMagma+1","floor":28.0},{"not_picked":["Runesmith:EnergizedChisel+1","Runesmith:StaticCage+1"],"picked":"Runesmith:MakeshiftArmor+1","floor":31.0},{"not_picked":["Runesmith:Duplicate+1","Runesmith:ReplicatingBarrier+1"],"picked":"Runesmith:CreatorForm+1","floor":33.0},{"not_picked":["Runesmith:EarthShield+1","Runesmith:Grindstone+1"],"picked":"Runesmith:Discharge+1","floor":35.0},{"not_picked":["Runesmith:CraftMagma+1","Runesmith:RuneHurl"],"picked":"Runesmith:Retool+1","floor":36.0}],"player_experience":329202,"relics_obtained":[{"floor":9.0,"key":"Vajra"},{"floor":14.0,"key":"Frozen Egg 2"},{"floor":24.0,"key":"Ginger"}],"event_choices":[{"damage_healed":0.0,"max_hp_gain":0.0,"max_hp_loss":0.0,"gold_gain":0.0,"event_name":"Big Fish","player_choice":"Box","floor":2.0,"gold_loss":0.0,"damage_taken":0.0,"relics_obtained":["Mango"],"cards_obtained":["Regret"]},{"damage_healed":84.0,"max_hp_gain":0.0,"max_hp_loss":84.0,"gold_gain":0.0,"event_name":"betterThird:BetterShining","player_choice":"Embrace Burn","floor":3.0,"gold_loss":0.0,"damage_taken":0.0},{"cards_removed":["Burn"],"damage_healed":0.0,"max_hp_gain":0.0,"max_hp_loss":0.0,"gold_gain":0.0,"event_name":"Golden Wing","player_choice":"Card Removal","floor":7.0,"gold_loss":0.0,"damage_taken":7.0},{"damage_healed":0.0,"max_hp_gain":0.0,"max_hp_loss":0.0,"gold_gain":0.0,"event_name":"Golden Idol","player_choice":"Take Wound","floor":10.0,"gold_loss":0.0,"damage_taken":0.0,"relics_obtained":["Golden Idol"],"cards_obtained":["Injury"]},{"damage_healed":0.0,"max_hp_gain":0.0,"max_hp_loss":0.0,"gold_gain":0.0,"event_name":"Match and Keep!","player_choice":"1 cards matched","floor":19.0,"gold_loss":0.0,"damage_taken":0.0,"cards_obtained":["Runesmith:Empowerment"]},{"damage_healed":0.0,"max_hp_gain":0.0,"max_hp_loss":0.0,"gold_gain":0.0,"event_name":"Drug Dealer","player_choice":"Inject Mutagens","floor":25.0,"gold_loss":0.0,"damage_taken":0.0,"relics_obtained":["MutagenicStrength"]},{"damage_healed":0.0,"max_hp_gain":0.0,"max_hp_loss":0.0,"gold_gain":99.0,"event_name":"betterThird:BetterNest","player_choice":"Steal","floor":30.0,"gold_loss":0.0,"damage_taken":0.0}],"is_beta":false,"boss_relics":[{"not_picked":["SacredBark","bronze:MakeshiftBattery"],"picked":"SlaversCollar"},{"not_picked":["Runic Dome","Coffee Dripper"],"picked":"Runesmith:CoreCrystal"}],"items_purged_floors":[5,37],"is_endless":false,"potions_floor_spawned":[8,12,16,20,28,31,35],"killed_by":"Transient","ascension_level":0}}