{"host":"cfnmff32z0ky6ioz","time":1611143127,"event":{"mods":["BaseMod","Bestiary","Curses Come First","Dota2Spire","Filter the Spire","Minty Spire (QoL Compilation)","Quick Restart","RNG Fix","Relic Stats","Replay The Spire","Say the Spire","Spicy Shops","StSLib","The Alterego","The Marked","¡i?ª«¥dµP¡jREMEMod"],"gold_per_floor":[115,130,142,217,30,30,50,50,50,50,66,81,94,44,44,149,149,163,88,106,124,0,0,17,31,31,31,31,47,47,47,47,47,47,47,47],"floor_reached":35,"language":"ZHS","playtime":2208,"items_purged":[],"score":251,"play_id":"b2def6ab-29ad-4948-895b-7bf32ca4cfa1","local_time":"20210120194527","is_ascension_mode":false,"campfire_choices":[{"data":"Adrenaline","floor":6,"key":"SMITH"},{"data":"Crystallizer","floor":8,"key":"SMITH"},{"data":"Fusion","floor":15,"key":"SMITH"},{"floor":23,"key":"REST"},{"data":"Consume","floor":27,"key":"SMITH"},{"floor":34,"key":"REST"}],"circlet_count":0,"master_deck":["Strike_B","Strike_B","Strike_B","Defend_B","Defend_B","Defend_B","Defend_B","Zap","Dualcast","Adrenaline+1","Rebound","Lockon","Crystallizer+1","Storm","Sweeping Beam","Conserve Battery","Redo","Time Bomb","Conserve Battery","Fusion+1","Stack","Aggregate","Redo","Consume","ReplayTheSpireMod:GoodbyeWorld+1","Leap","Time Bomb","Melter+1","Consume+1","Streamline+1","Consume+1","Darkness"],"relics":["Cracked Core","REME_ComplimentaryCards","Centennial Puzzle","ReplayTheSpireMod:CursedCoin","Raider\u0027s Mask","REME_HandOfSuture","Dota2Spire:Bloodstone","Prayer Wheel","Calipers","Nilry\u0027s Codex"],"acts_visited":["Exordium","TheCity"],"potions_floor_usage":[20,29,35],"damage_taken":[{"damage":5.0,"enemies":"2 Louse","floor":1.0,"turns":3.0},{"damage":1.0,"enemies":"Cultist","floor":2.0,"turns":3.0},{"damage":0.0,"enemies":"Small Slimes","floor":3.0,"turns":2.0},{"damage":3,"enemies":"Looter","floor":7,"turns":3},{"damage":0,"enemies":"3 Louse","floor":11,"turns":1},{"damage":13,"enemies":"Exordium Thugs","floor":12,"turns":3},{"damage":0,"enemies":"Large Slime","floor":13,"turns":3},{"damage":42,"enemies":"Fading Forest","floor":16,"turns":11},{"damage":2,"enemies":"Chosen","floor":18,"turns":5},{"damage":0,"enemies":"3 Byrds","floor":20,"turns":4},{"damage":27,"enemies":"Centurion and Healer","floor":21,"turns":6},{"damage":9,"enemies":"Sentry and Sphere","floor":24,"turns":4},{"damage":6,"enemies":"Cultist and Chosen","floor":25,"turns":4},{"damage":21,"enemies":"Shelled Parasite and Fungi","floor":29,"turns":5},{"damage":76,"enemies":"Collector","floor":35,"turns":9}],"seed_played":"-3210684195507008689","potions_obtained":[{"floor":7,"key":"FearPotion"},{"floor":11,"key":"DuplicationPotion"},{"floor":21,"key":"Dota2Spire:HealingSalve"},{"floor":29,"key":"FocusPotion"}],"is_trial":false,"path_per_floor":["M","M","M","?","$","R","M","R","T","?","M","M","M","$","R","B",null,"M","?","M","M","?","R","M","M","T","R","$","M","$","PTL","PTL","?","R","B"],"character_chosen":"DEFECT","items_purchased":["ReplayTheSpireMod:CursedCoin","Raider\u0027s Mask","Storm","Sweeping Beam","Conserve Battery","Stack"],"campfire_rested":2,"item_purchase_floors":[5,5,5,5,5,14],"current_hp_per_floor":[70,69,69,58,58,58,55,55,55,55,55,42,42,42,42,10,75,73,73,73,46,46,68,59,69,69,69,69,57,57,57,57,41,63,0,0],"gold":47,"neow_bonus":"RANDOM_COMMON_RELIC","is_daily":false,"chose_seed":false,"campfire_upgraded":4,"win_rate":0.0,"timestamp":1611143127,"path_taken":["M","M","M","?","$","R","M","R","T","?","?","?","?","?","R","BOSS","M","?","M","M","?","R","M","M","T","R","$","M","?","PTL","PTL","?","?","R","BOSS"],"items_purchased_type":["Relic","Relic","Card","Card","Card","Card"],"build_version":"2020-12-22","purchased_purges":0,"victory":false,"max_hp_per_floor":[75,75,75,75,75,75,75,75,75,75,75,75,75,75,75,75,75,75,75,75,75,75,75,75,75,75,75,75,75,75,75,75,75,75,75,75],"relic_stats":{"Centennial Puzzle":[33],"counters":[15,66],"Prayer Wheel":6,"obtain_stats":[{"Centennial Puzzle":0,"Calipers":26,"ReplayTheSpireMod:CursedCoin":5,"Nilry\u0027s Codex":33,"Prayer Wheel":18,"REME_HandOfSuture":9,"Dota2Spire:Bloodstone":17,"Raider\u0027s Mask":5,"Cracked Core":0,"REME_ComplimentaryCards":0},{"Centennial Puzzle":0,"Calipers":13,"ReplayTheSpireMod:CursedCoin":3,"Nilry\u0027s Codex":14,"Prayer Wheel":9,"REME_HandOfSuture":4,"Dota2Spire:Bloodstone":8,"Raider\u0027s Mask":3,"Cracked Core":0,"REME_ComplimentaryCards":0},{"Centennial Puzzle":0,"Calipers":52,"ReplayTheSpireMod:CursedCoin":8,"Nilry\u0027s Codex":57,"Prayer Wheel":31,"REME_HandOfSuture":11,"Dota2Spire:Bloodstone":29,"Raider\u0027s Mask":8,"Cracked Core":0,"REME_ComplimentaryCards":0}]},"card_choices":[{"not_picked":["Streamline","Darkness"],"picked":"Rebound","floor":1.0},{"not_picked":["Steam","Stack"],"picked":"Lockon","floor":2.0},{"not_picked":["Barrage","Lockon"],"picked":"Crystallizer","floor":3.0},{"not_picked":["Barrage","Steam"],"picked":"Redo","floor":7},{"not_picked":["Redo","Hyperbeam"],"picked":"Time Bomb","floor":11},{"not_picked":["Sunder","Blizzard"],"picked":"Conserve Battery","floor":12},{"not_picked":["Barrage","Leap"],"picked":"Fusion","floor":13},{"not_picked":["Thunder Strike","ReplayRNGCard"],"picked":"ReplayTheSpireMod:Fabricate Wheel","floor":16},{"not_picked":["Melter","Gash+1"],"picked":"Aggregate","floor":18},{"not_picked":["Sweeping Beam+1","Rebound"],"picked":"Redo","floor":18},{"not_picked":["Ball Lightning","Turbo"],"picked":"Consume","floor":20},{"not_picked":["Mirror Shield","Barrage"],"picked":"ReplayTheSpireMod:GoodbyeWorld+1","floor":20},{"not_picked":["Gash","Force Field"],"picked":"Leap","floor":21},{"not_picked":["Loop","Genetic Algorithm"],"picked":"Time Bomb","floor":21},{"not_picked":["Steam Power","Beam Cell"],"picked":"Melter+1","floor":24},{"not_picked":["Chill+1","ReplayTheSpireMod:Reroute Power","BasicCrystalCard"],"picked":"SKIP","floor":24},{"not_picked":["Reprogram+1","Hologram"],"picked":"Consume","floor":25},{"not_picked":["Beam Cell+1","Leap"],"picked":"Streamline+1","floor":25},{"not_picked":["Static Discharge","FTL"],"picked":"Consume+1","floor":29},{"not_picked":["Rip and Tear+1","Barrage"],"picked":"Darkness","floor":29}],"player_experience":353333,"relics_obtained":[{"floor":9,"key":"REME_HandOfSuture"},{"floor":26,"key":"Calipers"},{"floor":33,"key":"Nilry\u0027s Codex"}],"event_choices":[{"damage_healed":0.0,"max_hp_gain":0.0,"max_hp_loss":0.0,"gold_gain":75.0,"event_name":"World of Goop","player_choice":"Gather Gold","floor":4.0,"gold_loss":0.0,"damage_taken":11.0},{"cards_removed":["Spreading Infection"],"damage_healed":0,"gold_gain":0,"player_choice":"Forget","damage_taken":0,"max_hp_gain":0,"max_hp_loss":0,"event_name":"Living Wall","floor":10,"gold_loss":0},{"cards_removed":["Strike_B"],"damage_healed":0,"gold_gain":0,"player_choice":"Gave Gold","damage_taken":0,"max_hp_gain":0,"max_hp_loss":0,"event_name":"Beggar","floor":19,"gold_loss":75},{"damage_healed":0,"gold_gain":0,"player_choice":"Paid Fearfully","damage_taken":0,"max_hp_gain":0,"max_hp_loss":0,"event_name":"Masked Bandits","floor":22,"gold_loss":124},{"damage_healed":0,"gold_gain":0,"player_choice":"Obtained Book","damage_taken":16,"max_hp_gain":0,"max_hp_loss":0,"event_name":"Cursed Tome","floor":33,"gold_loss":0}],"is_beta":false,"boss_relics":[{"not_picked":["Runic Dome","Painkiller Herb"],"picked":"Dota2Spire:Bloodstone"}],"items_purged_floors":[],"is_endless":false,"potions_floor_spawned":[7,11,21,29],"killed_by":"Collector","ascension_level":0}}