{"host":"xm0tf1maiknh0fp9","time":1611163538,"event":{"mods":["BaseMod","Colored Map","Colored Powertips","Googly Eyes","Minty Spire (QoL Compilation)","Replay The Spire","StSLib"],"gold_per_floor":[114,114,130,144,163,163,61,61,61,61,61,136,136,61,61,163,163,181,195,50,50,65,100,100,100,100,100,111,124,144,162,162,266,266,277,177,187,206,223,254,268,268,268,125,125,175,209,252,252,252],"floor_reached":51,"language":"ENG","playtime":1501,"items_purged":["Strike_P","FlyingSleeves+1"],"score":892,"play_id":"86897f1d-864a-4156-8848-4d2cc1174db3","local_time":"20210120122538","is_ascension_mode":false,"campfire_choices":[{"data":"FollowUp","floor":6.0,"key":"SMITH"},{"data":"Eruption","floor":8.0,"key":"SMITH"},{"data":"Defend_P","floor":13.0,"key":"SMITH"},{"data":"Vigilance","floor":15.0,"key":"SMITH"},{"data":"Blasphemy","floor":24,"key":"SMITH"},{"floor":27,"key":"REST"},{"data":"Defend_P","floor":32,"key":"SMITH"},{"data":"Defend_P","floor":42,"key":"SMITH"},{"floor":49,"key":"REST"}],"circlet_count":0,"master_deck":["Defend_P+1","Defend_P+1","Defend_P+1","Eruption+1","Vigilance+1","FollowUp+1","Ragnarok+1","DeceiveReality+1","Blasphemy+1","Necronomicurse","Protect+1","Swivel+1"],"relics":["PureWater","NeowsBlessing","InkBottle","Busted Crown","Chemical X","Necronomicon","Boot","Art of War","Astrolabe","ReplayTheSpireMod:Lightbulb","Replay:Wax Seal","Lee\u0027s Waffle","Ginger","Pet Ghost","Replay:Bottled Steam"],"acts_visited":["Exordium","TheCity","TheBeyond"],"potions_floor_usage":[33,40,50,50],"damage_taken":[{"damage":0.0,"enemies":"Small Slimes","floor":1.0,"turns":1.0},{"damage":0.0,"enemies":"Cultist","floor":3.0,"turns":1.0},{"damage":0.0,"enemies":"2 Louse","floor":4.0,"turns":1.0},{"damage":0.0,"enemies":"2 Fungi Beasts","floor":5.0,"turns":4.0},{"damage":44.0,"enemies":"Fading Forest","floor":16.0,"turns":11.0},{"damage":0.0,"enemies":"Chosen","floor":18.0,"turns":4.0},{"damage":12,"enemies":"Shell Parasite","floor":19,"turns":5},{"damage":0,"enemies":"Cultist and Chosen","floor":22,"turns":1},{"damage":0,"enemies":"Slavers","floor":23,"turns":1},{"damage":2,"enemies":"Shelled Parasite and Fungi","floor":28,"turns":4},{"damage":0,"enemies":"Snake Plant","floor":29,"turns":2},{"damage":0,"enemies":"Sentry and Sphere","floor":30,"turns":1},{"damage":0,"enemies":"Chosen and Byrds","floor":31,"turns":1},{"damage":12,"enemies":"Champ","floor":33,"turns":4},{"damage":0,"enemies":"3 Shapes","floor":35,"turns":2},{"damage":0,"enemies":"3 Darklings","floor":37,"turns":2},{"damage":16,"enemies":"Transient","floor":38,"turns":5},{"damage":0,"enemies":"4 Shapes","floor":39,"turns":2},{"damage":0,"enemies":"R_Hoarder","floor":40,"turns":1},{"damage":0,"enemies":"Maw","floor":41,"turns":3},{"damage":0,"enemies":"Mind Bloom Boss Battle","floor":46,"turns":3},{"damage":0,"enemies":"Nemesis","floor":47,"turns":3},{"damage":74,"enemies":"Awakened One","floor":50,"turns":15}],"seed_played":"6187288864734965803","potions_obtained":[{"floor":3.0,"key":"FearPotion"},{"floor":5.0,"key":"FairyPotion"},{"floor":22,"key":"Weak Potion"},{"floor":23,"key":"LiquidMemories"},{"floor":31,"key":"LiquidMemories"},{"floor":33,"key":"BottledMiracle"},{"floor":40,"key":"Explosive Potion"}],"is_trial":false,"path_per_floor":["M","?","M","M","M","R","$","R","T","$","?","?","R","$","R_BF","B",null,"M","M","$","?","M","E","R","?","T","R","M","M","M","M","R","B",null,"M","$","M","M","M","E","M","R","T","$","?","?","E","?","R","B",null],"character_chosen":"WATCHER","items_purchased":["Ragnarok+1","Chemical X","Lee\u0027s Waffle"],"campfire_rested":2,"item_purchase_floors":[7,20,44],"current_hp_per_floor":[72,72,72,72,72,72,72,72,72,72,72,61,61,61,61,35,72,72,60,60,44,44,44,44,44,44,65,63,63,63,63,63,51,72,72,72,72,56,56,56,56,56,56,79,79,79,79,60,79,5],"gold":252,"neow_bonus":"THREE_ENEMY_KILL","is_daily":false,"chose_seed":false,"campfire_upgraded":7,"win_rate":0.0,"timestamp":1611163538,"path_taken":["M","?","?","M","M","R","$","R","T","$","?","?","R","$","R_BF","BOSS","M","M","$","?","M","E","R","?","T","R","M","M","?","M","R","BOSS","M","$","M","M","M","E","M","R","T","$","?","?","E","?","R","BOSS"],"items_purchased_type":["Card","Relic","Relic"],"build_version":"2020-12-22","purchased_purges":2,"victory":true,"max_hp_per_floor":[72,72,72,72,72,72,72,72,72,72,72,72,72,72,72,72,72,72,72,72,72,72,72,72,72,72,72,72,72,72,72,72,72,72,72,72,72,72,72,72,72,72,72,79,79,79,79,79,79,79],"card_choices":[{"not_picked":["Replay:AtTheReady","Prostrate"],"picked":"Replay:ManipulateFuture","floor":1.0},{"not_picked":["WindmillStrike","Crescendo","Replay:ManipulateFuture"],"picked":"SKIP","floor":3.0},{"not_picked":["EmptyBody","CrushJoints"],"picked":"FollowUp","floor":4.0},{"not_picked":["Replay:BluntJabs","Protect","CrushJoints"],"picked":"SKIP","floor":5.0},{"not_picked":["Devotion","LessonLearned"],"picked":"Blasphemy","floor":16.0},{"not_picked":["PathToVictory"],"picked":"SKIP","floor":18.0},{"not_picked":["Fasting2"],"picked":"SKIP","floor":19},{"not_picked":["TalkToTheHand"],"picked":"SKIP","floor":22},{"not_picked":["CrushJoints"],"picked":"SKIP","floor":23},{"not_picked":["Fasting2"],"picked":"SKIP","floor":28},{"not_picked":["TalkToTheHand"],"picked":"SKIP","floor":29},{"not_picked":["Collect"],"picked":"SKIP","floor":30},{"not_picked":["CrushJoints"],"picked":"SKIP","floor":31},{"not_picked":["Sanctity"],"picked":"SKIP","floor":35},{"not_picked":["FearNoEvil"],"picked":"SKIP","floor":37},{"not_picked":["EmptyFist"],"picked":"SKIP","floor":38},{"not_picked":["SandsOfTime+1"],"picked":"SKIP","floor":39},{"not_picked":["CutThroughFate+1"],"picked":"SKIP","floor":40},{"not_picked":["EmptyFist"],"picked":"SKIP","floor":41},{"not_picked":["PathToVictory+1"],"picked":"SKIP","floor":47}],"player_experience":151670,"relics_obtained":[{"floor":9.0,"key":"InkBottle"},{"floor":21,"key":"Necronomicon"},{"floor":23,"key":"Boot"},{"floor":26,"key":"Art of War"},{"floor":40,"key":"ReplayTheSpireMod:Lightbulb"},{"floor":43,"key":"Replay:Wax Seal"},{"floor":46,"key":"Ginger"},{"floor":47,"key":"Pet Ghost"},{"floor":48,"key":"Replay:Bottled Steam"}],"event_choices":[{"cards_removed":["Strike_P"],"damage_healed":0.0,"max_hp_gain":0.0,"max_hp_loss":0.0,"gold_gain":0.0,"event_name":"Bonfire Elementals","player_choice":"Offered Basic","floor":2.0,"gold_loss":0.0,"damage_taken":0.0},{"damage_healed":0.0,"max_hp_gain":0.0,"max_hp_loss":0.0,"gold_gain":75.0,"event_name":"World of Goop","player_choice":"Gather Gold","floor":12.0,"gold_loss":0.0,"damage_taken":11.0},{"damage_healed":0,"gold_gain":0,"player_choice":"Obtained Book","damage_taken":16,"max_hp_gain":0,"max_hp_loss":0,"event_name":"Cursed Tome","floor":21,"gold_loss":0},{"damage_healed":0,"gold_gain":0,"player_choice":"Ignored","damage_taken":0,"max_hp_gain":0,"max_hp_loss":0,"event_name":"N\u0027loth","floor":25,"gold_loss":0},{"damage_healed":0,"gold_gain":0,"player_choice":"Fight","damage_taken":0,"max_hp_gain":0,"max_hp_loss":0,"event_name":"MindBloom","floor":46,"gold_loss":0}],"is_beta":false,"boss_relics":[{"not_picked":["VioletLotus","ReplayTheSpireMod:DimensionalGlitch"],"picked":"Busted Crown"},{"not_picked":["Replay:Drink Me","HolyWater"],"picked":"Astrolabe"}],"items_purged_floors":[14,36],"is_endless":false,"potions_floor_spawned":[3,5,22,23,28,31,33,39,40,46],"ascension_level":0}}