{"host":"atu1skz5iq69e5lr","time":1611130427,"event":{"mods":["AchievementEnabler","Aspiration","BaseMod","Better Third Choice","Colored Map","Evolution","Friendly Minions","Highlight Path","Infinite Spire","Keyboard Shortcuts","Lobotomy","Minty Spire (QoL Compilation)","Replay The Spire","Shop Mod","StSLib"],"gold_per_floor":[111,36,52,32,47,47,82,7,7,37,37,37,49,84,84,84,84],"floor_reached":16,"language":"ENG","playtime":974,"items_purged":["Laetitia"],"score":118,"play_id":"a852cedf-0503-4fdf-9370-c661b79f3e68","local_time":"20210120091347","is_ascension_mode":false,"campfire_choices":[{"data":"Neutralize","floor":6,"key":"SMITH"},{"floor":11,"key":"REST"},{"floor":15,"key":"REST"}],"circlet_count":0,"master_deck":["Quick Slash","Dagger Spray","Strike_G","Strike_G","Strike_G","Defend_G","Defend_G","Defend_G","Defend_G","Defend_G","Survivor","Neutralize+1","PunishingBird","Crippling Poison","Bouncing Flask","FairyFestival"],"relics":["Ring of the Snake","EVO:Axolotl","CogitoBucket","infinitespire:Golems Mask","Replay:Bottled Flurry","Pen Nib","BackwardClock","ReplayTheSpireMod:Ninjato"],"acts_visited":["Exordium"],"potions_floor_usage":[5,7,7,13,14,16],"damage_taken":[{"damage":0,"enemies":"Cultist","floor":1,"turns":5},{"damage":5,"enemies":"Jaw Worm","floor":3,"turns":3},{"damage":7,"enemies":"2 Louse","floor":5,"turns":2},{"damage":22,"enemies":"Lagavulin","floor":7,"turns":5},{"damage":24,"enemies":"Gremlin Nob","floor":10,"turns":4},{"damage":21,"enemies":"2 Fungi Beasts","floor":13,"turns":4},{"damage":23,"enemies":"3 Sentries","floor":14,"turns":5},{"damage":50,"enemies":"Slime Boss","floor":16,"turns":10}],"seed_played":"886416278334677777","potions_obtained":[{"floor":3,"key":"PowerPotion"},{"floor":4,"key":"EntropicBrew"},{"floor":7,"key":"Block Potion"}],"is_trial":false,"path_per_floor":["M","$","M","?","M","R","E","$","T","E","R","$","M","E","R","B"],"character_chosen":"THE_SILENT","items_purchased":["Bouncing Flask"],"campfire_rested":2,"item_purchase_floors":[2],"current_hp_per_floor":[70,70,65,65,58,58,36,36,36,18,39,39,20,2,23,0,0],"gold":84,"neow_bonus":"","is_daily":false,"chose_seed":false,"campfire_upgraded":1,"win_rate":0.0,"timestamp":1611130427,"path_taken":["M","?","M","?","M","R","E","$","T","E","R","$","M","E","R","BOSS"],"items_purchased_type":["Card"],"build_version":"2020-12-22","purchased_purges":1,"victory":false,"max_hp_per_floor":[70,70,70,70,70,70,70,70,70,70,70,70,70,70,70,70,70],"card_choices":[{"not_picked":["LaLuna","WallGazer"],"picked":"PunishingBird","floor":1},{"not_picked":["Dagger Throw","PiercingWail"],"picked":"Crippling Poison","floor":1},{"not_picked":["CherryBlossoms","NakedNest"],"picked":"Laetitia","floor":3},{"not_picked":["Endless Agony","Bane","PiercingWail"],"picked":"SKIP","floor":3},{"not_picked":["Endless Agony","Bane","PiercingWail"],"picked":"SKIP","floor":3},{"not_picked":["Riddle With Holes","Hidden Blade","Blur"],"picked":"SKIP","floor":5},{"not_picked":["SpiderBud","MeatLantern"],"picked":"FairyFestival","floor":7},{"not_picked":["Outmaneuver","Quick Slash","Backstab"],"picked":"SKIP","floor":7},{"not_picked":["Sucker Punch","Flying Knee","PiercingWail"],"picked":"SKIP","floor":10},{"not_picked":["Dodge and Roll","Deadly Poison","Finisher"],"picked":"SKIP","floor":13},{"not_picked":["PiercingWail","Bane","Prepared"],"picked":"SKIP","floor":14}],"player_experience":7319,"relics_obtained":[{"floor":7,"key":"infinitespire:Golems Mask"},{"floor":9,"key":"Replay:Bottled Flurry"},{"floor":10,"key":"Pen Nib"},{"floor":14,"key":"ReplayTheSpireMod:Ninjato"}],"event_choices":[{"damage_healed":0,"gold_gain":0,"player_choice":"Bought 1 Potion","damage_taken":0,"max_hp_gain":0,"max_hp_loss":0,"event_name":"The Woman in Blue","floor":4,"gold_loss":0}],"is_beta":false,"boss_relics":[],"items_purged_floors":[8],"is_endless":false,"potions_floor_spawned":[3,7],"killed_by":"Slime Boss","ascension_level":0}}