{"host":"z9mq1tf06lkrncmk","time":1611164148,"event":{"mods":["BaseMod","Downfall","Minty Spire (QoL Compilation)","StSLib"],"gold_per_floor":[109,184,259,269,87,87,113,125,125,125,137,169,169,186,186,281,281,262,278,55,155,168,168,121,131,131,158,158,14,28,28,28,28,28],"floor_reached":33,"language":"ENG","playtime":1388,"items_purged":["Devotion"],"score":370,"play_id":"88f66761-d51e-43b6-9828-d4964cddaca0","local_time":"20210120123548","is_ascension_mode":true,"campfire_choices":[{"floor":6,"key":"REST"},{"data":"Eruption","floor":10,"key":"SMITH"},{"floor":13,"key":"REST"},{"data":"Vigilance","floor":15,"key":"SMITH"},{"data":"MentalFortress","floor":23,"key":"SMITH"},{"floor":28,"key":"REST"},{"data":"Establishment","floor":32,"key":"SMITH"}],"circlet_count":0,"master_deck":["Strike_P","Strike_P","Strike_P","Strike_P","Defend_P","Defend_P","Defend_P","Defend_P","Eruption+1","Vigilance+1","SashWhip","FlurryOfBlows","FearNoEvil","Consecrate","MentalFortress+1","SandsOfTime","InnerPeace","WindmillStrike","CurseOfTheBell","Protect+1","FlyingSleeves","Crescendo","Swivel","Establishment+1"],"relics":["PureWater","Centennial Puzzle","Regal Pillow","White Beast Statue","InkBottle","MealTicket","Calling Bell","Omamori","Yang","Incense Burner","Lee\u0027s Waffle","Potion Belt","Singing Bowl","Orrery"],"acts_visited":["Exordium","TheCity"],"potions_floor_usage":[7,12,16,25,27,27,33],"damage_taken":[{"damage":0,"enemies":"Cultist","floor":1,"turns":2},{"damage":5,"enemies":"Small Slimes","floor":4,"turns":4},{"damage":22,"enemies":"Lagavulin","floor":7,"turns":4},{"damage":3,"enemies":"2 Louse","floor":8,"turns":2},{"damage":13,"enemies":"Large Slime","floor":11,"turns":4},{"damage":0,"enemies":"Gremlin Nob","floor":12,"turns":2},{"damage":9,"enemies":"Red Slaver","floor":14,"turns":4},{"damage":15,"enemies":"Hexaghost","floor":16,"turns":7},{"damage":24,"enemies":"2 Thieves","floor":18,"turns":4},{"damage":2,"enemies":"Chosen","floor":19,"turns":2},{"damage":22,"enemies":"Sentry and Sphere","floor":22,"turns":6},{"damage":26,"enemies":"Cultist and Chosen","floor":25,"turns":6},{"damage":30,"enemies":"Gremlin Leader","floor":27,"turns":5},{"damage":11,"enemies":"Centurion and Healer","floor":30,"turns":5},{"damage":102,"enemies":"Champ","floor":33,"turns":10}],"seed_played":"4902769565045473368","potions_obtained":[{"floor":1,"key":"SteroidPotion"},{"floor":8,"key":"SpeedPotion"},{"floor":11,"key":"champ:CounterPotion"},{"floor":12,"key":"BlessingOfTheForge"},{"floor":14,"key":"SteroidPotion"},{"floor":16,"key":"Strength Potion"},{"floor":25,"key":"ColorlessPotion"},{"floor":27,"key":"Explosive Potion"},{"floor":30,"key":"Ancient Potion"}],"is_trial":false,"path_per_floor":["M","?","?","M","$","R","E","M","T","R","M","E","R","M","R","B",null,"M","M","$","?","M","R","$","M","T","E","R","$","M","?","R","B"],"character_chosen":"WATCHER","items_purchased":["FearNoEvil","Regal Pillow","Lee\u0027s Waffle","Crescendo","Orrery"],"campfire_rested":3,"item_purchase_floors":[5,5,20,24,29],"current_hp_per_floor":[72,61,54,49,49,72,50,47,47,47,34,34,70,61,61,46,72,48,46,79,79,57,57,72,46,46,18,57,80,71,71,71,0,0],"gold":28,"neow_bonus":"RANDOM_COMMON_RELIC","is_daily":false,"chose_seed":false,"campfire_upgraded":4,"win_rate":0.0,"timestamp":1611164148,"path_taken":["M","?","?","?","$","R","E","M","T","R","M","E","R","M","R","BOSS","M","?","$","?","M","R","$","M","T","E","R","?","M","?","R","BOSS"],"items_purchased_type":["Card","Relic","Relic","Card","Relic"],"build_version":"2020-12-22","purchased_purges":1,"victory":false,"max_hp_per_floor":[72,72,72,72,72,72,72,72,72,72,72,72,72,72,72,72,72,72,72,79,79,79,79,79,79,79,81,81,89,91,91,91,91,91],"card_choices":[{"not_picked":["Collect","PathToVictory"],"picked":"SashWhip","floor":1},{"not_picked":["CarveReality","SashWhip"],"picked":"FlurryOfBlows","floor":4},{"not_picked":["ForeignInfluence","ReachHeaven"],"picked":"Consecrate","floor":7},{"not_picked":["Adaptation","PathToVictory"],"picked":"MentalFortress","floor":8},{"not_picked":["WindmillStrike","WheelKick"],"picked":"SandsOfTime","floor":11},{"not_picked":["Prostrate","ReachHeaven"],"picked":"InnerPeace","floor":12},{"not_picked":["Fasting2","ClearTheMind"],"picked":"WindmillStrike","floor":14},{"not_picked":["SpiritShield","Wish"],"picked":"Devotion","floor":16},{"not_picked":["BowlingBash","CutThroughFate","CrushJoints+1"],"picked":"SKIP","floor":18},{"not_picked":["EmptyFist","Evaluate"],"picked":"Protect+1","floor":19},{"not_picked":["JustLucky","ThirdEye"],"picked":"FlyingSleeves","floor":22},{"not_picked":["Study","PathToVictory+1"],"picked":"Swivel","floor":25},{"not_picked":["Crescendo","Swivel","JustLucky"],"picked":"Singing Bowl","floor":27},{"not_picked":["FlyingSleeves","WreathOfFlame","DeceiveReality"],"picked":"Singing Bowl","floor":29},{"not_picked":["Devotion","DeceiveReality","Consecrate"],"picked":"Singing Bowl","floor":29},{"not_picked":["Protect","Alpha","FlyingSleeves"],"picked":"Singing Bowl","floor":29},{"not_picked":["CrushJoints+1","Crescendo+1","Consecrate"],"picked":"Singing Bowl","floor":29},{"not_picked":["Adaptation","Wallop"],"picked":"Establishment","floor":29},{"not_picked":["EmptyBody+1","Pray+1","SignatureMove"],"picked":"Singing Bowl","floor":30}],"player_experience":367181,"relics_obtained":[{"floor":7,"key":"White Beast Statue"},{"floor":9,"key":"InkBottle"},{"floor":12,"key":"MealTicket"},{"floor":17,"key":"Omamori"},{"floor":17,"key":"Yang"},{"floor":17,"key":"Incense Burner"},{"floor":26,"key":"Potion Belt"},{"floor":27,"key":"Singing Bowl"}],"event_choices":[{"damage_healed":0,"gold_gain":75,"player_choice":"Gather Gold","damage_taken":11,"max_hp_gain":0,"max_hp_loss":0,"event_name":"World of Goop","floor":2,"gold_loss":0},{"damage_healed":0,"gold_gain":75,"player_choice":"Touch","damage_taken":7,"max_hp_gain":0,"max_hp_loss":0,"event_name":"FaceTrader","floor":3,"gold_loss":0},{"damage_healed":0,"gold_gain":100,"player_choice":"Pray","damage_taken":0,"max_hp_gain":0,"max_hp_loss":0,"event_name":"Golden Shrine","floor":21,"gold_loss":0},{"damage_healed":0,"gold_gain":0,"player_choice":"Ignored","damage_taken":0,"max_hp_gain":0,"max_hp_loss":0,"event_name":"Ghosts","floor":31,"gold_loss":0}],"is_beta":false,"boss_relics":[{"not_picked":["Coffee Dripper","bronze:MakeshiftBattery"],"picked":"Calling Bell"}],"items_purged_floors":[20],"is_endless":false,"potions_floor_spawned":[1,8,11,12,14,16,18,19,22,25,27,30],"killed_by":"Champ","ascension_level":3}}