{"host":"ndpbn7fqb3wjbd7p","time":1611117204,"event":{"mods":["AchievementEnabler","Act Like it!","AlwaysNeverKeys","BaseMod","Better Vampires","Block Reminder","Colored Powertips","DeckTracker","Defuse TimeMaze Blight","Friendly Minions","Hallownest","Hermit","Highlight Path","MarisaÅiñ∂âJÅ@ñÇóùçπÅj","Minty Spire (QoL Compilation)","Permanent Neow","Shade Mod","StSLib","SuperFastMode","Synergy Search","The Mystic","Unceasing Turn Reminder","Wandering Minibosses","egg"],"gold_per_floor":[18,28,28,28,28,46,60,60,83,95,107,130,142,167,179,191,191],"floor_reached":16,"language":"ENG","playtime":767,"items_purged":[],"score":179,"play_id":"535a66e2-0d9f-4340-ad78-5c86a82fd973","local_time":"20210120053324","is_ascension_mode":true,"campfire_choices":[{"data":"Footwork","floor":11,"key":"SMITH"},{"data":"Cloak And Dagger","floor":13,"key":"SMITH"},{"data":"Burst","floor":15,"key":"SMITH"}],"circlet_count":0,"master_deck":["AscendersBane","Strike_G","Strike_G","Strike_G","Strike_G","Defend_G","Defend_G","Defend_G","Survivor","Neutralize+1","Accuracy","Footwork+1","Escape Plan","Cloak And Dagger+1","Burst+1"],"relics":["Ring of the Snake","MawBank"],"acts_visited":["Exordium"],"potions_floor_usage":[16,16],"damage_taken":[{"damage":4,"enemies":"Small Slimes","floor":1,"turns":4},{"damage":1,"enemies":"2 Louse","floor":2,"turns":5},{"damage":4,"enemies":"Cultist","floor":6,"turns":4},{"damage":8,"enemies":"Looter","floor":7,"turns":4},{"damage":15,"enemies":"Large Slime","floor":12,"turns":15},{"damage":10,"enemies":"Lots of Slimes","floor":14,"turns":7},{"damage":46,"enemies":"Slime Boss","floor":16,"turns":12}],"seed_played":"166628818619672496","potions_obtained":[{"floor":7,"key":"Fruit Juice"},{"floor":12,"key":"Swift Potion"}],"is_trial":false,"path_per_floor":["M","M","$","?","?","M","M","$","T","?","R","M","R","M","R","B"],"character_chosen":"THE_SILENT","items_purchased":[],"campfire_rested":0,"item_purchase_floors":[],"current_hp_per_floor":[55,54,54,54,54,50,42,42,42,64,64,49,49,39,39,0,0],"gold":191,"neow_bonus":"REMOVE_TWO","is_daily":false,"chose_seed":false,"campfire_upgraded":3,"win_rate":0.0,"timestamp":1611117204,"path_taken":["M","M","$","?","?","?","M","$","T","?","R","M","R","M","R","BOSS"],"items_purchased_type":[],"build_version":"2020-12-22","purchased_purges":0,"victory":false,"max_hp_per_floor":[66,66,66,66,66,66,66,66,66,66,66,66,66,66,66,71,71],"card_choices":[{"not_picked":["Sucker Punch","Underhanded Strike"],"picked":"Accuracy","floor":1},{"not_picked":["Outmaneuver","Bane","Eviscerate"],"picked":"SKIP","floor":2},{"not_picked":["Deflect","Endless Agony"],"picked":"Footwork","floor":6},{"not_picked":["Bane","Acrobatics"],"picked":"Escape Plan","floor":7},{"not_picked":["Expertise","Dagger Spray"],"picked":"Cloak And Dagger","floor":12},{"not_picked":["Backflip","Well Laid Plans"],"picked":"Burst","floor":14}],"player_experience":1158914,"relics_obtained":[{"floor":9,"key":"MawBank"}],"event_choices":[{"cards_removed":["Strike_G"],"damage_healed":0,"gold_gain":0,"player_choice":"Forget","damage_taken":0,"max_hp_gain":0,"max_hp_loss":0,"event_name":"Living Wall","floor":4,"gold_loss":0},{"damage_healed":0,"gold_gain":0,"player_choice":"Upgraded","damage_taken":0,"max_hp_gain":0,"max_hp_loss":0,"event_name":"Upgrade Shrine","floor":5,"gold_loss":0,"cards_upgraded":["Neutralize"]},{"damage_healed":22,"gold_gain":0,"player_choice":"Banana","damage_taken":0,"max_hp_gain":0,"max_hp_loss":0,"event_name":"Big Fish","floor":10,"gold_loss":0}],"is_beta":false,"boss_relics":[],"items_purged_floors":[],"is_endless":false,"potions_floor_spawned":[7,12],"killed_by":"Slime Boss","ascension_level":19}}