{"host":"j49z5jz0n7e8vjox","time":1611153779,"event":{"mods":["AchievementEnabler","BaseMod","Bestiary","Colored Map","Colored Powertips","DeckTracker","Minty Spire (QoL Compilation)","Permanent Neow","UnlockEverythingMod"],"gold_per_floor":[118,118,131,151,171,200,200,230,230,243,44,44,69,69,69,69,69],"floor_reached":16,"language":"ENG","playtime":3038,"items_purged":[],"score":240,"play_id":"2fa7a09b-1fc8-4d9a-8f77-22c578658499","local_time":"20210120084259","is_ascension_mode":true,"campfire_choices":[{"floor":7,"key":"REST"},{"floor":12,"key":"REST"},{"floor":15,"key":"REST"}],"circlet_count":0,"master_deck":["AscendersBane","Strike_G","Strike_G","Strike_G","Strike_G","Defend_G","Defend_G","Defend_G","Defend_G","Defend_G","Survivor","Neutralize","Dagger Spray","Predator","Bouncing Flask","PiercingWail","Bane","A Thousand Cuts","Cloak And Dagger","Dagger Throw","Footwork","Corpse Explosion"],"relics":["Ring of the Snake","Centennial Puzzle","The Courier","Ornamental Fan","Bag of Preparation","Paper Crane"],"acts_visited":["Exordium"],"potions_floor_usage":[6,8,13],"damage_taken":[{"damage":1,"enemies":"2 Louse","floor":1,"turns":3},{"damage":2,"enemies":"Cultist","floor":3,"turns":4},{"damage":4,"enemies":"Jaw Worm","floor":4,"turns":3},{"damage":8,"enemies":"Blue Slaver","floor":5,"turns":5},{"damage":24,"enemies":"Gremlin Nob","floor":6,"turns":4},{"damage":6,"enemies":"Lagavulin","floor":8,"turns":7},{"damage":1,"enemies":"2 Fungi Beasts","floor":10,"turns":3},{"damage":15,"enemies":"3 Sentries","floor":13,"turns":5},{"damage":74,"enemies":"Slime Boss","floor":16,"turns":13}],"seed_played":"-3137450747662518003","potions_obtained":[{"floor":2,"key":"Block Potion"},{"floor":2,"key":"LiquidBronze"},{"floor":6,"key":"SteroidPotion"},{"floor":8,"key":"Block Potion"},{"floor":10,"key":"FairyPotion"}],"is_trial":false,"path_per_floor":["M","?","M","M","M","E","R","E","T","M","$","R","E","?","R","B"],"character_chosen":"THE_SILENT","items_purchased":["Bag of Preparation","Footwork"],"campfire_rested":3,"item_purchase_floors":[11,11],"current_hp_per_floor":[58,58,56,52,44,20,39,33,33,32,32,51,36,29,48,0,0],"gold":69,"neow_bonus":"THREE_CARDS","is_daily":false,"chose_seed":false,"campfire_upgraded":0,"win_rate":0.0,"timestamp":1611153779,"path_taken":["M","?","M","M","M","E","R","E","T","?","$","R","E","?","R","BOSS"],"items_purchased_type":["Relic","Card"],"build_version":"2020-12-22","purchased_purges":0,"victory":false,"max_hp_per_floor":[66,66,66,66,66,66,66,66,66,66,66,66,66,66,66,66,66],"card_choices":[{"not_picked":["Backflip","Outmaneuver"],"picked":"Dagger Spray","floor":0},{"not_picked":["Deflect","Backflip"],"picked":"Predator","floor":1},{"not_picked":["All Out Attack","Catalyst"],"picked":"Bouncing Flask","floor":3},{"not_picked":["Quick Slash","Slice"],"picked":"PiercingWail","floor":4},{"not_picked":["Concentrate","Crippling Poison"],"picked":"Bane","floor":5},{"not_picked":["Expertise","Slice"],"picked":"A Thousand Cuts","floor":6},{"not_picked":["Deadly Poison","Dagger Throw"],"picked":"Cloak And Dagger","floor":8},{"not_picked":["Quick Slash","Deadly Poison"],"picked":"Dagger Throw","floor":10},{"not_picked":["Slice","Flying Knee"],"picked":"Corpse Explosion","floor":13}],"player_experience":762077,"relics_obtained":[{"floor":6,"key":"Centennial Puzzle"},{"floor":8,"key":"The Courier"},{"floor":9,"key":"Ornamental Fan"},{"floor":13,"key":"Paper Crane"}],"event_choices":[{"damage_healed":0,"gold_gain":0,"player_choice":"Got Potions","damage_taken":0,"max_hp_gain":0,"max_hp_loss":0,"event_name":"Lab","floor":2,"gold_loss":0},{"cards_removed":["Strike_G"],"damage_healed":0,"gold_gain":0,"player_choice":"Card Removal","damage_taken":7,"max_hp_gain":0,"max_hp_loss":0,"event_name":"Golden Wing","floor":14,"gold_loss":0}],"is_beta":false,"boss_relics":[],"items_purged_floors":[],"is_endless":false,"potions_floor_spawned":[4,6,8,10],"killed_by":"Slime Boss","ascension_level":20}}