{"host":"od5czx9kemjopzpf","time":1611153382,"event":{"mods":["Aspiration","BaseMod","Defuse TimeMaze Blight","Downfall","Minty Spire (QoL Compilation)","Spicy Shops","StSLib"],"gold_per_floor":[99,99,199,45,45,122,122,107,7,22,22,57,77,77,87,182,182,82,94,108,108,108,108,133,148,158,0,0,0,0,0],"floor_reached":29,"language":"ZHS","playtime":819,"items_purged":[],"score":219,"play_id":"3036c6c9-206e-416b-ac02-02de90856deb","local_time":"20210120223622","is_ascension_mode":false,"campfire_choices":[{"floor":1,"key":"RECALL"},{"data":"Slimebound:GoopTackle","floor":9,"key":"SMITH"},{"data":"Slimebound:FinishingTackle","floor":11,"key":"SMITH"},{"data":"Slimebound:PrepareCrush","floor":18,"key":"SMITH"},{"floor":23,"key":"REST"}],"circlet_count":0,"master_deck":["Slimebound:Strike_Slimebound+1","Slimebound:Tackle","Slimebound:Defend_Slimebound","Slimebound:Defend_Slimebound+1","Slimebound:Defend_Slimebound","Slimebound:Defend_Slimebound+1","Slimebound:Split","Slimebound:CorrosiveSpit","Slimebound:FinishingTackle","Slimebound:RollThrough","Slimebound:GoopTackle+1","Slimebound:LeechLife","Slimebound:FinishingTackle+1","Slimebound:RejuvenatingLick","Slimebound:ViciousTackle","downfall:Malfunctioning","Slimebound:Prepare","Slimebound:PrepareCrush+1","Metallicize","Slimebound:FlameTackle","Thunderclap","Headbutt","Slimebound:HauntingLick","Wild Strike+1","Slimebound:LivingWall"],"relics":["Slimebound:AbsorbEndCombat","downfall:HeartsMalice","Vajra","Gremlin Horn","downfall:HeartBlessingRed","Shuriken","aspiration:IroncladSkillbook","downfall:HeartBlessingBlue","Enchiridion","Regal Pillow","aspiration:Lifesprig"],"acts_visited":["Exordium","TheCity"],"potions_floor_usage":[13,13,16,16,16,26,26],"damage_taken":[{"damage":0,"enemies":"2 Louse","floor":2,"turns":1},{"damage":0,"enemies":"downfall:FleeingMerchant","floor":4,"turns":1},{"damage":0,"enemies":"Jaw Worm","floor":5,"turns":1},{"damage":0,"enemies":"downfall:FleeingMerchant","floor":8,"turns":4},{"damage":9,"enemies":"Small Slimes","floor":10,"turns":1},{"damage":6,"enemies":"Lagavulin","floor":12,"turns":4},{"damage":0,"enemies":"Blue Slaver","floor":13,"turns":1},{"damage":9,"enemies":"Lots of Slimes","floor":15,"turns":2},{"damage":58,"enemies":"WA_ARCHETYPE_RETAIN","floor":16,"turns":5},{"damage":29,"enemies":"Shell Parasite","floor":19,"turns":4},{"damage":3,"enemies":"Chosen","floor":20,"turns":3},{"damage":29,"enemies":"Snake Plant","floor":25,"turns":3},{"damage":31,"enemies":"Centurion and Healer","floor":26,"turns":3},{"damage":8,"enemies":"downfall:FleeingMerchant","floor":27,"turns":4},{"damage":9,"enemies":"Book of Stabbing","floor":29,"turns":1}],"seed_played":"8670099510972025478","potions_obtained":[{"floor":12,"key":"EntropicBrew"},{"floor":13,"key":"Fire Potion"},{"floor":16,"key":"Ancient Potion"},{"floor":20,"key":"Fire Potion"}],"is_trial":false,"path_per_floor":["R","M","?","$","M","T","T","$","R","M","R","E","M","?","M","B",null,"R","M","M","?","?","R","T","M","M","$","?","E"],"character_chosen":"SLIMEBOUND","items_purchased":["Vajra","aspiration:Lifesprig"],"campfire_rested":1,"item_purchase_floors":[4,27],"current_hp_per_floor":[65,65,65,65,65,65,65,65,65,56,56,56,56,56,49,5,65,75,54,61,45,37,59,59,36,9,9,9,0,0,0],"gold":0,"neow_bonus":"THREE_ENEMY_KILL","is_daily":false,"chose_seed":false,"campfire_upgraded":3,"win_rate":0.0,"timestamp":1611153382,"path_taken":["R","M","?","$","M","?","T","$","R","M","R","E","M","?","M","BOSS","R","M","M","?","?","R","T","?","M","$","?","E"],"items_purchased_type":["Relic","Relic"],"build_version":"2020-12-22","purchased_purges":0,"victory":false,"max_hp_per_floor":[65,65,65,65,65,65,65,65,65,65,65,65,65,65,65,65,65,75,75,75,75,75,75,75,75,75,75,75,75,75,75],"card_choices":[{"not_picked":["Slimebound:MegaLick","Slimebound:LeechingTouch"],"picked":"Slimebound:FinishingTackle","floor":2},{"not_picked":["Slimebound:Chomp","Slimebound:Repurpose"],"picked":"Slimebound:RollThrough","floor":4},{"not_picked":["Slimebound:SplitBruiser","Slimebound:SlimeSpikes"],"picked":"Slimebound:GoopTackle","floor":5},{"not_picked":["Slimebound:DuplicatedForm","Slimebound:RollThrough"],"picked":"Slimebound:LeechLife","floor":8},{"not_picked":["Slimebound:GrowthPunch","Slimebound:Grow"],"picked":"Slimebound:FinishingTackle","floor":10},{"not_picked":["Slimebound:FirmFortitude","Slimebound:Repurpose"],"picked":"Slimebound:RejuvenatingLick","floor":12},{"not_picked":["Slimebound:SlimeTap","Slimebound:ProtectTheBoss"],"picked":"Slimebound:ViciousTackle","floor":13},{"not_picked":["Slimebound:PressTheAttack","Slimebound:SplitLeeching"],"picked":"Slimebound:Prepare","floor":15},{"not_picked":["Slimebound:RallyTheTroops","Slimebound:Teamwork"],"picked":"Slimebound:PrepareCrush","floor":16},{"not_picked":["Slimebound:FormOfPuddle","Dark Embrace","Slimebound:SlimeTap"],"picked":"Metallicize","floor":19},{"not_picked":["Slimebound:Dissolve","Entrench+1","Armaments"],"picked":"Slimebound:FlameTackle","floor":20},{"not_picked":["Blood for Blood","Slimebound:SplitBruiser","Slimebound:GoopSpray"],"picked":"Slimebound:HauntingLick","floor":25},{"not_picked":["Slimebound:LivingWall","Slimebound:SplitLeeching","Slimebound:DisruptingSlam"],"picked":"Wild Strike+1","floor":26},{"not_picked":["True Grit","Carnage+1","Shockwave"],"picked":"Slimebound:LivingWall","floor":27}],"player_experience":73665,"relics_obtained":[{"floor":7,"key":"Gremlin Horn"},{"floor":12,"key":"Shuriken"},{"floor":21,"key":"Enchiridion"},{"floor":24,"key":"Regal Pillow"}],"event_choices":[],"is_beta":false,"boss_relics":[{"not_picked":["Fusion Hammer","aspiration:RitualDagger"],"picked":"aspiration:IroncladSkillbook"}],"items_purged_floors":[],"is_endless":false,"potions_floor_spawned":[12,13,15,16,20],"killed_by":"Book of Stabbing","ascension_level":0}}