{"host":"1tl36azeqm6yhdgj","time":1611142506,"event":{"mods":["AchievementEnabler","BaseMod","Minty Spire (QoL Compilation)","StSLib","The IronCluck","everything is the same but u backflip on backflip"],"gold_per_floor":[117,117,132,207,207,274,274,324,324,359,409,20,47,64,64,138,138,152,215,225,275,275,275],"floor_reached":22,"language":"ENG","playtime":504,"items_purged":["Regret"],"score":378,"play_id":"3a48f9c3-a0fa-4fbb-879b-523ea591551d","local_time":"20210120063506","is_ascension_mode":true,"campfire_choices":[{"data":"Bash","floor":7.0,"key":"SMITH"},{"data":"Spot Weakness","floor":15.0,"key":"SMITH"}],"circlet_count":0,"master_deck":["AscendersBane","Strike_R","Strike_R","Strike_R","Strike_R","Strike_R","Defend_R+1","Defend_R","Defend_R+1","Defend_R","Bash+1","Fire Breathing","Carnage","Flex","Feel No Pain","Spot Weakness+1","Dropkick","Dark Embrace","Immolate","Intimidate","Thunderclap","Flex"],"relics":["Burning Blood","NeowsBlessing","SsserpentHead","Smiling Mask","MealTicket","Pen Nib","Potion Belt","Membership Card","Centennial Puzzle","Eternal Feather","SacredBark"],"acts_visited":["Exordium","TheCity"],"potions_floor_usage":[20],"damage_taken":[{"damage":0.0,"enemies":"Small Slimes","floor":1.0,"turns":1.0},{"damage":0.0,"enemies":"2 Louse","floor":3.0,"turns":1.0},{"damage":0.0,"enemies":"Cultist","floor":6.0,"turns":1.0},{"damage":8.0,"enemies":"Gremlin Nob","floor":10.0,"turns":3.0},{"damage":24.0,"enemies":"Lagavulin","floor":13.0,"turns":5.0},{"damage":14.0,"enemies":"3 Louse","floor":14.0,"turns":4.0},{"damage":40.0,"enemies":"Hexaghost","floor":16.0,"turns":9.0},{"damage":25.0,"enemies":"2 Thieves","floor":18.0,"turns":3.0},{"damage":18,"enemies":"Chosen","floor":19,"turns":5},{"damage":15,"enemies":"Centurion and Healer","floor":20,"turns":3},{"damage":25,"enemies":"Snecko","floor":22,"turns":4}],"seed_played":"-283333858224784732","potions_obtained":[{"floor":1.0,"key":"SneckoOil"},{"floor":3.0,"key":"LiquidMemories"},{"floor":18.0,"key":"Fire Potion"}],"is_trial":false,"path_per_floor":["M","?","M","?","?","M","R","?","T","E","T","$","E","M","R","B",null,"M","M","M","?","M"],"character_chosen":"IRONCLAD","items_purchased":["Membership Card","Centennial Puzzle","Spot Weakness","Dropkick","Energy Potion"],"campfire_rested":0,"item_purchase_floors":[12,12,12,12,12],"current_hp_per_floor":[74,51,57,46,46,52,52,52,52,50,50,65,47,39,48,14,60,41,29,20,20,0,0],"gold":275,"neow_bonus":"THREE_ENEMY_KILL","is_daily":false,"chose_seed":false,"campfire_upgraded":2,"win_rate":0.0,"timestamp":1611142506,"path_taken":["M","?","M","?","?","?","R","?","T","E","?","$","E","M","R","BOSS","M","?","M","?","M"],"items_purchased_type":["Relic","Relic","Card","Card","Potion"],"build_version":"2020-12-22","purchased_purges":1,"victory":false,"max_hp_per_floor":[75,75,75,75,75,75,75,75,75,75,75,75,75,75,75,75,75,75,75,75,75,75,75],"card_choices":[{"not_picked":["Iron Wave","Warcry"],"picked":"Fire Breathing","floor":1.0},{"not_picked":["Armaments","Pommel Strike"],"picked":"Carnage","floor":3.0},{"not_picked":["Bloodletting","Wild Strike"],"picked":"Flex","floor":6.0},{"not_picked":["Iron Wave","Clash"],"picked":"Feel No Pain","floor":10.0},{"not_picked":["Pommel Strike","Heavy Blade","Bloodletting"],"picked":"SKIP","floor":13.0},{"not_picked":["Sever Soul","Heavy Blade"],"picked":"Dark Embrace","floor":14.0},{"not_picked":["Brutality","Berserk"],"picked":"Immolate","floor":16.0},{"not_picked":["Armaments","Shockwave"],"picked":"Intimidate","floor":18.0},{"not_picked":["Wild Strike","Dropkick"],"picked":"Thunderclap","floor":19},{"not_picked":["Clothesline","Second Wind","Twin Strike"],"picked":"SKIP","floor":20}],"player_experience":2007018,"relics_obtained":[{"floor":9.0,"key":"MealTicket"},{"floor":10.0,"key":"Pen Nib"},{"floor":11.0,"key":"Potion Belt"},{"floor":13.0,"key":"Eternal Feather"}],"event_choices":[{"damage_healed":0.0,"max_hp_gain":0.0,"max_hp_loss":0.0,"gold_gain":0.0,"event_name":"Shining Light","player_choice":"Entered Light","floor":2.0,"gold_loss":0.0,"damage_taken":23.0,"cards_upgraded":["Defend_R","Defend_R"]},{"damage_healed":0.0,"max_hp_gain":0.0,"max_hp_loss":0.0,"gold_gain":75.0,"event_name":"World of Goop","player_choice":"Gather Gold","floor":4.0,"gold_loss":0.0,"damage_taken":11.0},{"damage_healed":0.0,"max_hp_gain":0.0,"max_hp_loss":0.0,"gold_gain":0.0,"event_name":"FaceTrader","player_choice":"Trade","floor":5.0,"gold_loss":0.0,"damage_taken":0.0,"relics_obtained":["SsserpentHead"]},{"damage_healed":0.0,"max_hp_gain":0.0,"max_hp_loss":0.0,"gold_gain":0.0,"event_name":"Big Fish","player_choice":"Box","floor":8.0,"gold_loss":0.0,"damage_taken":0.0,"relics_obtained":["Smiling Mask"],"cards_obtained":["Regret"]},{"damage_healed":0,"gold_gain":0,"player_choice":"1 cards matched","damage_taken":0,"max_hp_gain":0,"max_hp_loss":0,"event_name":"Match and Keep!","floor":21,"gold_loss":0,"cards_obtained":["Flex"]}],"is_beta":false,"boss_relics":[{"not_picked":["Runic Dome","Busted Crown"],"picked":"SacredBark"}],"items_purged_floors":[12],"is_endless":false,"potions_floor_spawned":[1,3,6,18],"killed_by":"Snecko","ascension_level":19}}