{"host":"igi9xpgoc000gxf5","time":1611176620,"event":{"mods":["BaseMod","Colored Powertips","Downfall","Googly Eyes","Minty Spire (QoL Compilation)","StSLib"],"gold_per_floor":[99,118,118,138,156,44,44,61,61,73,22,22,54,54,68,68,68,68],"floor_reached":16,"language":"ENG","playtime":939,"items_purged":["Pain"],"score":102,"play_id":"58de0189-71e1-44b4-b04c-a1e14a48f4ab","local_time":"20210120220340","is_ascension_mode":false,"campfire_choices":[{"data":"Jack Of All Trades","floor":1,"key":"SMITH"},{"floor":9,"key":"REST"},{"floor":12,"key":"REST"}],"circlet_count":0,"master_deck":["bronze:Strike","bronze:Strike","bronze:Strike","bronze:Strike","bronze:Defend","bronze:Defend","bronze:Defend","bronze:Defend","bronze:Replicate","bronze:Goto+1","Jack Of All Trades+1","bronze:Frontload+1","bronze:WhirlingStrike","bronze:Invalidate","bronze:CutThrough","bronze:Deprecate","bronze:BugBarrage","bronze:WhirlingStrike","bronze:WhirlingStrike","bronze:Fortify","bronze:FineTuning","bronze:Constructor"],"relics":["bronze:BronzeCore","Blue Candle","Ancient Tea Set","downfall:BrokenWingStatue"],"acts_visited":["Exordium"],"potions_floor_usage":[8,13,16],"damage_taken":[{"damage":0,"enemies":"Cultist","floor":2,"turns":4},{"damage":21,"enemies":"Jaw Worm","floor":4,"turns":5},{"damage":8,"enemies":"2 Louse","floor":5,"turns":2},{"damage":6,"enemies":"downfall:FleeingMerchant","floor":6,"turns":4},{"damage":6,"enemies":"Exordium Thugs","floor":8,"turns":4},{"damage":0,"enemies":"Large Slime","floor":10,"turns":5},{"damage":5,"enemies":"downfall:FleeingMerchant","floor":11,"turns":4},{"damage":27,"enemies":"Lagavulin","floor":13,"turns":5},{"damage":11,"enemies":"2 Fungi Beasts","floor":15,"turns":3},{"damage":55,"enemies":"WA_ARCHETYPE_RETAIN","floor":16,"turns":13}],"seed_played":"-2200269846480981886","potions_obtained":[{"floor":4,"key":"SteroidPotion"},{"floor":8,"key":"Fruit Juice"},{"floor":15,"key":"ColorlessPotion"}],"is_trial":false,"path_per_floor":["R","M","?","M","M","$","T","M","R","M","$","R","E","?","M","B"],"character_chosen":"THE_AUTOMATON","items_purchased":["bronze:Deprecate","bronze:Fortify"],"campfire_rested":2,"item_purchase_floors":[6,11],"current_hp_per_floor":[70,70,70,49,41,35,35,34,56,56,51,73,46,46,35,0,0,0],"gold":68,"neow_bonus":"RANDOM_COLORLESS","is_daily":false,"chose_seed":false,"campfire_upgraded":1,"win_rate":0.0,"timestamp":1611176620,"path_taken":["R","M","?","M","?","?","T","M","R","M","$","R","E","?","M","BOSS"],"items_purchased_type":["Card","Card"],"build_version":"2020-12-22","purchased_purges":1,"victory":false,"max_hp_per_floor":[70,70,70,70,70,70,70,75,75,75,75,75,75,75,75,75,75,75],"card_choices":[{"not_picked":["Trip","Dramatic Entrance"],"picked":"Jack Of All Trades","floor":0},{"not_picked":["bronze:BitShift","bronze:Shield"],"picked":"bronze:Frontload","floor":2},{"not_picked":["bronze:CutThrough","bronze:OilSpill"],"picked":"bronze:WhirlingStrike","floor":4},{"not_picked":["bronze:Boost","bronze:ForceShield"],"picked":"bronze:Invalidate","floor":5},{"not_picked":["bronze:Turbo","bronze:Frontload"],"picked":"bronze:CutThrough","floor":6},{"not_picked":["bronze:WhirlingStrike","bronze:DelayedSlice"],"picked":"bronze:BugBarrage","floor":8},{"not_picked":["bronze:MaxOutput","bronze:Mutator"],"picked":"bronze:WhirlingStrike","floor":10},{"not_picked":["bronze:FollowUp","bronze:Deprecate"],"picked":"bronze:WhirlingStrike","floor":11},{"not_picked":["bronze:BuggyMess","bronze:DelayedGuard"],"picked":"bronze:FineTuning","floor":13},{"not_picked":["bronze:Allocate","bronze:BuggyMess"],"picked":"bronze:Constructor","floor":15}],"player_experience":950826,"relics_obtained":[{"floor":7,"key":"Blue Candle"},{"floor":13,"key":"Ancient Tea Set"}],"event_choices":[],"is_beta":false,"boss_relics":[],"items_purged_floors":[6],"is_endless":false,"potions_floor_spawned":[4,8,15],"killed_by":"WA_ARCHETYPE_RETAIN","ascension_level":0}}