{"host":"q1ejl7hv5l3527la","time":1611125732,"event":{"mods":["Aspiration","Bard","BaseMod","Better Third Choice","Colored Powertips","Downfall","Energized Spire","Highlight Path","Infinite Spire","Minty Spire (QoL Compilation)","Shop Mod","StSLib","The Cursed","The Jungle","The Runesmith"],"gold_per_floor":[218,121,137,2,2,21,21,31,31,41,74,74,86,106,106,230,230,240,251,251,251,251],"floor_reached":21,"language":"ENG","playtime":1628,"items_purged":[],"score":183,"play_id":"e34c7f00-d85f-40da-a4e6-c0981e4c2a4a","local_time":"20210120005532","is_ascension_mode":false,"campfire_choices":[{"data":"Eruption","floor":7,"key":"SMITH"},{"data":"ClearTheMind","floor":12,"key":"SMITH"},{"floor":15,"key":"REST"}],"circlet_count":0,"master_deck":["Strike_P","Strike_P","Strike_P","Strike_P","Defend_P","Defend_P","Defend_P","Defend_P","Eruption+1","Vigilance","InnerPeace","Trip","Adaptation","Consecrate","Bandage Up","Indignation","ClearTheMind+1","BattleHymn","Halt","Evaluate","LikeWater","DevaForm","ThirdEye","Study"],"relics":["PureWater","Gambling Chip","MealTicket","Eternal Feather","energizedSpire:CrystalSphere"],"acts_visited":["Exordium","TheCity"],"potions_floor_usage":[14,16,16],"damage_taken":[{"damage":1,"enemies":"Cultist","floor":1,"turns":4},{"damage":2,"enemies":"Small Slimes","floor":3,"turns":4},{"damage":0,"enemies":"Jaw Worm","floor":6,"turns":3},{"damage":0,"enemies":"2 Fungi Beasts","floor":8,"turns":1},{"damage":0,"enemies":"Exordium Wildlife","floor":10,"turns":1},{"damage":12,"enemies":"Gremlin Nob","floor":11,"turns":3},{"damage":8,"enemies":"Red Slaver","floor":13,"turns":4},{"damage":20,"enemies":"Looter","floor":14,"turns":2},{"damage":26,"enemies":"Hexaghost","floor":16,"turns":7},{"damage":4,"enemies":"Chosen","floor":18,"turns":4},{"damage":22,"enemies":"Shell Parasite","floor":19,"turns":4},{"damage":64,"enemies":"Chosen and Byrds","floor":21,"turns":6}],"seed_played":"-422510840092456880","potions_obtained":[{"floor":1,"key":"Swift Potion"},{"floor":6,"key":"Regen Potion"},{"floor":10,"key":"sneckomod:MuddlingPotion"},{"floor":14,"key":"ColorlessPotion"},{"floor":18,"key":"SteroidPotion"}],"is_trial":false,"path_per_floor":["M","$","M","$","?","M","R","M","T","M","E","R","M","M","R","B",null,"M","M","?","M"],"character_chosen":"WATCHER","items_purchased":["Trip","Consecrate","Bandage Up"],"campfire_rested":1,"item_purchase_floors":[2,4,4],"current_hp_per_floor":[71,71,69,69,69,72,72,72,72,72,60,69,64,52,72,50,72,68,50,50,0,0],"gold":251,"neow_bonus":"HUNDRED_GOLD","is_daily":false,"chose_seed":false,"campfire_upgraded":2,"win_rate":0.0,"timestamp":1611125732,"path_taken":["M","$","M","$","?","M","R","M","T","?","E","R","?","M","R","BOSS","M","?","?","M"],"items_purchased_type":["Card","Card","Card"],"build_version":"2020-12-22","purchased_purges":0,"victory":false,"max_hp_per_floor":[72,72,72,72,72,72,72,72,72,72,72,72,72,72,72,72,72,72,72,72,72,72],"card_choices":[{"not_picked":["WreathOfFlame","BowlingBash"],"picked":"InnerPeace","floor":1},{"not_picked":["BowlingBash","CutThroughFate"],"picked":"Adaptation","floor":3},{"not_picked":["WaveOfTheHand","ThirdEye"],"picked":"Indignation","floor":6},{"not_picked":["Fasting2","InnerPeace"],"picked":"ClearTheMind","floor":8},{"not_picked":["InnerPeace","Consecrate"],"picked":"BattleHymn","floor":10},{"not_picked":["Ragnarok","PathToVictory"],"picked":"Halt","floor":11},{"not_picked":["Consecrate","EmptyBody"],"picked":"Evaluate","floor":13},{"not_picked":["Evaluate","Protect"],"picked":"LikeWater","floor":14},{"not_picked":["Establishment","Vault"],"picked":"DevaForm","floor":16},{"not_picked":["Pray","Meditate+1"],"picked":"ThirdEye","floor":18},{"not_picked":["FlyingSleeves","PathToVictory"],"picked":"Study","floor":19}],"player_experience":97682,"relics_obtained":[{"floor":9,"key":"MealTicket"},{"floor":11,"key":"Eternal Feather"}],"event_choices":[{"damage_healed":0,"gold_gain":0,"player_choice":"Gave Potion","damage_taken":0,"relics_obtained":["Gambling Chip"],"max_hp_gain":0,"max_hp_loss":0,"event_name":"WeMeetAgain","floor":5,"gold_loss":0},{"damage_healed":0,"gold_gain":0,"player_choice":"Ignored","damage_taken":0,"max_hp_gain":0,"max_hp_loss":0,"event_name":"NoteForYourself","floor":20,"gold_loss":0}],"is_beta":false,"boss_relics":[{"not_picked":["aspiration:PoetsPen_weak","Runic Pyramid"],"picked":"energizedSpire:CrystalSphere"}],"items_purged_floors":[],"is_endless":false,"potions_floor_spawned":[1,6,10,14,18],"killed_by":"Chosen and Byrds","ascension_level":0}}