{"host":"cxvb37eaaiijvrl4","time":1611112919,"event":{"mods":["ATMod(阿瑾Mod)","BaseMod","Better Third Choice","Minty Spire (QoL Compilation)","MostiFishMod","Quick Restart","Rare Cards Sparkle","Shop Mod","Spicy Shops","StSLib","TestMod","Uncapped","残留之物"],"gold_per_floor":[109,109,184,199,124,124,137,166,191,214,244,258,258,292,292,366,366,378,278,294,344,357,388,113,113,113,146,146,162,162,182,182,260,260,272,272,97,107,107,132,132,157,184,184,202,202,237,637,637,637,637,637,637,51,78,78],"floor_reached":57,"language":"ZHS","playtime":2009,"items_purged":["Strike_G","Strike_G","Strike_G","Strike_G","Strike_G","AT_ChampionStep","Dagger Spray+1"],"score":3463,"play_id":"2fe2e83d-cd50-4d86-832c-f3e21e96c6eb","local_time":"20210119192159","is_ascension_mode":true,"campfire_choices":[{"data":"Neutralize","floor":6.0,"key":"SMITH"},{"data":"Blade Dance","floor":15.0,"key":"SMITH"},{"data":"MostiFishMod:Listen","floor":25,"key":"SMITH"},{"data":"Acrobatics","floor":32,"key":"SMITH"},{"data":"After Image","floor":41,"key":"SMITH"},{"data":"Reflex","floor":44,"key":"SMITH"},{"data":"Accuracy","floor":46,"key":"SMITH"},{"floor":49,"key":"RECALL"},{"data":"Accuracy","floor":53,"key":"SMITH"}],"circlet_count":0,"master_deck":["AscendersBane","Defend_G","Defend_G","Defend_G+1","Defend_G","Defend_G","Neutralize+1","Accuracy+1","Accuracy+1","Blade Dance+1","MostiFishMod:Listen+1","Acrobatics+1","AT_FocusSwordFire+1","Calculated Gamble+1","After Image+1","Madness","Reflex+1","Backflip","AT_WindRun+1"],"relics":["DaveBox","AT_ATBox","MetatronsCube","testmod-SaigiyounoYou","testmod-EnergyCheck","SynthV:TestCard","AT_RedTearstoneRing","testmod-Antiphasic","Odd Mushroom","Toy Ornithopter","Sundial","Anchor","ShadowXiaoBlade","DianPoetry","AT_EbonyIvory","AT_ChloranthyRing","ChiXiaoBlade","Incense Burner","Whetstone","Mercury Hourglass","War Paint","AT_Manta"],"acts_visited":["Exordium","TheCity","TheBeyond","TheEnding"],"potions_floor_usage":[56],"damage_taken":[{"damage":0.0,"enemies":"Jaw Worm","floor":1.0,"turns":5.0},{"damage":4.0,"enemies":"2 Louse","floor":4.0,"turns":3.0},{"damage":4.0,"enemies":"Small Slimes","floor":7.0,"turns":5.0},{"damage":27.0,"enemies":"3 Sentries","floor":8.0,"turns":7.0},{"damage":15.0,"enemies":"The Mushroom Lair","floor":10.0,"turns":6.0},{"damage":88.0,"enemies":"Lagavulin","floor":11.0,"turns":14.0},{"damage":1.0,"enemies":"Looter","floor":12.0,"turns":3.0},{"damage":5.0,"enemies":"3 Sentries","floor":14.0,"turns":3.0},{"damage":19.0,"enemies":"The Guardian","floor":16.0,"turns":8.0},{"damage":0.0,"enemies":"Chosen","floor":18.0,"turns":2.0},{"damage":0,"enemies":"2 Thieves","floor":20,"turns":2},{"damage":0,"enemies":"Centurion and Healer","floor":22,"turns":2},{"damage":39,"enemies":"Slavers","floor":23,"turns":4},{"damage":0,"enemies":"Book of Stabbing","floor":27,"turns":2},{"damage":0,"enemies":"3 Cultists","floor":29,"turns":2},{"damage":3,"enemies":"Snake Plant","floor":31,"turns":2},{"damage":0,"enemies":"Champ","floor":33,"turns":2},{"damage":0,"enemies":"Orb Walker","floor":35,"turns":1},{"damage":0,"enemies":"3 Darklings","floor":38,"turns":1},{"damage":0,"enemies":"Giant Head","floor":40,"turns":1},{"damage":0,"enemies":"Reptomancer","floor":42,"turns":1},{"damage":0,"enemies":"Spire Growth","floor":45,"turns":2},{"damage":0,"enemies":"Giant Head","floor":47,"turns":1},{"damage":0,"enemies":"Donu and Deca","floor":50,"turns":1},{"damage":0,"enemies":"Time Eater","floor":51,"turns":4},{"damage":30,"enemies":"Shield and Spear","floor":55,"turns":3},{"damage":12,"enemies":"The Heart","floor":56,"turns":2}],"seed_played":"-3340578826020007556","potions_obtained":[{"floor":4.0,"key":"Swift Potion"},{"floor":7.0,"key":"SkillPotion"},{"floor":8.0,"key":"testmod-TestPotion"},{"floor":11.0,"key":"testmod-EscapePotion"},{"floor":16.0,"key":"BlessingOfTheForge"},{"floor":23,"key":"DistilledChaos"},{"floor":33,"key":"PlaceholderMod:PlaceholderPotion"}],"is_trial":false,"path_per_floor":["M","?","?","M","$","R","M","E","T","?","E","M","T","E","R","B",null,"M","$","M","?","M","E","$","R","T","E","$","M","?","M","R","B",null,"M","?","$","M","?","E","R","E","T","R","M","R","E","?","R","B","B",null,"R","$","E","B",null],"character_chosen":"THE_SILENT","items_purchased":["War Paint"],"campfire_rested":0,"item_purchase_floors":[54],"current_hp_per_floor":[66,59,48,49,49,49,55,55,55,58,7,12,12,21,21,25,63,71,71,76,69,76,45,45,45,45,56,56,66,66,75,75,76,76,76,76,76,76,76,76,76,76,76,76,76,76,76,76,76,76,76,76,76,76,56,74],"gold":78,"neow_bonus":"BOSS_RELIC","is_daily":false,"chose_seed":false,"campfire_upgraded":8,"win_rate":0.0,"timestamp":1611112919,"path_taken":["M","?","?","M","$","R","M","E","T","?","E","M","?","E","R","BOSS","M","$","M","?","M","E","$","R","T","E","?","M","?","M","R","BOSS","M","?","$","M","?","E","R","E","T","R","M","R","E","?","R","BOSS","BOSS","R","$","E","BOSS"],"items_purchased_type":["Relic"],"build_version":"2020-12-22","purchased_purges":7,"victory":true,"max_hp_per_floor":[66,66,66,66,66,66,66,66,66,66,76,76,76,76,76,76,76,76,76,76,76,76,76,76,76,76,76,76,76,76,76,76,76,76,76,76,76,76,76,76,76,76,76,76,76,76,76,76,76,76,76,76,76,76,76,76],"card_choices":[{"not_picked":["Acrobatics","AT_FocusSwordFire"],"picked":"Accuracy","floor":1.0},{"not_picked":["Masterful Stab","Underhanded Strike","Heel Hook","Dagger Throw"],"picked":"Accuracy","floor":4.0},{"not_picked":["AT_WindFlip","Dagger Throw","Concentrate","Endless Agony"],"picked":"Dagger Spray","floor":7.0},{"not_picked":["Underhanded Strike","Calculated Gamble","Dagger Throw","AT_TwilightShroud","Deflect"],"picked":"SKIP","floor":8.0},{"not_picked":["AT_WindFlip","Glass Knife","AT_WomanClash","Well Laid Plans","Flying Knee"],"picked":"SKIP","floor":11.0},{"not_picked":["Quick Slash","Prepared","Escape Plan","Sucker Punch"],"picked":"Blade Dance","floor":12.0},{"not_picked":["Wraith Form v2","AT_WindFlip","AT_WindRun","Bane","MostiFishMod:FrostNova"],"picked":"SKIP","floor":14.0},{"not_picked":["Glass Knife","MostiFishMod:AdrenalineArouse","Envenom","Storm of Steel"],"picked":"MostiFishMod:Listen","floor":16.0},{"not_picked":["Noxious Fumes","AT_WindFlip","MostiFishMod:PerfectParry+1","Deadly Poison","Masterful Stab"],"picked":"SKIP","floor":18.0},{"not_picked":["Dagger Spray","Reflex","AT_WindFlip","Leg Sweep+1"],"picked":"Acrobatics","floor":20},{"not_picked":["Dagger Throw","PiercingWail","Sucker Punch+1","Crippling Poison","Bouncing Flask"],"picked":"SKIP","floor":22},{"not_picked":["Infinite Blades","Dagger Spray","Riddle With Holes","Prepared"],"picked":"AT_FocusSwordFire+1","floor":23},{"not_picked":["AT_WindFlip+1","Underhanded Strike","Escape Plan","Bullet Time","Dagger Throw"],"picked":"SKIP","floor":27},{"not_picked":["Dagger Spray","Prepared+1","Poisoned Stab","AT_TwilightShroud","Dodge and Roll"],"picked":"SKIP","floor":29},{"not_picked":["AT_WindFlip+1","Setup","Sucker Punch","Reflex"],"picked":"Calculated Gamble+1","floor":31},{"not_picked":["MostiFishMod:SpreadingSpore","MostiFishMod:Confrontation","Phantasmal Killer","Bullet Time"],"picked":"After Image","floor":33},{"not_picked":["AT_Desolate","Caltrops+1","Underhanded Strike","Eviscerate","Well Laid Plans+1"],"picked":"SKIP","floor":35},{"not_picked":["Forethought","Finesse","Good Instincts","testmod-SubstituteBySubterfuge"],"picked":"Madness","floor":36},{"not_picked":["Blur","Dagger Spray","MostiFishMod:PoisonShield","Prepared","Dodge and Roll"],"picked":"SKIP","floor":38},{"not_picked":["Blade Dance","Dagger Spray","MostiFishMod:Neurotoxin","Bane","Setup"],"picked":"SKIP","floor":40},{"not_picked":["Dodge and Roll","Poisoned Stab","Quick Slash+1","Masterful Stab"],"picked":"Reflex","floor":42},{"not_picked":["Concentrate","MostiFishMod:InvigoratingSolution+1","Escape Plan","Prepared"],"picked":"Backflip","floor":45},{"not_picked":["Concentrate","Masterful Stab","Outmaneuver","Malaise"],"picked":"AT_WindRun","floor":47},{"not_picked":["AT_Desolate","Catalyst","Flying Knee+1","Backflip","Deflect"],"picked":"SKIP","floor":55}],"player_experience":698275,"relics_obtained":[{"floor":1.0,"key":"SynthV:TestCard"},{"floor":8.0,"key":"AT_RedTearstoneRing"},{"floor":9.0,"key":"testmod-Antiphasic"},{"floor":10.0,"key":"Odd Mushroom"},{"floor":11.0,"key":"Toy Ornithopter"},{"floor":13.0,"key":"Sundial"},{"floor":14.0,"key":"Anchor"},{"floor":23,"key":"DianPoetry"},{"floor":26,"key":"AT_EbonyIvory"},{"floor":27,"key":"AT_ChloranthyRing"},{"floor":40,"key":"Incense Burner"},{"floor":42,"key":"Whetstone"},{"floor":47,"key":"Mercury Hourglass"},{"floor":55,"key":"AT_Manta"}],"event_choices":[{"cards_removed":["Survivor"],"damage_healed":0.0,"max_hp_gain":0.0,"max_hp_loss":0.0,"gold_gain":0.0,"event_name":"Golden Wing","player_choice":"Card Removal","floor":2.0,"gold_loss":0.0,"damage_taken":7.0},{"damage_healed":0.0,"max_hp_gain":0.0,"max_hp_loss":0.0,"gold_gain":75.0,"event_name":"betterThird:BetterGoop","player_choice":"Gold","floor":3.0,"gold_loss":0.0,"damage_taken":11.0},{"damage_healed":0.0,"max_hp_gain":0.0,"max_hp_loss":0.0,"gold_gain":0.0,"event_name":"Mushrooms","player_choice":"Fought Mushrooms","floor":10.0,"gold_loss":0.0,"damage_taken":0.0},{"damage_healed":0,"gold_gain":50,"player_choice":"Touch","damage_taken":7,"max_hp_gain":0,"max_hp_loss":0,"event_name":"FaceTrader","floor":21,"gold_loss":0},{"damage_healed":0,"gold_gain":0,"player_choice":"Ignored","damage_taken":0,"max_hp_gain":0,"max_hp_loss":0,"event_name":"The Mausoleum","floor":30,"gold_loss":0},{"damage_healed":0,"gold_gain":0,"player_choice":"Memory 1","damage_taken":0,"max_hp_gain":0,"max_hp_loss":0,"event_name":"SensoryStone","floor":36,"gold_loss":0},{"damage_healed":0,"gold_gain":0,"player_choice":"Ignored","damage_taken":0,"max_hp_gain":0,"max_hp_loss":0,"event_name":"Tomb of Lord Red Mask","floor":39,"gold_loss":0},{"damage_healed":0,"gold_gain":400,"player_choice":"Sell","damage_taken":0,"max_hp_gain":0,"max_hp_loss":0,"event_name":"恩洛斯的盘子","floor":48,"relics_lost":["testmod-TestBox"],"gold_loss":0}],"is_beta":false,"boss_relics":[{"not_picked":["testmod-KeyOfTheVoid","GreenFoldingFan"],"picked":"ShadowXiaoBlade"},{"not_picked":["AT_MortalBlade","RhineSuit"],"picked":"ChiXiaoBlade"}],"items_purged_floors":[5,19,24,24,37,54,54],"is_endless":false,"potions_floor_spawned":[4,7,8,10,11,16,18,23,27,33,35,38,40],"ascension_level":20}}