{"host":"vyjryxuuuxkt43k4","time":1611158389,"event":{"mods":["AchievementEnabler","BaseMod","Colored Map","DeckTracker","Keyboard Shortcuts","Minty Spire (QoL Compilation)","Permanent Neow","Quick Restart","StSLib","SuperFastMode","everything is the same but u backflip on backflip"],"gold_per_floor":[109,109,134,209,209,209,225,225,225,249,328,328,328],"floor_reached":12,"language":"KOR","playtime":402,"items_purged":[],"score":99,"play_id":"6d687956-ff4d-46cb-bf0a-eb194b133668","local_time":"20210121005949","is_ascension_mode":true,"campfire_choices":[{"floor":6,"key":"REST"},{"data":"Dagger Throw","floor":8,"key":"SMITH"}],"circlet_count":0,"master_deck":["Strike_G","Strike_G","Strike_G","Strike_G","Defend_G","Defend_G","Defend_G","Survivor","Neutralize","Prepared","Cloak And Dagger","Dagger Throw+1","Backflip","Backstab"],"relics":["Ring of the Snake","Golden Idol","Regal Pillow","Ancient Tea Set"],"acts_visited":["Exordium"],"potions_floor_usage":[11,12,12],"damage_taken":[{"damage":20,"enemies":"Jaw Worm","floor":1,"turns":8},{"damage":15,"enemies":"Small Slimes","floor":3,"turns":5},{"damage":0,"enemies":"2 Louse","floor":7,"turns":4},{"damage":0,"enemies":"2 Fungi Beasts","floor":10,"turns":4},{"damage":22,"enemies":"3 Sentries","floor":11,"turns":13},{"damage":19,"enemies":"Lagavulin","floor":12,"turns":4}],"seed_played":"3247913584660822465","potions_obtained":[{"floor":1,"key":"PowerPotion"},{"floor":3,"key":"LiquidMemories"},{"floor":11,"key":"LiquidMemories"}],"is_trial":false,"path_per_floor":["M","?","M","?","?","R","M","R","T","M","?","E"],"character_chosen":"THE_SILENT","items_purchased":[],"campfire_rested":1,"item_purchase_floors":[],"current_hp_per_floor":[43,43,28,17,10,27,27,27,27,27,5,0,0],"gold":328,"neow_bonus":"REMOVE_TWO","is_daily":false,"chose_seed":false,"campfire_upgraded":1,"win_rate":0.0,"timestamp":1611158389,"path_taken":["M","?","M","?","?","R","M","R","T","M","?","E"],"items_purchased_type":[],"build_version":"2020-12-22","purchased_purges":0,"victory":false,"max_hp_per_floor":[63,58,58,58,58,58,58,58,58,58,58,58,58],"card_choices":[{"not_picked":["Eviscerate","Underhanded Strike"],"picked":"Prepared","floor":1},{"not_picked":["Distraction","Deflect"],"picked":"Cloak And Dagger","floor":3},{"not_picked":["Infinite Blades","Outmaneuver"],"picked":"Dagger Throw","floor":7},{"not_picked":["Cloak And Dagger","Expertise"],"picked":"Backflip","floor":10},{"not_picked":["Poisoned Stab","All Out Attack"],"picked":"Backstab","floor":11}],"player_experience":171717,"relics_obtained":[{"floor":9,"key":"Regal Pillow"},{"floor":11,"key":"Ancient Tea Set"}],"event_choices":[{"damage_healed":0,"gold_gain":0,"player_choice":"Lose Max HP","damage_taken":0,"relics_obtained":["Golden Idol"],"max_hp_gain":0,"max_hp_loss":5,"event_name":"Golden Idol","floor":2,"gold_loss":0},{"damage_healed":0,"gold_gain":75,"player_choice":"Gather Gold","damage_taken":11,"max_hp_gain":0,"max_hp_loss":0,"event_name":"World of Goop","floor":4,"gold_loss":0},{"cards_removed":["Defend_G"],"damage_healed":0,"gold_gain":0,"player_choice":"Card Removal","damage_taken":7,"max_hp_gain":0,"max_hp_loss":0,"event_name":"Golden Wing","floor":5,"gold_loss":0},{"damage_healed":0,"gold_gain":0,"player_choice":"Searched \u00271\u0027 times","damage_taken":0,"max_hp_gain":0,"max_hp_loss":0,"event_name":"Dead Adventurer","floor":11,"gold_loss":0}],"is_beta":false,"boss_relics":[],"items_purged_floors":[],"is_endless":false,"potions_floor_spawned":[1,3,11],"killed_by":"Lagavulin","ascension_level":9}}