{"host":"bxdue9bkfm2khp2x","time":1611146902,"event":{"mods":["ATMod(阿瑾Mod)","Arknights The Spire","Aspiration","BaseMod","Better Vampires","Challenge The Spire","Colored Map","Colored Powertips","Conspire","Decade(王小明)","Dota2Spire","Highlight Path","Minty Spire (QoL Compilation)","MostiFishMod","Remilia（蕾米莉亚）","Replay The Spire","RumiaBox-露米娅的神秘盒子","Ryuuou龙王","Spicy Shops","StSLib","Td1madao Mod","The Alterego","The Bug Knight","The Cursed","The Servant 0.9.4","WarShipGirlsR/战舰少女R mod","noobMod","vexMod","【功能Mod】混沌之环修复补丁","【遗物卡牌】REMEMod","篝火指南"],"gold_per_floor":[114,133,164,184,184,184,225,225,250,270,27,27,27,57,57,134,134,150,161,161,179,179,179,179,179,228,3,35,54,73,73,73,144,144,163,179,1,1,18,18,51,51,51,63,63,63,98,123,123,123,123,123,123],"floor_reached":54,"language":"ZHS","playtime":4024,"items_purged":["alterego_mod:Strike","alterego_mod:Defend","alterego_mod:Strike","alterego_mod:Defend"],"score":1601,"play_id":"d4383472-db14-4204-bee6-383ee79e4457","local_time":"20210120204822","is_ascension_mode":true,"campfire_choices":[{"data":"AT_Dispersion","floor":6.0,"key":"SMITH"},{"data":"alterego_mod:BigMeatyClaws","floor":8.0,"key":"SMITH"},{"data":"alterego_mod:BrynhildrsRune","floor":12.0,"key":"SMITH"},{"data":"alterego_mod:Pet","floor":15.0,"key":"SMITH"},{"data":"alterego_mod:DiscoLights","floor":23,"key":"SMITH"},{"data":"alterego_mod:BreastValley","floor":25,"key":"SMITH"},{"data":"alterego_mod:DiscoLights","floor":32,"key":"SMITH"},{"data":"alterego_mod:DiscoLights","floor":40,"key":"SMITH"},{"data":"alterego_mod:MagicResistance","floor":42,"key":"SMITH"},{"data":"REME_FearOfPain","floor":46,"key":"SMITH"},{"floor":51,"key":"REST"}],"circlet_count":0,"master_deck":["AscendersBane","alterego_mod:Strike","alterego_mod:Strike","alterego_mod:Defend","alterego_mod:Defend","alterego_mod:BigMeatyClaws+1","alterego_mod:BrynhildrsRune+1","REME_FearOfPain+1","AT_Dispersion+1","alterego_mod:Birthday","alterego_mod:Undulate","alterego_mod:MagicResistance+1","alterego_mod:DeftHands","alterego_mod:Pet+1","alterego_mod:ClassAdvantage+1","alterego_mod:BreastValley+1","alterego_mod:DiscoLights+1","alterego_mod:Palingenesis+1","alterego_mod:DiscoLights+1","alterego_mod:DiscoLights+1","alterego_mod:DiscoLights+1","alterego_mod:DiscoLights+1"],"relics":["alterego_mod:MasochisticConstitution","DaveBox","REME_ComplimentaryCards","ice","AT_ATBox","DianDianMeat","NeowsBlessing","SynthV:TestCard","HollowMod:StagPassRelic","Tiny Chest","BrkXgEgg","Dota2Spire:Butterfly","Sozu","Replay:Accelerometer","Blood Vial","GodSword1","AT_SunfireAegis","Dota2Spire:HeartOfTarrasque","AT_BellDemon"],"acts_visited":["Exordium","TheCity","TheBeyond"],"potions_floor_usage":[],"damage_taken":[{"damage":0.0,"enemies":"Jaw Worm","floor":1.0,"turns":1.0},{"damage":0.0,"enemies":"Small Slimes","floor":2.0,"turns":1.0},{"damage":0.0,"enemies":"2 Louse","floor":4.0,"turns":1.0},{"damage":3.0,"enemies":"2 Fungi Beasts","floor":7.0,"turns":7.0},{"damage":9.0,"enemies":"Looter","floor":10.0,"turns":4.0},{"damage":17.0,"enemies":"Gremlin Nob","floor":14.0,"turns":4.0},{"damage":0.0,"enemies":"Slime Boss","floor":16.0,"turns":9.0},{"damage":6,"enemies":"Spheric Guardian","floor":18,"turns":6},{"damage":8,"enemies":"Shell Parasite","floor":19,"turns":6},{"damage":0,"enemies":"Shelled Parasite and Fungi","floor":21,"turns":6},{"damage":0,"enemies":"HollowMod:Nosk","floor":28,"turns":12},{"damage":6,"enemies":"Snecko","floor":29,"turns":6},{"damage":4,"enemies":"Snake Plant","floor":30,"turns":8},{"damage":13,"enemies":"Pondfish","floor":33,"turns":11},{"damage":17,"enemies":"3 Darklings","floor":35,"turns":6},{"damage":8,"enemies":"3 Shapes","floor":36,"turns":7},{"damage":17,"enemies":"Maw","floor":39,"turns":8},{"damage":71,"enemies":"Reptomancer","floor":41,"turns":11},{"damage":21,"enemies":"3 Darklings","floor":44,"turns":4},{"damage":28,"enemies":"Nemesis","floor":47,"turns":7},{"damage":31,"enemies":"Time Eater","floor":52,"turns":14},{"damage":26,"enemies":"Replay:Hell Engine","floor":53,"turns":17}],"seed_played":"6641003511377506370","potions_obtained":[{"floor":2.0,"key":"AttackPotion"},{"floor":4.0,"key":"REME_GoldPotion"},{"floor":10.0,"key":"Reflective Coating"}],"is_trial":false,"path_per_floor":["M","M","?","M","?","R","M","R","T","M","$","R","?","E","R","B",null,"M","M","?","M","?","R","T","R","T","$","E","M","M","?","R","B",null,"M","M","$","?","M","R","E","R","T","M","?","R","E","T","PTL","PTL","R","B","B",null],"character_chosen":"The_Alterego","items_purchased":["BrkXgEgg","alterego_mod:DiscoLights"],"campfire_rested":1,"item_purchase_floors":[11,37],"current_hp_per_floor":[62,65,46,48,48,48,67,67,67,67,67,67,67,60,60,84,99,105,107,107,125,118,118,118,118,118,118,136,149,148,148,148,138,148,152,153,166,158,165,165,113,113,113,133,133,133,118,118,118,118,177,175,201],"gold":123,"neow_bonus":"THREE_ENEMY_KILL","is_daily":false,"chose_seed":false,"campfire_upgraded":10,"win_rate":0.0,"timestamp":1611146902,"path_taken":["M","M","?","M","?","R","M","R","T","M","$","R","?","E","R","BOSS","M","M","?","M","?","R","?","R","T","$","E","M","M","?","R","BOSS","M","M","$","?","M","R","E","R","T","M","?","R","E","?","PTL","PTL","R","BOSS","BOSS"],"items_purchased_type":["Relic","Card"],"build_version":"2020-12-22","purchased_purges":4,"victory":true,"max_hp_per_floor":[68,71,75,75,75,75,81,81,81,88,88,88,88,96,96,104,104,114,115,115,125,125,125,125,125,125,125,136,149,150,150,150,151,151,152,153,166,158,173,173,174,174,174,190,190,190,199,199,199,199,199,200,201],"card_choices":[{"not_picked":["alterego_mod:Crossover","alterego_mod:Lingerie","alterego_mod:Skirt"],"picked":"SKIP","floor":1.0},{"not_picked":["alterego_mod:Bunnysuit","alterego_mod:Complex","alterego_mod:Cooking","alterego_mod:BiFurious"],"picked":"alterego_mod:Birthday","floor":2.0},{"not_picked":["alterego_mod:Complex","alterego_mod:SakuraLabyrinth","alterego_mod:Table","alterego_mod:1TonWallop"],"picked":"alterego_mod:Undulate","floor":3.0},{"not_picked":["alterego_mod:Cycle","alterego_mod:BeGentle","alterego_mod:Punishment","alterego_mod:DeftHands","alterego_mod:Mirror"],"picked":"SKIP","floor":4.0},{"not_picked":["alterego_mod:SakuraLabyrinth","alterego_mod:SakuraFive","alterego_mod:GoddessCore","alterego_mod:Jiggle"],"picked":"alterego_mod:MagicResistance","floor":7.0},{"not_picked":["alterego_mod:Cooking","alterego_mod:PresenceConcealment","alterego_mod:Birthday","alterego_mod:Swimsuit"],"picked":"alterego_mod:DeftHands","floor":10.0},{"not_picked":["alterego_mod:Lingerie","alterego_mod:AlterEgo+1","alterego_mod:Exercise","alterego_mod:Birthday"],"picked":"alterego_mod:Pet","floor":14.0},{"not_picked":["alterego_mod:Alter+1","alterego_mod:VirginLaserPalladion+1","alterego_mod:Tantrum+1","alterego_mod:InsideBaseball+1"],"picked":"alterego_mod:ClassAdvantage+1","floor":16.0},{"not_picked":["alterego_mod:BiFurious+1","alterego_mod:Cooking","alterego_mod:Rip","alterego_mod:HighServant"],"picked":"alterego_mod:BreastValley","floor":18},{"not_picked":["alterego_mod:Undulate","alterego_mod:Table","alterego_mod:Maid","alterego_mod:Jiggle","alterego_mod:Cooking"],"picked":"SKIP","floor":19},{"not_picked":["alterego_mod:HighServant","alterego_mod:Cooking","alterego_mod:Mirror","alterego_mod:RidiculouslyBig"],"picked":"alterego_mod:DiscoLights","floor":21},{"not_picked":["alterego_mod:BusterCard+1","alterego_mod:Maid","alterego_mod:TrashNCrash","alterego_mod:1TonWallop"],"picked":"alterego_mod:Palingenesis+1","floor":28},{"not_picked":["alterego_mod:1TonWallop","alterego_mod:BiFurious","alterego_mod:BustOut","alterego_mod:Maid"],"picked":"alterego_mod:DiscoLights","floor":29},{"not_picked":["alterego_mod:HighServant","alterego_mod:Punishment","alterego_mod:MagicResistance","alterego_mod:GoddessCore","alterego_mod:Bounce"],"picked":"SKIP","floor":30},{"not_picked":["alterego_mod:Punishment","alterego_mod:Pet","alterego_mod:Mirror","alterego_mod:RocketPunch","alterego_mod:MagicResistance"],"picked":"SKIP","floor":35},{"not_picked":["alterego_mod:Belle","alterego_mod:BeGentle","alterego_mod:Punishment","alterego_mod:Rip","alterego_mod:MagicResistance"],"picked":"SKIP","floor":36},{"not_picked":["alterego_mod:DestructionOfProperty","alterego_mod:Cushion","alterego_mod:Rip","alterego_mod:GoddessCore"],"picked":"alterego_mod:DiscoLights","floor":39},{"not_picked":["alterego_mod:Bounce+1","alterego_mod:Jiggle","alterego_mod:Smother","alterego_mod:Cushion","alterego_mod:Support"],"picked":"SKIP","floor":41},{"not_picked":["alterego_mod:SideboobHour+1","alterego_mod:Belle","alterego_mod:Undulate+1","alterego_mod:Pet"],"picked":"alterego_mod:DiscoLights","floor":44},{"not_picked":["alterego_mod:Cycle+1","alterego_mod:BiFurious","alterego_mod:GachaTicket","alterego_mod:Undulate+1","alterego_mod:Table+1"],"picked":"SKIP","floor":47}],"player_experience":1301196,"relics_obtained":[{"floor":1.0,"key":"SynthV:TestCard"},{"floor":3.0,"key":"HollowMod:StagPassRelic"},{"floor":9.0,"key":"Tiny Chest"},{"floor":14.0,"key":"Dota2Spire:Butterfly"},{"floor":24,"key":"Replay:Accelerometer"},{"floor":26,"key":"Blood Vial"},{"floor":28,"key":"GodSword1"},{"floor":41,"key":"AT_SunfireAegis"},{"floor":47,"key":"Dota2Spire:HeartOfTarrasque"},{"floor":48,"key":"AT_BellDemon"}],"event_choices":[{"cards_removed":["alterego_mod:Impale"],"damage_healed":0.0,"max_hp_gain":0.0,"max_hp_loss":0.0,"gold_gain":0.0,"event_name":"Living Wall","player_choice":"Forget","floor":5.0,"gold_loss":0.0,"damage_taken":0.0},{"damage_healed":0.0,"max_hp_gain":0.0,"max_hp_loss":0.0,"gold_gain":0.0,"event_name":"Liars Game","player_choice":"Ignored","floor":13.0,"gold_loss":0.0,"damage_taken":0.0},{"damage_healed":0,"gold_gain":0,"player_choice":"Leave","damage_taken":0,"max_hp_gain":0,"max_hp_loss":0,"event_name":"conspire:Investor","floor":22,"gold_loss":0},{"damage_healed":0,"gold_gain":0,"player_choice":"Max HP","damage_taken":0,"max_hp_gain":0,"max_hp_loss":8,"event_name":"Winding Halls","floor":38,"gold_loss":0},{"damage_healed":0,"gold_gain":0,"player_choice":"Upgraded","damage_taken":0,"max_hp_gain":0,"max_hp_loss":0,"event_name":"Upgrade Shrine","floor":45,"gold_loss":0,"cards_upgraded":["alterego_mod:DiscoLights"]}],"is_beta":false,"boss_relics":[{"not_picked":["conspire:RoyalGoblet","BloodWine"],"picked":"Sozu"},{"not_picked":["SacredBark","aspiration:SecretTechniqueScroll","ExusiaiGun"]}],"items_purged_floors":[11,27,27,37],"is_endless":false,"potions_floor_spawned":[2,4,10,18,19,29,30,35,44],"ascension_level":20}}