{"host":"i0avyit1s6jb1siw","time":1611157614,"event":{"mods":["BaseMod","DeckTracker","Dota2Spire","Highlight Path","Minty Spire (QoL Compilation)","Quick Restart","StSLib","SuperFastMode"],"gold_per_floor":[112,122,5,24,43,43,43,78,102,27,43,59,59,74,74,149,149,163,181,200,200,200,200],"floor_reached":22,"language":"ENG","playtime":447,"items_purged":["Strike_B"],"score":314,"play_id":"168e6d96-698d-4f1c-92e1-8f7ab3a447e3","local_time":"20210120164654","is_ascension_mode":true,"campfire_choices":[{"data":"Dualcast","floor":6.0,"key":"SMITH"},{"floor":13,"key":"REST"},{"data":"Creative AI","floor":15,"key":"SMITH"}],"circlet_count":0,"master_deck":["AscendersBane","Strike_B+1","Strike_B+1","Strike_B+1","Defend_B+1","Defend_B+1","Defend_B+1","Defend_B+1","Zap+1","Dualcast+1","Compile Driver","Ball Lightning","Core Surge","Cold Snap","Creative AI+1","Chill","Barrage","Storm","Cold Snap","Go for the Eyes"],"relics":["Cracked Core","NeowsBlessing","Nunchaku","Dota2Spire:MagicBottle","Nuclear Battery"],"acts_visited":["Exordium","TheCity"],"potions_floor_usage":[8],"damage_taken":[{"damage":0.0,"enemies":"Cultist","floor":1.0,"turns":1.0},{"damage":0.0,"enemies":"2 Louse","floor":2.0,"turns":1.0},{"damage":0.0,"enemies":"Jaw Worm","floor":4.0,"turns":1.0},{"damage":0.0,"enemies":"Lots of Slimes","floor":5.0,"turns":2.0},{"damage":29,"enemies":"Lagavulin","floor":8,"turns":5},{"damage":11,"enemies":"Large Slime","floor":11,"turns":5},{"damage":0,"enemies":"3 Louse","floor":12,"turns":5},{"damage":1,"enemies":"Blue Slaver","floor":14,"turns":3},{"damage":18,"enemies":"The Guardian","floor":16,"turns":12},{"damage":7,"enemies":"Spheric Guardian","floor":18,"turns":4},{"damage":22,"enemies":"2 Thieves","floor":19,"turns":4},{"damage":11,"enemies":"Cultist and Chosen","floor":20,"turns":6},{"damage":20,"enemies":"Shelled Parasite and Fungi","floor":22,"turns":2}],"seed_played":"-6837514491253113086","potions_obtained":[{"floor":2.0,"key":"Dota2Spire:Clarity"},{"floor":8,"key":"GamblersBrew"},{"floor":12,"key":"Dota2Spire:Clarity"},{"floor":14,"key":"Block Potion"}],"is_trial":false,"path_per_floor":["M","M","$","M","M","R","?","E","T","$","M","M","R","M","R","B",null,"M","M","M","?","M"],"character_chosen":"DEFECT","items_purchased":["Core Surge","Explosive Potion"],"campfire_rested":1,"item_purchase_floors":[3,3],"current_hp_per_floor":[68,68,68,68,68,68,53,24,24,24,13,13,35,34,34,16,60,53,31,20,20,0,0],"gold":200,"neow_bonus":"THREE_ENEMY_KILL","is_daily":false,"chose_seed":false,"campfire_upgraded":2,"win_rate":0.0,"timestamp":1611157614,"path_taken":["M","M","?","M","?","R","?","E","T","?","M","M","R","M","R","BOSS","M","M","?","?","M"],"items_purchased_type":["Card","Potion"],"build_version":"2020-12-22","purchased_purges":1,"victory":false,"max_hp_per_floor":[75,75,75,75,75,75,75,75,75,75,75,75,75,75,75,75,75,75,75,75,75,75,75],"card_choices":[{"not_picked":["Hello World","Conserve Battery"],"picked":"Compile Driver","floor":1.0},{"not_picked":["Leap","Hologram"],"picked":"Ball Lightning","floor":2.0},{"not_picked":["Skim","Blizzard","Rip and Tear"],"picked":"SKIP","floor":4.0},{"not_picked":["Barrage","Hologram"],"picked":"Cold Snap","floor":5.0},{"not_picked":["Self Repair","Tempest"],"picked":"Creative AI","floor":8},{"not_picked":["Blizzard","Rebound"],"picked":"Chill","floor":11},{"not_picked":["Sweeping Beam","Gash","Reinforced Body"],"picked":"SKIP","floor":12},{"not_picked":["Gash","Compile Driver"],"picked":"Barrage","floor":14},{"not_picked":["Genetic Algorithm","Rip and Tear"],"picked":"Storm","floor":18},{"not_picked":["Barrage","Stack"],"picked":"Cold Snap","floor":19},{"not_picked":["Redo","Gash+1"],"picked":"Go for the Eyes","floor":20}],"player_experience":2306787,"relics_obtained":[{"floor":8,"key":"Nunchaku"},{"floor":9,"key":"Dota2Spire:MagicBottle"}],"event_choices":[{"damage_healed":0.0,"max_hp_gain":0.0,"max_hp_loss":0.0,"gold_gain":0.0,"event_name":"Shining Light","player_choice":"Entered Light","floor":7.0,"gold_loss":0.0,"damage_taken":15.0,"cards_upgraded":["Zap","Defend_B"]},{"damage_healed":0,"gold_gain":0,"player_choice":"Simplicity","damage_taken":0,"max_hp_gain":0,"max_hp_loss":0,"event_name":"Back to Basics","floor":21,"gold_loss":0,"cards_upgraded":["Strike_B","Strike_B","Strike_B","Defend_B","Defend_B","Defend_B"]}],"is_beta":false,"boss_relics":[{"not_picked":["Fusion Hammer","Empty Cage"],"picked":"Nuclear Battery"}],"items_purged_floors":[10],"is_endless":false,"potions_floor_spawned":[2,8,12,14,16,19],"killed_by":"Shelled Parasite and Fungi","ascension_level":13}}