{"host":"dzc8cchcquikqbpv","time":1611169833,"event":{"mods":["BaseMod","BetterRewards","Colored Map","Colored Powertips","Dark Map","Downfall","Fox Events","Good Game Mod","Highlight Path","Infinite Spire","Minty Spire (QoL Compilation)","Permanent Neow","Shop Mod","StSLib"],"gold_per_floor":[114,114,126,139,152,180,180,180,180,196,215,215,215,232,232,327,327,307,326,326,326,326,326],"floor_reached":22,"language":"ENG","playtime":1546,"items_purged":[],"score":188,"play_id":"96476715-b830-404b-8161-15cae4971e18","local_time":"20210120191033","is_ascension_mode":false,"campfire_choices":[{"floor":7.0,"key":"REST"},{"floor":12.0,"key":"REST"},{"floor":15,"key":"REST"}],"circlet_count":0,"master_deck":["Strike_B","Strike_B","Defend_B","Defend_B","Defend_B","Defend_B","Zap","Dualcast","hexamod:Rewind","Amplify","Loop","Machine Learning","Zap","Leap","Cold Snap","Capacitor","Turbo","Barrage","Chaos","FTL","Echo Form+1","Fusion","Glacier+1","infinitespire:Fortify","infinitespire:FutureSight","Electrodynamics+1"],"relics":["Cracked Core","REME:ComplimentaryCards","Bag of Marbles","Frozen Egg 2","Nuclear Battery","Bag of Preparation"],"acts_visited":["Exordium","TheCity"],"potions_floor_usage":[16],"damage_taken":[{"damage":0.0,"enemies":"Small Slimes","floor":1.0,"turns":3.0},{"damage":6.0,"enemies":"Cultist","floor":3.0,"turns":3.0},{"damage":14.0,"enemies":"2 Louse","floor":4.0,"turns":2.0},{"damage":15.0,"enemies":"2 Fungi Beasts","floor":5.0,"turns":4.0},{"damage":12.0,"enemies":"3 Sentries","floor":6.0,"turns":8.0},{"damage":24.0,"enemies":"Gremlin Gang","floor":10.0,"turns":6.0},{"damage":15.0,"enemies":"Large Slime","floor":11.0,"turns":6.0},{"damage":8.0,"enemies":"Exordium Wildlife","floor":14.0,"turns":5.0},{"damage":33,"enemies":"Hexaghost","floor":16,"turns":10},{"damage":26,"enemies":"2 Thieves","floor":18,"turns":4},{"damage":46,"enemies":"3 Byrds","floor":19,"turns":6},{"damage":4,"enemies":"3 Cultists","floor":22,"turns":3}],"seed_played":"-3040427878526104434","potions_obtained":[{"floor":1.0,"key":"SpeedPotion"},{"floor":4.0,"key":"PowerPotion"},{"floor":11.0,"key":"Weak Potion"},{"floor":14.0,"key":"Energy Potion"}],"is_trial":false,"path_per_floor":["M","?","M","M","M","E","R","?","T","M","M","R","?","M","R","B",null,"M","M","AVR","?","M"],"character_chosen":"DEFECT","items_purchased":[],"campfire_rested":3,"item_purchase_floors":[],"current_hp_per_floor":[75,75,69,55,40,28,50,43,43,19,4,26,26,18,40,7,75,49,3,3,3,0,0],"gold":326,"neow_bonus":"ONE_RANDOM_RARE_CARD","is_daily":false,"chose_seed":false,"campfire_upgraded":0,"win_rate":0.0,"timestamp":1611169833,"path_taken":["M","?","M","?","M","E","R","?","T","M","M","R","?","?","R","BOSS","M","M","AVR","?","M"],"items_purchased_type":[],"build_version":"2020-12-22","purchased_purges":0,"victory":false,"max_hp_per_floor":[75,75,75,75,75,75,75,75,75,75,75,75,75,75,75,75,75,75,75,75,75,75,75],"card_choices":[{"not_picked":["Beam Cell","Sweeping Beam"],"picked":"Loop","floor":1.0},{"not_picked":["Beam Cell","Cold Snap"],"picked":"Leap","floor":3.0},{"not_picked":["Hologram","Coolheaded"],"picked":"Cold Snap","floor":4.0},{"not_picked":["Leap","Static Discharge"],"picked":"Capacitor","floor":5.0},{"not_picked":["Lockon","Coolheaded"],"picked":"Turbo","floor":6.0},{"not_picked":["Coolheaded","Blizzard"],"picked":"Barrage","floor":10.0},{"not_picked":["Go for the Eyes","Storm+1"],"picked":"Chaos","floor":11.0},{"not_picked":["Recycle","Beam Cell"],"picked":"FTL","floor":14.0},{"not_picked":["Amplify","All For One"],"picked":"Echo Form+1","floor":16},{"not_picked":["Sunder","Stack"],"picked":"Fusion","floor":18},{"not_picked":["Cold Snap","Recycle"],"picked":"Glacier+1","floor":19}],"player_experience":28044,"relics_obtained":[{"floor":6.0,"key":"Bag of Marbles"},{"floor":9.0,"key":"Frozen Egg 2"}],"event_choices":[{"damage_healed":0.0,"max_hp_gain":0.0,"max_hp_loss":0.0,"gold_gain":0.0,"event_name":"Match and Keep!","player_choice":"2 cards matched","floor":2.0,"gold_loss":0.0,"damage_taken":0.0,"cards_obtained":["Machine Learning","Zap"]},{"damage_healed":0.0,"max_hp_gain":0.0,"max_hp_loss":0.0,"gold_gain":0.0,"event_name":"Match and Keep!","player_choice":"2 cards matched","floor":2.0,"gold_loss":0.0,"damage_taken":0.0,"cards_obtained":["Machine Learning","Zap"]},{"cards_removed":["Strike_B"],"damage_healed":0.0,"max_hp_gain":0.0,"max_hp_loss":0.0,"gold_gain":0.0,"event_name":"Golden Wing","player_choice":"Card Removal","floor":8.0,"gold_loss":0.0,"damage_taken":7.0},{"damage_healed":0.0,"max_hp_gain":0.0,"max_hp_loss":0.0,"gold_gain":0.0,"event_name":"NoteForYourself","player_choice":"Ignored","floor":13.0,"gold_loss":0.0,"damage_taken":0.0},{"damage_healed":0,"gold_gain":0,"cards_transformed":["Strike_B"],"player_choice":"Transformed","damage_taken":0,"max_hp_gain":0,"max_hp_loss":0,"event_name":"Transmorgrifier","floor":21,"gold_loss":0,"cards_obtained":["Electrodynamics"]}],"is_beta":false,"boss_relics":[{"not_picked":["FrozenCore","bronze:MakeshiftBattery"],"picked":"Nuclear Battery"}],"items_purged_floors":[],"is_endless":false,"potions_floor_spawned":[1,4,11,14],"killed_by":"3 Cultists","ascension_level":0}}