{"host":"yii5it3292r9xs7s","time":1611132417,"event":{"mods":["100% Spire Juice","ATMod(阿瑾Mod)","Act Like it!","BaseMod","Colored Powertips","Downfall","Energized Spire","Minty Spire (QoL Compilation)","Pale of the Ancients","RumiaBox-露米娅的神秘盒子","StSLib","The Saiyan","The Servant 0.9.4","Waifu the Spire","noobMod","vexMod","【功能Mod】混沌之环修复补丁","【遗物卡牌】REMEMod","篝火指南"],"gold_per_floor":[118,134,150,168,187,217,20,51,77,108,121,121,121,153,153,250,250,260,260,272,187,187,187,217,217,217,235,246,257,283,293,293,389,389,406,406,424,440,452,482,482,513,513,513,527,527,527,541,4,4,4,4,4,34,34],"floor_reached":56,"language":"ZHS","playtime":1744,"items_purged":["Strike_B"],"score":1563,"play_id":"4a3013b5-37a2-462e-84cb-f0173ceeec7f","local_time":"20210120164657","is_ascension_mode":true,"campfire_choices":[{"floor":12.0,"key":"REST"},{"floor":15.0,"key":"RECALL"},{"data":"Loop","floor":23,"key":"SMITH"},{"data":"AT_RightCognition","floor":25,"key":"SMITH"},{"data":"Fission","floor":32,"key":"SMITH"},{"data":"Storm","floor":41,"key":"SMITH"},{"data":"Echo Form","floor":44,"key":"SMITH"},{"data":"AT_FamilyPortrait","floor":46,"key":"SMITH"},{"data":"Thunder Strike","floor":52,"key":"SMITH"}],"circlet_count":0,"master_deck":["Strike_B","Strike_B","Strike_B","Defend_B","Defend_B","Defend_B","Defend_B","Zap","Dualcast","AT_FamilyPortrait+1","sneckomod:UnknownStrength","Ball Lightning","REME_DataAnalysis","REME_Whirling","AT_DarkMatter","Static Discharge","Chaos","Storm+1","Ball Lightning","AT_RightCognition+1","AT_StudyProgram","Capacitor","Leap","Thunder Strike+1","Gash+1","Loop+1","Capacitor","Sweeping Beam+1","Conserve Battery","Fission+1","Chaos","Heatsinks+1","Buffer","Static Discharge+1","REME_TwoStrings","Coolheaded+1","Coolheaded+1","White Noise+1","Echo Form+1","AT_EMC2+1","Ball Lightning+1","AT_StudyProgram+1"],"relics":["Cracked Core","AT_ATBox","ice","REME_ComplimentaryCards","AddBug","SecretRecord","SecretRecord","SecretRecord","SecretRecord","SecretRecord","SecretRecord","SecretRecord"],"acts_visited":["Exordium","TheCity","TheBeyond","TheEnding"],"potions_floor_usage":[50],"damage_taken":[{"damage":0.0,"enemies":"2 Louse","floor":1.0,"turns":1.0},{"damage":7.0,"enemies":"Small Slimes","floor":2.0,"turns":3.0},{"damage":0.0,"enemies":"Jaw Worm","floor":3.0,"turns":3.0},{"damage":0.0,"enemies":"3 Louse","floor":4.0,"turns":2.0},{"damage":0.0,"enemies":"Red Slaver","floor":5.0,"turns":1.0},{"damage":21.0,"enemies":"3 Sentries","floor":6.0,"turns":5.0},{"damage":18.0,"enemies":"Lagavulin","floor":8.0,"turns":3.0},{"damage":4.0,"enemies":"3 Sentries","floor":10.0,"turns":2.0},{"damage":7.0,"enemies":"Blue Slaver","floor":11.0,"turns":2.0},{"damage":5.0,"enemies":"Lagavulin","floor":14.0,"turns":3.0},{"damage":5.0,"enemies":"The Guardian","floor":16.0,"turns":4.0},{"damage":10,"enemies":"Chosen","floor":18,"turns":2},{"damage":0,"enemies":"Spheric Guardian","floor":20,"turns":2},{"damage":12,"enemies":"REME_1_Revenger","floor":24,"turns":3},{"damage":13,"enemies":"Snecko","floor":27,"turns":3},{"damage":8,"enemies":"Snake Plant","floor":28,"turns":2},{"damage":8,"enemies":"Centurion and Healer","floor":29,"turns":3},{"damage":27,"enemies":"Slavers","floor":30,"turns":2},{"damage":0,"enemies":"Sentry and Sphere","floor":31,"turns":3},{"damage":0,"enemies":"Collector","floor":33,"turns":2},{"damage":17,"enemies":"3 Darklings","floor":35,"turns":2},{"damage":0,"enemies":"Orb Walker","floor":37,"turns":2},{"damage":0,"enemies":"Writhing Mass","floor":38,"turns":3},{"damage":30,"enemies":"Jaw Worm Horde","floor":39,"turns":2},{"damage":0,"enemies":"Nemesis","floor":40,"turns":3},{"damage":0,"enemies":"Reptomancer","floor":42,"turns":1},{"damage":0,"enemies":"3 Darklings","floor":45,"turns":1},{"damage":0,"enemies":"Maw","floor":48,"turns":3},{"damage":22,"enemies":"Awakened One","floor":50,"turns":4},{"damage":0,"enemies":"Shield and Spear","floor":54,"turns":1},{"damage":13,"enemies":"The Heart","floor":55,"turns":4}],"seed_played":"2987765623890772182","potions_obtained":[{"floor":2.0,"key":"Block Potion"},{"floor":3.0,"key":"FairyPotion"},{"floor":10.0,"key":"EntropicBrew"},{"floor":16.0,"key":"EssenceOfDarkness"},{"floor":18,"key":"DuplicationPotion"}],"is_trial":false,"path_per_floor":["M","M","M","M","M","E","$","E","T","E","M","R","?","E","R","B",null,"M","?","M","?","?","R","E","R","T","M","M","M","E","M","R","B",null,"M","?","M","M","M","E","R","E","T","R","M","R","?","M","R","B",null,"R","$","E","B",null],"character_chosen":"DEFECT","items_purchased":["Storm","Ball Lightning","AT_MibuBalloonWealth","GodSword6","Orrery"],"campfire_rested":1,"item_purchase_floors":[7,7,49,49,49],"current_hp_per_floor":[82,75,75,75,75,54,54,36,36,32,25,49,46,41,41,36,82,72,72,72,72,72,72,60,60,60,47,39,31,4,82,82,82,82,65,65,65,65,35,35,35,40,40,40,40,40,40,40,40,18,98,98,98,98,85],"gold":34,"neow_bonus":"TEN_PERCENT_HP_BONUS","is_daily":false,"chose_seed":false,"campfire_upgraded":7,"win_rate":0.0,"timestamp":1611132417,"path_taken":["M","M","M","M","M","E","$","E","T","E","M","R","?","E","R","BOSS","M","?","M","?","?","R","E","R","T","M","M","?","E","M","R","BOSS","M","?","M","M","M","E","R","E","T","R","M","R","?","M","R","BOSS","R","$","E","BOSS"],"items_purchased_type":["Card","Card","Relic","Relic","Relic"],"build_version":"2020-12-22","purchased_purges":1,"victory":true,"max_hp_per_floor":[82,82,82,82,82,82,82,82,82,82,82,82,82,82,82,82,82,82,82,82,82,82,82,82,82,82,82,82,82,82,82,82,82,82,84,84,85,89,92,95,95,95,95,95,95,95,95,96,96,98,98,98,98,98,162],"card_choices":[{"not_picked":["Coolheaded","Stack"],"picked":"Ball Lightning","floor":1.0},{"not_picked":["Sweeping Beam","Compile Driver"],"picked":"REME_DataAnalysis","floor":2.0},{"not_picked":["Compile Driver","Reinforced Body"],"picked":"REME_Whirling","floor":3.0},{"not_picked":["FTL","Conserve Battery"],"picked":"AT_DarkMatter","floor":4.0},{"not_picked":["Gash","Conserve Battery"],"picked":"Static Discharge","floor":5.0},{"not_picked":["Undo","Consume"],"picked":"Chaos","floor":6.0},{"not_picked":["Redo","Hello World"],"picked":"AT_RightCognition","floor":8.0},{"not_picked":["Chaos","Compile Driver"],"picked":"AT_StudyProgram","floor":10.0},{"not_picked":["Steam Power","AT_ThunderBolt"],"picked":"Capacitor","floor":11.0},{"not_picked":["Barrage","Steam"],"picked":"Leap","floor":14.0},{"not_picked":["Multi-Cast","Machine Learning"],"picked":"Thunder Strike","floor":16.0},{"not_picked":["Barrage","Conserve Battery+1"],"picked":"Gash+1","floor":18},{"not_picked":["Steam","Beam Cell"],"picked":"Capacitor","floor":20},{"not_picked":["Rebound","Multi-Cast","Undo"],"picked":"SKIP","floor":24},{"not_picked":["Doom and Gloom","Go for the Eyes+1"],"picked":"Sweeping Beam+1","floor":27},{"not_picked":["Capacitor","Steam"],"picked":"Conserve Battery","floor":28},{"not_picked":["Steam","Lockon"],"picked":"Fission","floor":29},{"not_picked":["Streamline","Sweeping Beam"],"picked":"Chaos","floor":30},{"not_picked":["Stack","Streamline+1"],"picked":"Heatsinks+1","floor":31},{"not_picked":["Thunder Strike","Creative AI"],"picked":"Buffer","floor":33},{"not_picked":["Blizzard","Leap+1"],"picked":"Static Discharge+1","floor":35},{"not_picked":["Bandage Up","Apotheosis"],"picked":"REME_TwoStrings","floor":36},{"not_picked":["Streamline","Sweeping Beam+1"],"picked":"Coolheaded+1","floor":37},{"not_picked":["Doom and Gloom","Stack+1","Streamline"],"picked":"SKIP","floor":38},{"not_picked":["Conserve Battery+1","Stack"],"picked":"Coolheaded+1","floor":39},{"not_picked":["Gash","Leap+1"],"picked":"White Noise+1","floor":40},{"not_picked":["Stack","Leap"],"picked":"Echo Form","floor":42},{"not_picked":["Cold Snap+1","Steam+1","Leap+1"],"picked":"AT_EMC2+1","floor":45},{"not_picked":["Conserve Battery","Steam+1","Streamline"],"picked":"Ball Lightning+1","floor":48},{"not_picked":["Multi-Cast","Blizzard"],"picked":"AT_StudyProgram+1","floor":54}],"player_experience":33131,"relics_obtained":[{"floor":1.0,"key":"AddBug"},{"floor":6.0,"key":"HornCleat"},{"floor":8.0,"key":"MagicDraw3"},{"floor":10.0,"key":"SecretRecord"},{"floor":10.0,"key":"AT_ChloranthyRing"},{"floor":14.0,"key":"AT_RabadonDeathcap"},{"floor":20,"key":"SecretRecord"},{"floor":24,"key":"Lantern"},{"floor":26,"key":"Eternal Feather"},{"floor":30,"key":"SecretRecord"},{"floor":30,"key":"AT_RedTearstoneRing"},{"floor":31,"key":"SecretRecord"},{"floor":40,"key":"AT_TimeSand"},{"floor":42,"key":"SecretRecord"},{"floor":42,"key":"Regal Pillow"},{"floor":43,"key":"Mercury Hourglass"},{"floor":48,"key":"SecretRecord"},{"floor":54,"key":"AT_BellDemon"}],"event_choices":[{"damage_healed":0.0,"max_hp_gain":0.0,"max_hp_loss":0.0,"gold_gain":0.0,"event_name":"Scrap Ooze","player_choice":"Success","floor":13.0,"gold_loss":0.0,"damage_taken":3.0,"relics_obtained":["hexamod:BolsterEngine"]},{"damage_healed":0,"gold_gain":0,"player_choice":"Read","damage_taken":0,"max_hp_gain":0,"max_hp_loss":0,"event_name":"The Library","floor":19,"gold_loss":0,"cards_obtained":["Loop"]},{"damage_healed":0,"gold_gain":0,"player_choice":"Obtained Relic","damage_taken":0,"relics_obtained":["TungstenRod"],"max_hp_gain":0,"max_hp_loss":0,"event_name":"Addict","floor":21,"gold_loss":85},{"damage_healed":0,"gold_gain":0,"player_choice":"Got Potions","damage_taken":0,"max_hp_gain":0,"max_hp_loss":0,"event_name":"Lab","floor":22,"gold_loss":0},{"damage_healed":0,"gold_gain":0,"player_choice":"Memory 1","damage_taken":0,"max_hp_gain":0,"max_hp_loss":0,"event_name":"SensoryStone","floor":36,"gold_loss":0},{"damage_healed":0,"gold_gain":0,"player_choice":"Ignored","damage_taken":0,"max_hp_gain":0,"max_hp_loss":0,"event_name":"SecretPortal","floor":47,"gold_loss":0}],"is_beta":false,"boss_relics":[{"not_picked":["REME_DuelDisc","Empty Cage"],"picked":"SlaversCollar"},{"not_picked":["AddBug","SacredBark"],"picked":"REME_ChargedStone"}],"items_purged_floors":[7],"is_endless":false,"potions_floor_spawned":[2,3,10,14,16,18,27,30,33,35,38,40],"ascension_level":1}}