{"host":"c52z9ixzgdjttcmx","time":1611172905,"event":{"mods":["BaseMod","Colored Powertips","Minty Spire (QoL Compilation)","Rare Cards Sparkle","Relic Stats"],"gold_per_floor":[113,127,144,159,159,159,187,2,28,42,60,70,89,14,14,88,88,99,110,128,146,146,146],"floor_reached":22,"language":"ENG","playtime":1128,"items_purged":["Pain"],"score":365,"play_id":"5345329e-e4b7-41e4-ae42-9577570a6479","local_time":"20210120140145","is_ascension_mode":true,"campfire_choices":[{"data":"Skewer","floor":6,"key":"SMITH"},{"floor":15,"key":"REST"}],"circlet_count":0,"master_deck":["AscendersBane","Strike_G","Strike_G","Strike_G","Strike_G","Strike_G","Defend_G","Defend_G","Defend_G","Defend_G","Defend_G","Survivor","Neutralize","Skewer+1","Deadly Poison","Backstab","PiercingWail","Poisoned Stab","Calculated Gamble","Catalyst","Noxious Fumes","Escape Plan","Poisoned Stab","Bane","A Thousand Cuts","Storm of Steel","Catalyst","Backstab+1","Deflect","Flying Knee+1"],"relics":["Ring of the Snake","WarpedTongs","Centennial Puzzle","Dream Catcher","Vajra","SacredBark"],"acts_visited":["Exordium","TheCity"],"potions_floor_usage":[16,17,18,20,22],"damage_taken":[{"damage":1,"enemies":"2 Louse","floor":1,"turns":3},{"damage":0,"enemies":"Cultist","floor":2,"turns":3},{"damage":1,"enemies":"Jaw Worm","floor":3,"turns":2},{"damage":3,"enemies":"Gremlin Gang","floor":4,"turns":6},{"damage":26,"enemies":"Lagavulin","floor":7,"turns":9},{"damage":2,"enemies":"Red Slaver","floor":10,"turns":2},{"damage":0,"enemies":"Large Slime","floor":11,"turns":5},{"damage":3,"enemies":"Looter","floor":12,"turns":2},{"damage":5,"enemies":"Red Slaver","floor":13,"turns":3},{"damage":24,"enemies":"The Guardian","floor":16,"turns":9},{"damage":12,"enemies":"3 Byrds","floor":18,"turns":5},{"damage":9,"enemies":"Spheric Guardian","floor":19,"turns":4},{"damage":24,"enemies":"Shelled Parasite and Fungi","floor":20,"turns":5},{"damage":19,"enemies":"Snake Plant","floor":21,"turns":2},{"damage":9,"enemies":"Centurion and Healer","floor":22,"turns":4}],"seed_played":"177181858062343186","potions_obtained":[{"floor":1,"key":"BlessingOfTheForge"},{"floor":4,"key":"FearPotion"},{"floor":7,"key":"Strength Potion"},{"floor":11,"key":"Block Potion"},{"floor":12,"key":"AttackPotion"},{"floor":16,"key":"Fruit Juice"},{"floor":20,"key":"Fruit Juice"},{"floor":21,"key":"DistilledChaos"}],"is_trial":false,"path_per_floor":["M","M","M","M","?","R","E","$","T","M","M","M","M","$","R","B",null,"M","M","M","M","M"],"character_chosen":"THE_SILENT","items_purchased":["Catalyst","Dream Catcher"],"campfire_rested":1,"item_purchase_floors":[8,8],"current_hp_per_floor":[58,58,57,54,54,54,28,28,28,26,26,23,18,18,37,13,63,51,42,28,9,0,0],"gold":146,"neow_bonus":"THREE_CARDS","is_daily":false,"chose_seed":false,"campfire_upgraded":1,"win_rate":0.0,"timestamp":1611172905,"path_taken":["M","M","M","M","?","R","E","?","T","M","M","M","?","?","R","BOSS","M","M","M","M","M"],"items_purchased_type":["Card","Relic"],"build_version":"2020-12-22","purchased_purges":1,"victory":false,"max_hp_per_floor":[66,66,66,66,66,66,66,66,66,66,66,66,66,66,66,66,76,76,76,86,86,86,86],"relic_stats":{"Centennial Puzzle":[24],"Dream Catcher":1,"counters":[15,64],"obtain_stats":[{"Centennial Puzzle":7,"Dream Catcher":8,"SacredBark":17,"Vajra":9,"Ring of the Snake":0,"WarpedTongs":5},{"Centennial Puzzle":5,"Dream Catcher":5,"SacredBark":10,"Vajra":5,"Ring of the Snake":0,"WarpedTongs":4},{"Centennial Puzzle":23,"Dream Catcher":23,"SacredBark":44,"Vajra":23,"Ring of the Snake":0,"WarpedTongs":14}],"Ring of the Snake":[30],"WarpedTongs":[50]},"card_choices":[{"not_picked":["Choke","Deadly Poison"],"picked":"Skewer","floor":0},{"not_picked":["Flechettes","Blade Dance"],"picked":"Deadly Poison","floor":1},{"not_picked":["Slice","Distraction"],"picked":"Backstab","floor":2},{"not_picked":["Slice","Deflect"],"picked":"PiercingWail","floor":3},{"not_picked":["Outmaneuver","Expertise"],"picked":"Poisoned Stab","floor":4},{"not_picked":["Flying Knee","Eviscerate"],"picked":"Calculated Gamble","floor":7},{"not_picked":["Bane","Setup"],"picked":"Noxious Fumes","floor":10},{"not_picked":["Dodge and Roll","Slice"],"picked":"Escape Plan","floor":11},{"not_picked":["Quick Slash","Cloak And Dagger"],"picked":"Poisoned Stab","floor":12},{"not_picked":["Slice","Finisher"],"picked":"Bane","floor":13},{"not_picked":["Bane","Riddle With Holes"],"picked":"A Thousand Cuts","floor":15},{"not_picked":["Phantasmal Killer","A Thousand Cuts"],"picked":"Storm of Steel","floor":16},{"not_picked":["Blade Dance","Acrobatics"],"picked":"Catalyst","floor":18},{"not_picked":["Calculated Gamble","Riddle With Holes"],"picked":"Backstab+1","floor":19},{"not_picked":["Dagger Spray","Outmaneuver"],"picked":"Deflect","floor":20},{"not_picked":["Expertise","Underhanded Strike"],"picked":"Flying Knee+1","floor":21}],"player_experience":3293762,"relics_obtained":[{"floor":7,"key":"Centennial Puzzle"},{"floor":9,"key":"Vajra"}],"event_choices":[{"damage_healed":0,"gold_gain":0,"player_choice":"Rummage","damage_taken":0,"relics_obtained":["WarpedTongs"],"max_hp_gain":0,"max_hp_loss":0,"event_name":"Accursed Blacksmith","floor":5,"gold_loss":0,"cards_obtained":["Pain"]}],"is_beta":false,"boss_relics":[{"not_picked":["Sozu","Empty Cage"],"picked":"SacredBark"}],"items_purged_floors":[14],"is_endless":false,"potions_floor_spawned":[1,4,7,11,12,16,20,21],"killed_by":"Centurion and Healer","ascension_level":15}}