{"host":"e6sgj53qqwx3piqv","time":1611105108,"event":{"mods":["AchievementEnabler","Aspiration","BaseMod","BetterRewards","Colored Powertips","Downfall","Hermit","Highlight Path","Hubris","Infinite Spire","Minty Spire (QoL Compilation)","Quick Restart","Rare Cards Sparkle","Shop Mod","StSLib","The Cursed","The Disciple","The Jungle","The Runesmith"],"gold_per_floor":[118,135,135,135,19,19,54,54,54,84,84,96,112,9,9,112,112,126,126,141,141,155,155,155],"floor_reached":23,"language":"ENG","playtime":968,"items_purged":[],"score":249,"play_id":"e4b2ec92-87fc-4c67-934f-f38f5fb77e95","local_time":"20210119201148","is_ascension_mode":false,"campfire_choices":[{"floor":6,"key":"RECALL"},{"data":"Blade Dance","floor":8,"key":"SMITH"},{"data":"Backflip","floor":11,"key":"SMITH"},{"data":"Neutralize","floor":15,"key":"SMITH"}],"circlet_count":0,"master_deck":["Strike_G","Strike_G","Strike_G","Strike_G","Strike_G","Defend_G","Defend_G","Defend_G","Defend_G","Defend_G","Survivor","Neutralize+1","Backflip+1","Blade Dance+1","Injury","Trip+1","Blade Dance+1","Deadly Poison+1","Crippling Poison+1","Footwork+1","Blur+1","Cloak And Dagger+1","Blade Dance+1","Wraith Form v2+1","Quick Slash","PiercingWail+1","Blade Dance+1"],"relics":["Ring of the Snake","NeowsBlessing","Toxic Egg 2","Meat on the Bone","Frozen Egg 2","Pocketwatch","hubris:Backtick","TwistedFunnel"],"acts_visited":["Exordium","TheCity"],"potions_floor_usage":[23,23],"damage_taken":[{"damage":0,"enemies":"Cultist","floor":1,"turns":1},{"damage":0,"enemies":"2 Louse","floor":2,"turns":1},{"damage":0,"enemies":"Lagavulin","floor":7,"turns":1},{"damage":22,"enemies":"3 Sentries","floor":10,"turns":10},{"damage":0,"enemies":"Jaw Worm","floor":12,"turns":2},{"damage":0,"enemies":"Large Slime","floor":13,"turns":5},{"damage":22,"enemies":"Hexaghost","floor":16,"turns":7},{"damage":3,"enemies":"Chosen","floor":18,"turns":5},{"damage":0,"enemies":"Shell Parasite","floor":20,"turns":4},{"damage":6,"enemies":"Chosen and Byrds","floor":22,"turns":3},{"damage":59,"enemies":"Gremlin Leader","floor":23,"turns":4}],"seed_played":"5823402236788499318","potions_obtained":[{"floor":10,"key":"Poison Potion"},{"floor":12,"key":"PowerPotion"},{"floor":16,"key":"PowerPotion"}],"is_trial":false,"path_per_floor":["M","M","T","?","$","R","E","R","T","E","R","M","M","$","R","B",null,"M","?","M","?","M","E"],"character_chosen":"THE_SILENT","items_purchased":["Trip+1","Blade Dance+1","Cloak And Dagger+1","Blade Dance+1"],"campfire_rested":0,"item_purchase_floors":[5,5,14,14],"current_hp_per_floor":[70,70,70,70,70,70,70,70,70,48,48,48,48,48,48,38,70,67,60,60,60,54,0,0],"gold":155,"neow_bonus":"THREE_ENEMY_KILL","is_daily":false,"chose_seed":false,"campfire_upgraded":3,"win_rate":0.0,"timestamp":1611105108,"path_taken":["M","M","?","?","$","R","E","R","T","E","R","M","M","?","R","BOSS","M","?","?","?","?","E"],"items_purchased_type":["Card","Card","Card","Card"],"build_version":"2020-12-22","purchased_purges":0,"victory":false,"max_hp_per_floor":[70,70,70,70,70,70,70,70,70,70,70,70,70,70,70,70,70,70,70,70,70,70,70,70],"card_choices":[{"not_picked":["Eviscerate","Quick Slash"],"picked":"Backflip","floor":1},{"not_picked":["Bane","Choke"],"picked":"Blade Dance","floor":2},{"not_picked":["Tactician+1","Skewer"],"picked":"Deadly Poison+1","floor":7},{"not_picked":["Underhanded Strike","Sucker Punch"],"picked":"Crippling Poison+1","floor":10},{"not_picked":["Riddle With Holes","Underhanded Strike"],"picked":"Footwork+1","floor":12},{"not_picked":["Acrobatics+1","Heel Hook"],"picked":"Blur+1","floor":13},{"not_picked":["Burst+1","Unload"],"picked":"Wraith Form v2+1","floor":16},{"not_picked":["Flying Knee","Choke"],"picked":"Quick Slash","floor":18},{"not_picked":["Outmaneuver+1","hubris:TrickCloak+1"],"picked":"PiercingWail+1","floor":20},{"not_picked":["Outmaneuver+1","Heel Hook"],"picked":"Blade Dance+1","floor":22}],"player_experience":190243,"relics_obtained":[{"floor":7,"key":"Meat on the Bone"},{"floor":9,"key":"Frozen Egg 2"},{"floor":10,"key":"Pocketwatch"}],"event_choices":[{"damage_healed":0,"gold_gain":0,"player_choice":"Damaged","damage_taken":7,"max_hp_gain":0,"max_hp_loss":0,"event_name":"Wheel of Change","floor":19,"gold_loss":0},{"damage_healed":0,"gold_gain":0,"player_choice":"Bought 0 Potions","damage_taken":0,"max_hp_gain":0,"max_hp_loss":0,"event_name":"The Woman in Blue","floor":21,"gold_loss":0}],"is_beta":false,"boss_relics":[{"not_picked":["Cursed Key","aspiration:PoetsPen_weak"],"picked":"hubris:Backtick"}],"items_purged_floors":[],"is_endless":false,"potions_floor_spawned":[10,12,16,22],"killed_by":"Gremlin Leader","ascension_level":0}}