{"host":"dftyqn972q7tuon4","time":1611169432,"event":{"mods":["AchievementEnabler","BaseMod","Better Altar","Better Match","Better Note","Better Sensory Stone","Better Skull","Better Third Choice","Colored Powertips","Highlight Path","Minty Spire (QoL Compilation)","Permanent Neow","Quick Restart","StSLib"],"gold_per_floor":[11,27,39,59,59,86,86,99,99,114,114,35,49,49,49,179,179,227,7,7,82,103,103,136,136,136],"floor_reached":25,"language":"ENG","playtime":1044,"items_purged":["Injury"],"score":346,"play_id":"2d12bec2-fee1-47a4-950a-83c51c1e269d","local_time":"20210120200352","is_ascension_mode":true,"campfire_choices":[{"data":"Alpha","floor":7.0,"key":"SMITH"},{"floor":11.0,"key":"REST"},{"floor":15.0,"key":"REST"},{"floor":23.0,"key":"REST"}],"circlet_count":0,"master_deck":["AscendersBane","Strike_P","Strike_P","Defend_P","Defend_P","Defend_P","Eruption+1","Vigilance","Alpha+1","EmptyMind","ThirdEye","JustLucky","JustLucky+1","Collect","Study","Wish","Vault","Worship+1","Wallop+1","Fasting2+1","JustLucky+1","DevaForm"],"relics":["PureWater","Centennial Puzzle","Whetstone","Golden Idol","Astrolabe","Boot","Anchor"],"acts_visited":["Exordium","TheCity"],"potions_floor_usage":[],"damage_taken":[{"damage":8.0,"enemies":"Cultist","floor":1.0,"turns":4.0},{"damage":5.0,"enemies":"Small Slimes","floor":2.0,"turns":3.0},{"damage":7.0,"enemies":"Jaw Worm","floor":3.0,"turns":3.0},{"damage":7.0,"enemies":"3 Louse","floor":4.0,"turns":5.0},{"damage":28.0,"enemies":"Gremlin Nob","floor":6.0,"turns":4.0},{"damage":3.0,"enemies":"Looter","floor":8.0,"turns":3.0},{"damage":11.0,"enemies":"Exordium Thugs","floor":10.0,"turns":4.0},{"damage":11.0,"enemies":"Blue Slaver","floor":13.0,"turns":4.0},{"damage":6.0,"enemies":"Hexaghost","floor":16.0,"turns":7.0},{"damage":10.0,"enemies":"Spheric Guardian","floor":18.0,"turns":4.0},{"damage":22.0,"enemies":"3 Byrds","floor":22.0,"turns":4.0},{"damage":26.0,"enemies":"Slavers","floor":24.0,"turns":3.0},{"damage":0,"enemies":"3 Cultists","floor":25,"turns":2}],"seed_played":"-1278502676747071194","potions_obtained":[{"floor":1.0,"key":"Regen Potion"},{"floor":2.0,"key":"SkillPotion"},{"floor":5.0,"key":"Swift Potion"},{"floor":6.0,"key":"EssenceOfSteel"},{"floor":16.0,"key":"Block Potion"},{"floor":18.0,"key":"EntropicBrew"}],"is_trial":false,"path_per_floor":["M","M","M","M","?","E","R","M","T","M","R","$","M","?","R","B",null,"M","$","?","?","M","R","E","M"],"character_chosen":"WATCHER","items_purchased":["Study","Boot"],"campfire_rested":3,"item_purchase_floors":[12,19],"current_hp_per_floor":[57,52,45,38,38,24,24,21,21,10,31,31,20,20,41,35,63,53,53,39,32,10,31,5,5,5],"gold":136,"neow_bonus":"THREE_RARE_CARDS","is_daily":false,"chose_seed":false,"campfire_upgraded":1,"win_rate":0.0,"timestamp":1611169432,"path_taken":["M","M","?","M","?","E","R","M","T","M","R","?","M","?","R","BOSS","M","$","?","?","M","R","E","M"],"items_purchased_type":["Card","Relic"],"build_version":"2020-12-22","purchased_purges":1,"victory":false,"max_hp_per_floor":[72,72,72,72,72,72,72,72,72,72,72,72,72,72,72,72,72,72,72,72,72,72,72,72,72,72],"card_choices":[{"not_picked":["Scrawl","Brilliance"],"picked":"Alpha","floor":0.0},{"not_picked":["EmptyFist","CarveReality"],"picked":"EmptyMind","floor":1.0},{"not_picked":["PathToVictory","Consecrate"],"picked":"ThirdEye","floor":2.0},{"not_picked":["FollowUp","Prostrate"],"picked":"JustLucky","floor":3.0},{"not_picked":["FollowUp","CrushJoints"],"picked":"JustLucky","floor":4.0},{"not_picked":["Crescendo","ClearTheMind"],"picked":"Collect","floor":6.0},{"not_picked":["SashWhip","BowlingBash","Adaptation"],"picked":"SKIP","floor":8.0},{"not_picked":["SignatureMove","ForeignInfluence","Halt"],"picked":"SKIP","floor":10.0},{"not_picked":["Tantrum","CrushJoints"],"picked":"Wish","floor":13.0},{"not_picked":["MasterReality","Devotion"],"picked":"Vault","floor":16.0},{"not_picked":["EmptyBody+1","Protect"],"picked":"JustLucky+1","floor":18.0},{"not_picked":["Indignation","Consecrate","Fasting2"],"picked":"SKIP","floor":22.0},{"not_picked":["Study","Crescendo","ReachHeaven"],"picked":"SKIP","floor":24.0}],"player_experience":727797,"relics_obtained":[{"floor":6.0,"key":"Centennial Puzzle"},{"floor":9.0,"key":"Whetstone"},{"floor":24.0,"key":"Anchor"}],"event_choices":[{"damage_healed":0.0,"max_hp_gain":0.0,"max_hp_loss":0.0,"gold_gain":0.0,"event_name":"Lab","player_choice":"Got Potions","floor":5.0,"gold_loss":0.0,"damage_taken":0.0},{"damage_healed":0.0,"max_hp_gain":0.0,"max_hp_loss":0.0,"gold_gain":0.0,"event_name":"Golden Idol","player_choice":"Take Wound","floor":14.0,"gold_loss":0.0,"damage_taken":0.0,"relics_obtained":["Golden Idol"],"cards_obtained":["Injury"]},{"damage_healed":0.0,"max_hp_gain":0.0,"max_hp_loss":14.0,"gold_gain":2.0,"event_name":"betterStone:BetterStone","player_choice":"2","floor":20.0,"gold_loss":0.0,"damage_taken":0.0},{"damage_healed":0.0,"max_hp_gain":0.0,"max_hp_loss":0.0,"gold_gain":75.0,"event_name":"FaceTrader","player_choice":"Touch","floor":21.0,"gold_loss":0.0,"damage_taken":7.0}],"is_beta":false,"boss_relics":[{"not_picked":["HolyWater","Pandora\u0027s Box"],"picked":"Astrolabe"}],"items_purged_floors":[19],"is_endless":false,"potions_floor_spawned":[1,2,6,16,18],"killed_by":"3 Cultists","ascension_level":11}}