{"host":"1zjc08c6hob33401","time":1611178035,"event":{"mods":["AchievementEnabler","Act Like it!","Aspiration","BaseMod","Downfall","Energized Spire","Evolution","Friendly Minions","Gensokyo","GifTheSpireLib","Hubris","Infinite Spire","Jedi Mod","Minty Spire (QoL Compilation)","Pale of the Ancients","Quick Restart","Replay The Spire","Retaliation","Shop Mod","Spire Arcade","StS++","StSLib","Stuff the Spire","The Blue Laboratory","Wandering Minibosses","vexMod","??????REMEMod"],"gold_per_floor":[11,11,29,47,47,47,58,88,88,88,8,8,8,23,23,122,122,139,64,83,83,102,102,102,102],"floor_reached":24,"language":"RUS","playtime":1053,"items_purged":["Injury"],"score":337,"play_id":"0054abd5-3847-472c-a8f6-0e1a84e32caa","local_time":"20210120232715","is_ascension_mode":true,"campfire_choices":[{"data":"Zap","floor":6.0,"key":"SMITH"},{"data":"StSpp:CopyPaste","floor":10.0,"key":"SMITH"},{"data":"BootSequence","floor":12.0,"key":"SMITH"},{"floor":23,"key":"REST"}],"circlet_count":0,"master_deck":["AscendersBane","Strike_B","Strike_B","Defend_B","Defend_B","Zap+1","Dualcast","Seek+1","BootSequence+1","aspiration:Polymerization","StSpp:CopyPaste+1","Barrage","Thunder Strike","Cold Snap","Fission","Aggregate","Ball Lightning","StuffTheSpire:LoadUp","Panic Button","Rebound","Genetic Algorithm"],"relics":["Cracked Core","EVO:Axolotl","REME_ComplimentaryCards","vexMod:MemoryStick","Gensokyo:Mercy","Frozen Egg 2","jedi:superconductor","Happy Flower","energizedSpire:StickyHand","Counterbalance"],"acts_visited":["Gensokyo:Gensokyo","Gensokyo:Gensokyoer"],"potions_floor_usage":[22],"damage_taken":[{"damage":3.0,"enemies":"Gensokyo:Gryphon","floor":1.0,"turns":3.0},{"damage":0.0,"enemies":"Gensokyo:3_Fairies","floor":3.0,"turns":2.0},{"damage":2.0,"enemies":"Gensokyo:2_Kodama","floor":4.0,"turns":3.0},{"damage":0.0,"enemies":"Gensokyo:2_Rabbits","floor":7.0,"turns":2.0},{"damage":0.0,"enemies":"Gensokyo:Aya","floor":8.0,"turns":3.0},{"damage":15.0,"enemies":"Gensokyo:Gryphon_and_Rabbit","floor":14.0,"turns":6.0},{"damage":56.0,"enemies":"Gensokyo:Yukari","floor":16.0,"turns":8.0},{"damage":40.0,"enemies":"Gensokyo:3_Dogs","floor":18.0,"turns":6.0},{"damage":9.0,"enemies":"Gensokyo:AngelMirror","floor":20.0,"turns":2.0},{"damage":7,"enemies":"Gensokyo:Monolith_and_Dog","floor":22,"turns":4},{"damage":33,"enemies":"Gensokyo:Tenshi","floor":24,"turns":3}],"seed_played":"1122547536809033721","potions_obtained":[{"floor":3.0,"key":"Explosive Potion"},{"floor":7.0,"key":"blueLaboratory:BottleOfRum"},{"floor":20.0,"key":"BlessingOfTheForge"}],"is_trial":false,"path_per_floor":["M","?","M","M","?","R","M","E","T","R","COS","R","?","M","R","B",null,"M","$","M","?","M","R","E"],"character_chosen":"DEFECT","items_purchased":[],"campfire_rested":1,"item_purchase_floors":[],"current_hp_per_floor":[65,65,65,63,63,63,63,63,63,63,63,63,63,48,70,14,60,20,20,11,11,4,26,0,0],"gold":102,"neow_bonus":"REMOVE_TWO","is_daily":false,"chose_seed":false,"campfire_upgraded":3,"win_rate":0.0,"timestamp":1611178035,"path_taken":["M","?","M","M","?","R","M","E","T","R","COS","R","?","M","R","BOSS","M","$","M","?","?","R","E"],"items_purchased_type":[],"build_version":"2020-12-22","purchased_purges":1,"victory":false,"max_hp_per_floor":[75,75,75,75,75,75,75,75,75,75,75,75,75,75,75,75,75,75,75,75,75,75,75,75,75],"card_choices":[{"not_picked":["Barrage","BasicCrystalCard"],"picked":"BootSequence","floor":1.0},{"not_picked":["Streamline","StSpp:Mask"],"picked":"aspiration:Polymerization","floor":3.0},{"not_picked":["StuffTheSpire:Plugnplay","Conserve Battery"],"picked":"StSpp:CopyPaste","floor":4.0},{"not_picked":["jedi:BurstFrost","StuffTheSpire:LoadUp"],"picked":"Barrage","floor":7.0},{"not_picked":["Streamline","Hologram"],"picked":"Thunder Strike","floor":8.0},{"not_picked":["StuffTheSpire:Rend","StuffTheSpire:Plugnplay"],"picked":"Cold Snap","floor":14.0},{"not_picked":["StuffTheSpire:LaunchingStrike","jedi:darknesscall"],"picked":"Fission","floor":16.0},{"not_picked":["Aggregate","StuffTheSpire:LoadUp"],"picked":"Ball Lightning","floor":18.0},{"not_picked":["StSpp:TargetLocked","Heatsinks+1","Hologram"],"picked":"SKIP","floor":20.0},{"not_picked":["Panic Button","Genetic Algorithm"],"picked":"Rebound","floor":22}],"player_experience":647866,"relics_obtained":[{"floor":8.0,"key":"Frozen Egg 2"},{"floor":9.0,"key":"jedi:superconductor"}],"event_choices":[],"is_beta":false,"boss_relics":[{"not_picked":["REME_ChargedStone","Astrolabe"],"picked":"energizedSpire:StickyHand"}],"items_purged_floors":[19],"is_endless":false,"potions_floor_spawned":[3,7,20],"killed_by":"Gensokyo:Tenshi","ascension_level":11}}