{"host":"ufl0k2so27eic2iy","time":1611160766,"event":{"mods":["BaseMod","Downfall","Minty Spire (QoL Compilation)","StSLib","The Animator"],"gold_per_floor":[99,111,127,112,129,229,229,246,12,12,23,57,57,70,87,183,183,83,95,114,130,145,175,175,11,11,37,37,282,300,326,341,442,442,242,253,268,268,268,68,91,91,102,120,150,150,177,191,210,210,210,239,15,15,15,15],"floor_reached":57,"language":"ENG","playtime":3529,"items_purged":["bronze:Strike","bronze:Strike","bronze:Strike"],"score":1908,"play_id":"6a1b24f4-7986-4b24-a984-9c6b5f84cfb5","local_time":"20210120163926","is_ascension_mode":false,"campfire_choices":[{"floor":1,"key":"RECALL"},{"data":"bronze:Replicate","floor":10,"key":"SMITH"},{"data":"bronze:Deprecate","floor":13,"key":"SMITH"},{"data":"bronze:CloningBeam","floor":18,"key":"SMITH"},{"floor":28,"key":"REST"},{"data":"bronze:HardenedForm","floor":35,"key":"SMITH"},{"data":"bronze:Terminator","floor":42,"key":"SMITH"},{"data":"bronze:FineTuning","floor":46,"key":"SMITH"},{"data":"bronze:Goto","floor":54,"key":"SMITH"}],"circlet_count":0,"master_deck":["bronze:Defend","bronze:Defend","bronze:Defend","bronze:Defend","bronze:Replicate+1","bronze:Goto+1","bronze:Iterate","bronze:CutThrough","bronze:Overload+1","bronze:Deprecate+1","bronze:CloningBeam+1","bronze:Branch","bronze:ChosenStrike","bronze:Shell+1","bronze:SpaghettiCode","bronze:HardenedForm+1","bronze:CutThrough","bronze:FollowUp","bronze:Assembly","bronze:Frontload+1","bronze:Invalidate+1","bronze:Terminator+1","bronze:Repulsor","bronze:FineTuning+1","bronze:DelayedSlice","bronze:Shield+1","bronze:ClassDefault"],"relics":["bronze:BronzeCore","Shuriken","ClockworkSouvenir","Bird Faced Urn","SlaversCollar","downfall:HeartBlessingRed","sneckomod:BlankCard","Guardian:PocketSentry","War Paint","Slimebound:PreparedRelic","Sozu","downfall:HeartBlessingGreen","downfall:HeartBlessingBlue","MealTicket","Akabeko","Oddly Smooth Stone","Anchor","Bag of Preparation"],"acts_visited":["Exordium","TheCity","TheBeyond","TheEnding"],"potions_floor_usage":[21,50],"damage_taken":[{"damage":1,"enemies":"Cultist","floor":2,"turns":5},{"damage":1,"enemies":"2 Louse","floor":3,"turns":4},{"damage":0,"enemies":"downfall:FleeingMerchant","floor":4,"turns":4},{"damage":11,"enemies":"Jaw Worm","floor":5,"turns":2},{"damage":1,"enemies":"Exordium Wildlife","floor":8,"turns":3},{"damage":5,"enemies":"downfall:FleeingMerchant","floor":9,"turns":4},{"damage":0,"enemies":"2 Fungi Beasts","floor":11,"turns":3},{"damage":4,"enemies":"Gremlin Nob","floor":12,"turns":3},{"damage":2,"enemies":"Large Slime","floor":14,"turns":5},{"damage":3,"enemies":"Gremlin Gang","floor":15,"turns":4},{"damage":23,"enemies":"DF_ARCHETYPE_STREAMLINE","floor":16,"turns":8},{"damage":18,"enemies":"Spheric Guardian","floor":19,"turns":5},{"damage":6,"enemies":"Centurion and Healer","floor":20,"turns":6},{"damage":4,"enemies":"Shelled Parasite and Fungi","floor":21,"turns":6},{"damage":0,"enemies":"Snake Plant","floor":22,"turns":4},{"damage":20,"enemies":"Book of Stabbing","floor":23,"turns":5},{"damage":0,"enemies":"downfall:FleeingMerchant","floor":25,"turns":4},{"damage":7,"enemies":"downfall:FleeingMerchant","floor":29,"turns":4},{"damage":0,"enemies":"Snecko","floor":30,"turns":4},{"damage":0,"enemies":"Gremlin Leader","floor":31,"turns":7},{"damage":0,"enemies":"Centurion and Healer","floor":32,"turns":4},{"damage":15,"enemies":"SI_MIRROR_ARCHETYPE","floor":33,"turns":8},{"damage":0,"enemies":"3 Darklings","floor":36,"turns":3},{"damage":5,"enemies":"3 Shapes","floor":37,"turns":5},{"damage":0,"enemies":"Sphere and 2 Shapes","floor":43,"turns":3},{"damage":11,"enemies":"4 Shapes","floor":44,"turns":7},{"damage":0,"enemies":"Reptomancer","floor":45,"turns":5},{"damage":0,"enemies":"Nemesis","floor":47,"turns":5},{"damage":7,"enemies":"Jaw Worm Horde","floor":48,"turns":3},{"damage":3,"enemies":"Writhing Mass","floor":49,"turns":4},{"damage":39,"enemies":"IC_BLOCK_ARCHETYPE","floor":50,"turns":7},{"damage":18,"enemies":"downfall:CharBossMerchant","floor":52,"turns":7},{"damage":38,"enemies":"downfall:NeowBoss","floor":55,"turns":14},{"damage":0,"enemies":"downfall:NeowBossFinal","floor":56,"turns":11}],"seed_played":"5301112834314323572","potions_obtained":[{"floor":0,"key":"SneckoOil"},{"floor":0,"key":"Slimebound:ThreeZeroPotion"},{"floor":0,"key":"GamblersBrew"},{"floor":5,"key":"Fire Potion"},{"floor":11,"key":"Swift Potion"},{"floor":16,"key":"bronze:FreeFunctionsPotion"},{"floor":22,"key":"sneckomod:MuddlingPotion"},{"floor":23,"key":"PowerPotion"},{"floor":31,"key":"LiquidMemories"},{"floor":33,"key":"EntropicBrew"}],"is_trial":false,"path_per_floor":["R","M","M","$","M","?","T","M","$","R","M","E","R","M","M","B",null,"R","M","M","M","M","E","T","$","?","T","R","$","M","E","M","B",null,"R","M","M","?","?","$","T","R","M","M","E","R","E","M","M","B",null,"E","$","R","B","B",null],"character_chosen":"THE_AUTOMATON","items_purchased":["ClockworkSouvenir","Guardian:PocketSentry","bronze:Repulsor","Bag of Preparation","bronze:ClassDefault"],"campfire_rested":1,"item_purchase_floors":[9,25,40,53,53],"current_hp_per_floor":[70,69,68,68,57,57,57,56,51,51,51,47,47,45,42,19,70,70,52,46,42,42,22,22,22,22,22,43,36,38,40,42,29,70,80,80,77,77,77,77,77,77,77,69,73,73,77,72,69,36,80,62,77,77,44,50],"gold":15,"neow_bonus":"THREE_SMALL_POTIONS","is_daily":false,"chose_seed":false,"campfire_upgraded":7,"win_rate":0.0,"timestamp":1611160766,"path_taken":["R","M","M","?","?","?","T","M","$","R","M","E","R","M","M","BOSS","R","M","?","M","M","E","T","$","?","?","R","$","M","E","M","BOSS","R","M","M","?","?","$","T","R","M","M","E","R","E","M","M","BOSS","E","$","R","BOSS","BOSS"],"items_purchased_type":["Relic","Relic","Card","Relic","Card"],"build_version":"2020-12-22","purchased_purges":3,"victory":true,"max_hp_per_floor":[70,70,70,70,70,70,70,70,70,70,70,70,70,70,70,70,70,70,70,70,70,70,70,70,70,70,70,70,70,70,70,70,70,70,80,80,80,80,80,80,80,80,80,80,80,80,80,80,80,80,80,80,80,80,80,80],"card_choices":[{"not_picked":["bronze:Overheat","bronze:OilSpill"],"picked":"bronze:Iterate","floor":2},{"not_picked":["bronze:OilSpill","bronze:BugBarrage"],"picked":"bronze:CutThrough","floor":3},{"not_picked":["bronze:NullPointer","bronze:WildBeam","bronze:DigitalCarnage"],"picked":"SKIP","floor":4},{"not_picked":["bronze:Iterate","bronze:Backtrace"],"picked":"bronze:Overload","floor":5},{"not_picked":["bronze:DarkDash","bronze:FineTuning"],"picked":"bronze:Deprecate","floor":8},{"not_picked":["bronze:WildBeam","bronze:Deprecate","bronze:Repulsor"],"picked":"SKIP","floor":9},{"not_picked":["bronze:Overload","bronze:NullPointer","bronze:DigitalCarnage"],"picked":"SKIP","floor":11},{"not_picked":["bronze:Shield","bronze:DelayedGuard"],"picked":"bronze:CloningBeam","floor":12},{"not_picked":["bronze:Shield","bronze:Turbo"],"picked":"bronze:Branch","floor":14},{"not_picked":["bronze:Backtrace","bronze:CloningBeam"],"picked":"bronze:ChosenStrike","floor":15},{"not_picked":["bronze:Boost","bronze:DelayedSlice"],"picked":"bronze:Shell","floor":19},{"not_picked":["bronze:Fortify","bronze:Iterate","bronze:OilSpill+1"],"picked":"SKIP","floor":20},{"not_picked":["bronze:WhirlingStrike","bronze:SpaghettiCode","bronze:DigitalCarnage"],"picked":"SKIP","floor":21},{"not_picked":["bronze:WhirlingStrike","bronze:DigitalCarnage"],"picked":"bronze:SpaghettiCode","floor":21},{"not_picked":["bronze:Repulsor","bronze:CutThrough+1","bronze:Flail"],"picked":"SKIP","floor":22},{"not_picked":["bronze:Deprecate","bronze:Branch","bronze:CutThrough"],"picked":"SKIP","floor":23},{"not_picked":["bronze:Allocate","bronze:BitShift+1"],"picked":"bronze:HardenedForm","floor":25},{"not_picked":["bronze:Mutator","bronze:Iterate","bronze:WildBeam"],"picked":"SKIP","floor":29},{"not_picked":["bronze:Deprecate","bronze:Branch","bronze:BuggyMess"],"picked":"SKIP","floor":30},{"not_picked":["bronze:Shield","bronze:Deprecate"],"picked":"bronze:CutThrough","floor":31},{"not_picked":["bronze:Deprecate","bronze:Break"],"picked":"bronze:FollowUp","floor":32},{"not_picked":["bronze:Mutator","bronze:SpaghettiCode"],"picked":"bronze:Assembly","floor":33},{"not_picked":["bronze:Shell+1","bronze:BugBarrage+1"],"picked":"bronze:Frontload+1","floor":36},{"not_picked":["bronze:BitShift","bronze:FineTuning"],"picked":"bronze:Invalidate+1","floor":37},{"not_picked":["bronze:Fortify","bronze:DarkDash+1","bronze:NullPointer"],"picked":"SKIP","floor":43},{"not_picked":["bronze:MaxOutput","bronze:WildBeam"],"picked":"bronze:FineTuning","floor":44},{"not_picked":["bronze:Overheat","bronze:OilSpill+1","bronze:Branch+1"],"picked":"SKIP","floor":45},{"not_picked":["bronze:OilSpill","bronze:CutThrough","bronze:WildBeam+1"],"picked":"SKIP","floor":47},{"not_picked":["bronze:Repair+1","bronze:Safeguard+1"],"picked":"bronze:DelayedSlice","floor":48},{"not_picked":["bronze:Repulsor+1","bronze:BuggyMess+1","bronze:Safeguard"],"picked":"SKIP","floor":49},{"not_picked":["bronze:RecursiveStrike","bronze:Backtrace"],"picked":"bronze:Shield+1","floor":52}],"player_experience":2742768,"relics_obtained":[{"floor":7,"key":"Shuriken"},{"floor":12,"key":"Bird Faced Urn"},{"floor":23,"key":"sneckomod:BlankCard"},{"floor":27,"key":"War Paint"},{"floor":31,"key":"Slimebound:PreparedRelic"},{"floor":41,"key":"MealTicket"},{"floor":45,"key":"Akabeko"},{"floor":47,"key":"Oddly Smooth Stone"},{"floor":52,"key":"Anchor"}],"event_choices":[{"damage_healed":0,"gold_gain":100,"player_choice":"Gold","damage_taken":0,"max_hp_gain":0,"max_hp_loss":0,"event_name":"Wheel of Change","floor":6,"gold_loss":0},{"damage_healed":0,"gold_gain":0,"player_choice":"Ignored","damage_taken":0,"max_hp_gain":0,"max_hp_loss":0,"event_name":"Ghosts","floor":26,"gold_loss":0}],"is_beta":false,"boss_relics":[{"not_picked":["Snecko Eye","bronze:MakeshiftBattery"],"picked":"SlaversCollar"},{"not_picked":["Fusion Hammer","Black Star"],"picked":"Sozu"}],"items_purged_floors":[9,29,40],"is_endless":false,"potions_floor_spawned":[5,11,14,15,16,22,23,30,31,33,36,37,45,48,52],"ascension_level":0}}