{"host":"9h2uyw8lwpma4m74","time":1611172132,"event":{"mods":["BaseMod","Minty Spire (QoL Compilation)"],"gold_per_floor":[19,34,45,65,240,240,267,277,300,331,331,331,331,355,355,484,484,503,518,247,247,263,294,313,313,313,313,338,362,362,402,402,525,525,546,562,578,119,119,155,174,214,239,274,62,62,76,119,119,119,119,119,47,82,82,82],"floor_reached":55,"language":"JPN","playtime":9225,"items_purged":["Strike_P","Strike_P","Writhe"],"score":1605,"play_id":"109a71b7-b73c-42bd-b906-e888b21fd6d5","local_time":"20210121044852","is_ascension_mode":true,"campfire_choices":[{"data":"Vault","floor":6.0,"key":"SMITH"},{"floor":11.0,"key":"REST"},{"data":"WheelKick","floor":15.0,"key":"SMITH"},{"floor":25.0,"key":"RECALL"},{"floor":32.0,"key":"REST"},{"floor":49.0,"key":"REST"},{"floor":52.0,"key":"REST"}],"circlet_count":0,"master_deck":["Strike_P","Defend_P+1","Defend_P","Defend_P+1","Defend_P","Eruption","Vigilance+1","WheelKick+1","CutThroughFate","Vault+1","Tantrum","Protect","Protect","LessonLearned","BowlingBash","DevaForm+1","ClearTheMind+1","Ghostly","Ghostly","Ghostly","Ghostly","Ghostly+1","BowlingBash","BowlingBash+1","Scrawl","ClearTheMind+1","Wireheading","Ragnarok","Wish","Scrawl","CutThroughFate+1"],"relics":["PureWater","FossilizedHelix","Orichalcum","Pen Nib","Ancient Tea Set","Golden Idol","Fusion Hammer","Nunchaku","Meat on the Bone","Akabeko","InkBottle","Velvet Choker","Membership Card","Thread and Needle","Pantograph","MealTicket","Dream Catcher","Bag of Preparation","StoneCalendar","Yang","Damaru","Blood Vial"],"acts_visited":["Exordium","TheCity","TheBeyond","TheEnding"],"potions_floor_usage":[],"damage_taken":[{"damage":0.0,"enemies":"Small Slimes","floor":1.0,"turns":3.0},{"damage":0.0,"enemies":"Jaw Worm","floor":2.0,"turns":2.0},{"damage":0.0,"enemies":"2 Louse","floor":3.0,"turns":2.0},{"damage":0.0,"enemies":"Blue Slaver","floor":4.0,"turns":4.0},{"damage":0.0,"enemies":"Gremlin Nob","floor":7.0,"turns":4.0},{"damage":0.0,"enemies":"Looter","floor":8.0,"turns":3.0},{"damage":22.0,"enemies":"3 Sentries","floor":10.0,"turns":7.0},{"damage":0.0,"enemies":"Gremlin Gang","floor":14.0,"turns":4.0},{"damage":0.0,"enemies":"Slime Boss","floor":16.0,"turns":5.0},{"damage":0.0,"enemies":"Shell Parasite","floor":18.0,"turns":3.0},{"damage":0.0,"enemies":"Chosen","floor":19.0,"turns":3.0},{"damage":0.0,"enemies":"Centurion and Healer","floor":22.0,"turns":5.0},{"damage":0.0,"enemies":"Book of Stabbing","floor":23.0,"turns":6.0},{"damage":0.0,"enemies":"3 Cultists","floor":24.0,"turns":7.0},{"damage":0.0,"enemies":"Shelled Parasite and Fungi","floor":28.0,"turns":4.0},{"damage":0.0,"enemies":"Snake Plant","floor":29.0,"turns":4.0},{"damage":0.0,"enemies":"Slavers","floor":31.0,"turns":7.0},{"damage":0.0,"enemies":"Champ","floor":33.0,"turns":7.0},{"damage":0.0,"enemies":"3 Shapes","floor":35.0,"turns":6.0},{"damage":0.0,"enemies":"3 Darklings","floor":36.0,"turns":6.0},{"damage":0.0,"enemies":"Spire Growth","floor":37.0,"turns":5.0},{"damage":0.0,"enemies":"Giant Head","floor":40.0,"turns":7.0},{"damage":0.0,"enemies":"Writhing Mass","floor":41.0,"turns":7.0},{"damage":0.0,"enemies":"Nemesis","floor":42.0,"turns":6.0},{"damage":0.0,"enemies":"Reptomancer","floor":44.0,"turns":3.0},{"damage":0.0,"enemies":"Maw","floor":47.0,"turns":6.0},{"damage":0.0,"enemies":"Giant Head","floor":48.0,"turns":8.0},{"damage":0.0,"enemies":"Awakened One","floor":50.0,"turns":11.0},{"damage":0.0,"enemies":"Shield and Spear","floor":54.0,"turns":6.0},{"damage":40,"enemies":"The Heart","floor":55,"turns":7}],"seed_played":"-2588363592872015528","potions_obtained":[{"floor":4.0,"key":"BottledMiracle"},{"floor":7.0,"key":"SteroidPotion"},{"floor":14.0,"key":"Block Potion"},{"floor":16.0,"key":"SneckoOil"},{"floor":22.0,"key":"BottledMiracle"},{"floor":29.0,"key":"Fire Potion"},{"floor":31.0,"key":"CultistPotion"},{"floor":40.0,"key":"ColorlessPotion"},{"floor":41.0,"key":"SteroidPotion"},{"floor":47.0,"key":"EssenceOfSteel"}],"is_trial":false,"path_per_floor":["M","M","M","M","?","R","E","M","T","E","R","?","?","M","R","B",null,"M","M","$","?","M","E","M","R","T","?","M","M","?","E","R","B",null,"M","M","M","$","T","E","M","E","T","E","$","?","M","E","R","B",null,"R","$","E","B"],"character_chosen":"WATCHER","items_purchased":["DevaForm","ClearTheMind","Wireheading","Membership Card","Thread and Needle","Ragnarok","StoneCalendar","Damaru"],"campfire_rested":4,"item_purchase_floors":[20,20,38,38,38,38,45,53],"current_hp_per_floor":[72,72,72,72,72,72,72,72,72,50,71,64,46,46,46,46,72,72,72,72,36,36,36,36,36,36,36,36,36,36,36,36,36,36,36,36,36,36,36,36,36,36,36,36,36,36,36,36,36,36,36,36,36,36,0,0],"gold":82,"neow_bonus":"ONE_RARE_RELIC","is_daily":false,"chose_seed":false,"campfire_upgraded":2,"win_rate":0.0,"timestamp":1611172132,"path_taken":["M","M","M","M","?","R","E","M","T","E","R","?","?","M","R","BOSS","M","M","$","?","M","E","M","R","T","?","M","M","?","E","R","BOSS","M","?","M","$","?","E","?","E","T","E","?","?","M","E","R","BOSS","R","$","E","BOSS"],"items_purchased_type":["Card","Card","Card","Relic","Relic","Card","Relic","Relic"],"build_version":"2020-12-22","purchased_purges":3,"victory":false,"max_hp_per_floor":[72,72,72,72,72,72,72,72,72,72,72,72,72,72,72,72,72,72,72,72,36,36,36,36,36,36,36,36,36,36,36,36,36,36,36,36,36,36,36,36,36,36,36,36,36,36,36,36,36,36,36,36,36,36,36,36],"card_choices":[{"not_picked":["EmptyFist","PathToVictory"],"picked":"WheelKick","floor":1.0},{"not_picked":["Nirvana","Halt"],"picked":"CutThroughFate","floor":2.0},{"not_picked":["Indignation","Collect","CarveReality"],"picked":"SKIP","floor":3.0},{"not_picked":["CarveReality","CrushJoints"],"picked":"Vault","floor":4.0},{"not_picked":["SignatureMove","Swivel"],"picked":"Tantrum","floor":7.0},{"not_picked":["Meditate","ForeignInfluence"],"picked":"Protect","floor":8.0},{"not_picked":["FollowUp","Halt","Indignation"],"picked":"SKIP","floor":10.0},{"not_picked":["Evaluate","PathToVictory"],"picked":"Protect","floor":14.0},{"not_picked":["DeusExMachina","Devotion"],"picked":"LessonLearned","floor":16.0},{"not_picked":["Weave","Indignation","Evaluate"],"picked":"SKIP","floor":18.0},{"not_picked":["Protect+1","ReachHeaven"],"picked":"BowlingBash","floor":19.0},{"not_picked":["ThirdEye","CrushJoints"],"picked":"BowlingBash","floor":22.0},{"not_picked":["ReachHeaven","SignatureMove","WaveOfTheHand+1"],"picked":"SKIP","floor":23.0},{"not_picked":["Worship+1","Halt"],"picked":"BowlingBash+1","floor":24.0},{"not_picked":["Prostrate+1","SashWhip","FlyingSleeves"],"picked":"SKIP","floor":28.0},{"not_picked":["BowlingBash","SandsOfTime","InnerPeace+1"],"picked":"SKIP","floor":29.0},{"not_picked":["Collect+1","Prostrate+1","EmptyMind"],"picked":"SKIP","floor":31.0},{"not_picked":["Establishment","Brilliance"],"picked":"Scrawl","floor":33.0},{"not_picked":["ClearTheMind","DeceiveReality","Sanctity"],"picked":"SKIP","floor":35.0},{"not_picked":["PathToVictory","Collect+1","Swivel+1"],"picked":"SKIP","floor":36.0},{"not_picked":["FollowUp+1","SashWhip+1"],"picked":"ClearTheMind+1","floor":37.0},{"not_picked":["FlyingSleeves+1","FlurryOfBlows"],"picked":"Wish","floor":40.0},{"not_picked":["ThirdEye+1","EmptyBody+1","EmptyFist+1"],"picked":"SKIP","floor":41.0},{"not_picked":["Collect","ClearTheMind+1"],"picked":"Scrawl","floor":42.0},{"not_picked":["PathToVictory+1","Evaluate","Consecrate+1"],"picked":"SKIP","floor":44.0},{"not_picked":["SandsOfTime","Study+1","Perseverance+1"],"picked":"SKIP","floor":47.0},{"not_picked":["WindmillStrike+1","FollowUp"],"picked":"CutThroughFate+1","floor":48.0},{"not_picked":["Indignation+1","Evaluate","FollowUp"],"picked":"SKIP","floor":54.0}],"player_experience":205406,"relics_obtained":[{"floor":7.0,"key":"Orichalcum"},{"floor":9.0,"key":"Pen Nib"},{"floor":10.0,"key":"Ancient Tea Set"},{"floor":23.0,"key":"Nunchaku"},{"floor":26.0,"key":"Meat on the Bone"},{"floor":31.0,"key":"InkBottle"},{"floor":40.0,"key":"Pantograph"},{"floor":42.0,"key":"MealTicket"},{"floor":43.0,"key":"Dream Catcher"},{"floor":44.0,"key":"Bag of Preparation"},{"floor":48.0,"key":"Yang"},{"floor":54.0,"key":"Blood Vial"}],"event_choices":[{"damage_healed":0.0,"max_hp_gain":0.0,"max_hp_loss":0.0,"gold_gain":175.0,"event_name":"Liars Game","player_choice":"AGREE","floor":5.0,"gold_loss":0.0,"damage_taken":0.0,"cards_obtained":["Doubt"]},{"cards_removed":["Doubt"],"damage_healed":0.0,"max_hp_gain":0.0,"max_hp_loss":0.0,"gold_gain":0.0,"event_name":"Golden Wing","player_choice":"Card Removal","floor":12.0,"gold_loss":0.0,"damage_taken":7.0},{"damage_healed":0.0,"max_hp_gain":0.0,"max_hp_loss":0.0,"gold_gain":0.0,"event_name":"Golden Idol","player_choice":"Take Damage","floor":13.0,"gold_loss":0.0,"damage_taken":18.0,"relics_obtained":["Golden Idol"]},{"damage_healed":0.0,"max_hp_gain":0.0,"max_hp_loss":36.0,"gold_gain":0.0,"event_name":"Ghosts","player_choice":"Became a Ghost","floor":21.0,"gold_loss":0.0,"damage_taken":0.0,"cards_obtained":["Ghostly","Ghostly","Ghostly","Ghostly","Ghostly"]},{"damage_healed":0.0,"max_hp_gain":0.0,"max_hp_loss":0.0,"gold_gain":0.0,"event_name":"The Mausoleum","player_choice":"Opened","floor":27.0,"gold_loss":0.0,"damage_taken":0.0,"relics_obtained":["Akabeko"],"cards_obtained":["Writhe"]},{"damage_healed":0.0,"max_hp_gain":0.0,"max_hp_loss":0.0,"gold_gain":0.0,"event_name":"Accursed Blacksmith","player_choice":"Forge","floor":30.0,"gold_loss":0.0,"damage_taken":0.0,"cards_upgraded":["DevaForm"]},{"cards_removed":["Strike_P"],"damage_healed":0.0,"max_hp_gain":0.0,"max_hp_loss":0.0,"gold_gain":0.0,"event_name":"Wheel of Change","player_choice":"Card Removal","floor":46.0,"gold_loss":0.0,"damage_taken":0.0}],"is_beta":false,"boss_relics":[{"not_picked":["Sozu","Ectoplasm"],"picked":"Fusion Hammer"},{"not_picked":["Snecko Eye","Runic Dome"],"picked":"Velvet Choker"}],"items_purged_floors":[20,38,45],"is_endless":false,"potions_floor_spawned":[4,7,14,16,19,22,29,31,40,41,42,47],"killed_by":"The Heart","ascension_level":2}}