{"host":"94qggqh0xz0sp6ai","time":1611108105,"event":{"mods":["100% Spire Juice","Abigail Mod","Act Like it!","BaseMod","CapriCore","Downfall","Friendly Minions","Gensokyo","Hermit","Jorbs\u0027s Wanderer Trilogy","Koishi","Marisa（霧雨　魔理沙）","Minty Spire (QoL Compilation)","Permanent Neow","Reimu（博??梦）","StSLib","The Alterego","The Construct","The Cursed","The Hierophant","The Immortal","The Marked","The Servant 0.9.4","TheBandit","Waifu the Spire"],"gold_per_floor":[113,38,38,51,64,99,99,49,49,67,67,0,0,0,0,101,101,101,101,101,16,16,16,16,16,16,16,16,16,16],"floor_reached":29,"language":"ENG","playtime":650,"items_purged":["theMarked:Strike"],"score":254,"play_id":"1fa1cfb4-30fe-4041-8006-a9f115410f4e","local_time":"20210119200145","is_ascension_mode":true,"campfire_choices":[{"data":"theMarked:SoldierForm","floor":7,"key":"SMITH"},{"data":"theMarked:SoldierOfQuellstein","floor":11,"key":"SMITH"},{"data":"theMarked:ContemptForTheProud","floor":13,"key":"SMITH"},{"floor":15,"key":"REST"},{"data":"theMarked:Indomitable","floor":23,"key":"SMITH"},{"data":"theMarked:Panic","floor":25,"key":"SMITH"},{"data":"theMarked:Parkour","floor":27,"key":"SMITH"}],"circlet_count":0,"master_deck":["theMarked:Strike","theMarked:Strike","theMarked:Defend","theMarked:Defend","theMarked:Defend","theMarked:Defend","theMarked:SoldierOfQuellstein+1","Swift Strike","theMarked:ContemptForTheProud+1","theMarked:Polarize","theMarked:SoldierForm+1","theMarked:RepellingDischarge","theMarked:Parkour+1","theMarked:EnhanceMovement","theMarked:SuspiciousRaven","theMarked:Indomitable+1","theMarked:TwofoldDefense","theMarked:Panic+1","theMarked:TwofoldDefense+1"],"relics":["theMarked:ArtifactOfAir","Omamori","Kunai","Bottled Flame","Ectoplasm","Orichalcum","Ancient Tea Set"],"acts_visited":["Exordium","TheCity"],"potions_floor_usage":[5,10,29,29],"damage_taken":[{"damage":1,"enemies":"Cultist","floor":1,"turns":3},{"damage":0,"enemies":"2 Louse","floor":4,"turns":2},{"damage":2,"enemies":"Jaw Worm","floor":5,"turns":2},{"damage":20,"enemies":"3 Sentries","floor":6,"turns":6},{"damage":22,"enemies":"Exordium Thugs","floor":10,"turns":5},{"damage":30,"enemies":"The Guardian","floor":16,"turns":9},{"damage":0,"enemies":"Spheric Guardian","floor":18,"turns":2},{"damage":2,"enemies":"3 Byrds","floor":19,"turns":4},{"damage":21,"enemies":"Snake Plant","floor":24,"turns":5},{"damage":25,"enemies":"Shelled Parasite and Fungi","floor":28,"turns":4},{"damage":32,"enemies":"Book of Stabbing","floor":29,"turns":3}],"seed_played":"4361913057171956424","potions_obtained":[{"floor":1,"key":"theMarked:SummonPotion"},{"floor":5,"key":"Fruit Juice"},{"floor":10,"key":"champ:CounterPotion"},{"floor":16,"key":"sneckomod:MuddlingPotion"},{"floor":24,"key":"Energy Potion"}],"is_trial":false,"path_per_floor":["M","$","?","M","M","E","R","?","T","M","R","$","R","T","R","B",null,"M","M","$","?","?","R","M","R","T","R","M","E"],"character_chosen":"THE_DEFAULT","items_purchased":["theMarked:EnhanceMovement"],"campfire_rested":1,"item_purchase_floors":[12],"current_hp_per_floor":[69,69,62,62,65,45,45,45,45,23,23,23,23,23,45,15,75,75,73,73,73,73,73,52,52,52,52,27,0,0],"gold":16,"neow_bonus":"RANDOM_COLORLESS","is_daily":false,"chose_seed":false,"campfire_upgraded":6,"win_rate":0.0,"timestamp":1611108105,"path_taken":["M","$","?","M","M","E","R","?","T","M","R","$","R","?","R","BOSS","M","M","$","?","?","R","M","R","T","R","?","E"],"items_purchased_type":["Card"],"build_version":"2020-12-22","purchased_purges":1,"victory":false,"max_hp_per_floor":[70,70,70,70,75,75,75,75,75,75,75,75,75,75,75,75,75,75,75,75,75,75,75,75,75,75,75,75,75,75],"card_choices":[{"not_picked":["Dramatic Entrance","Impatience"],"picked":"Swift Strike","floor":0},{"not_picked":["theMarked:BanishingStrike","theMarked:Static"],"picked":"theMarked:ContemptForTheProud","floor":1},{"not_picked":["theMarked:BanishingStrike","theMarked:WastefulAttack"],"picked":"theMarked:Polarize","floor":4},{"not_picked":["theMarked:EmpowerWeapon","theMarked:Electrocute"],"picked":"theMarked:SoldierForm","floor":5},{"not_picked":["theMarked:BanishingStrike","theMarked:Frustration"],"picked":"theMarked:RepellingDischarge","floor":6},{"not_picked":["theMarked:SwordAndMagic","theMarked:TwofoldDefense"],"picked":"theMarked:Parkour","floor":10},{"not_picked":["theMarked:SoldierForm","theMarked:Snap"],"picked":"theMarked:SuspiciousRaven","floor":16},{"not_picked":["theMarked:HeightenedSenses","theMarked:WardOff+1"],"picked":"theMarked:Indomitable","floor":18},{"not_picked":["theMarked:Static+1","theMarked:BanishingStrike+1"],"picked":"theMarked:TwofoldDefense","floor":19},{"not_picked":["theMarked:RepellingDischarge","theMarked:EmpowerWeapon"],"picked":"theMarked:Panic","floor":24},{"not_picked":["theMarked:Overcharge","theMarked:SwordAndMagic"],"picked":"theMarked:TwofoldDefense+1","floor":28}],"player_experience":1403149,"relics_obtained":[{"floor":6,"key":"Omamori"},{"floor":9,"key":"Kunai"},{"floor":14,"key":"Bottled Flame"},{"floor":26,"key":"Ancient Tea Set"}],"event_choices":[{"cards_removed":["theMarked:Strike"],"damage_healed":0,"gold_gain":0,"player_choice":"Card Removal","damage_taken":7,"max_hp_gain":0,"max_hp_loss":0,"event_name":"Golden Wing","floor":3,"gold_loss":0},{"cards_removed":["theMarked:Strike"],"damage_healed":0,"gold_gain":0,"player_choice":"Card Removal","damage_taken":0,"max_hp_gain":0,"max_hp_loss":0,"event_name":"The Cleric","floor":8,"gold_loss":50},{"damage_healed":0,"gold_gain":0,"player_choice":"Obtained Relic","damage_taken":0,"relics_obtained":["Orichalcum"],"max_hp_gain":0,"max_hp_loss":0,"event_name":"Addict","floor":21,"gold_loss":85},{"damage_healed":0,"gold_gain":0,"player_choice":"Ignored","damage_taken":0,"max_hp_gain":0,"max_hp_loss":0,"event_name":"N\u0027loth","floor":22,"gold_loss":0}],"is_beta":false,"boss_relics":[{"not_picked":["Snecko Eye","Velvet Choker"],"picked":"Ectoplasm"}],"items_purged_floors":[2],"is_endless":false,"potions_floor_spawned":[1,5,10,16,24],"killed_by":"Book of Stabbing","ascension_level":3}}