{"host":"ao4lxi9bhtts409i","time":1611136663,"event":{"mods":["AchievementEnabler","BaseMod","Colored Map","Colored Powertips","Minty Spire (QoL Compilation)","SuperFastMode"],"gold_per_floor":[110,123,123,141,66,96,46,46,46,66,98,98,109,137,137,238,238,256,271,271,101,121,121,140,160,234,234,234],"floor_reached":27,"language":"ENG","playtime":1231,"items_purged":["Strike_P","Strike_P"],"score":259,"play_id":"9c6eadd9-ff5c-4c2e-866f-df6844d09615","local_time":"20210120105743","is_ascension_mode":true,"campfire_choices":[{"data":"Consecrate","floor":8,"key":"SMITH"},{"floor":12,"key":"REST"},{"data":"Tantrum","floor":15,"key":"SMITH"},{"data":"Study","floor":23,"key":"SMITH"}],"circlet_count":0,"master_deck":["Defend_P","Defend_P","Defend_P","Defend_P","Eruption+1","Vigilance","Crescendo","Consecrate+1","ClearTheMind","PathToVictory","Tantrum+1","Conclude","LikeWater","ConjureBlade","ClearTheMind","Pray","Study+1","EmptyFist+1","Indignation+1","FlurryOfBlows"],"relics":["PureWater","NeowsBlessing","StoneCalendar","Dead Branch","Ginger","Damaru","Sozu","Mummified Hand"],"acts_visited":["Exordium","TheCity"],"potions_floor_usage":[11,14,14,16],"damage_taken":[{"damage":0,"enemies":"Jaw Worm","floor":1,"turns":1},{"damage":0,"enemies":"Cultist","floor":2,"turns":1},{"damage":0,"enemies":"2 Louse","floor":4,"turns":1},{"damage":31,"enemies":"Gremlin Nob","floor":6,"turns":4},{"damage":0,"enemies":"Blue Slaver","floor":10,"turns":4},{"damage":10,"enemies":"Lagavulin","floor":11,"turns":4},{"damage":4,"enemies":"Exordium Thugs","floor":13,"turns":2},{"damage":1,"enemies":"3 Sentries","floor":14,"turns":2},{"damage":38,"enemies":"The Guardian","floor":16,"turns":6},{"damage":9,"enemies":"Spheric Guardian","floor":18,"turns":4},{"damage":11,"enemies":"2 Thieves","floor":19,"turns":3},{"damage":6,"enemies":"Shelled Parasite and Fungi","floor":22,"turns":3},{"damage":23,"enemies":"Centurion and Healer","floor":24,"turns":4},{"damage":6,"enemies":"Sentry and Sphere","floor":25,"turns":3},{"damage":24,"enemies":"Slavers","floor":27,"turns":1}],"seed_played":"-4380409392966202653","potions_obtained":[{"floor":6,"key":"SpeedPotion"},{"floor":10,"key":"Block Potion"},{"floor":11,"key":"GamblersBrew"},{"floor":13,"key":"Dexterity Potion"}],"is_trial":false,"path_per_floor":["M","M","?","M","$","E","?","R","T","M","E","R","M","E","R","B",null,"M","M","?","$","M","R","M","M","T","E"],"character_chosen":"WATCHER","items_purchased":["Study"],"campfire_rested":1,"item_purchase_floors":[21],"current_hp_per_floor":[72,72,72,72,72,41,41,41,41,41,31,52,48,47,47,9,72,63,52,52,52,46,46,23,17,17,0,0],"gold":234,"neow_bonus":"THREE_ENEMY_KILL","is_daily":false,"chose_seed":false,"campfire_upgraded":3,"win_rate":0.0,"timestamp":1611136663,"path_taken":["M","M","?","?","$","E","?","R","T","M","E","R","M","E","R","BOSS","M","M","?","?","?","R","M","M","T","E"],"items_purchased_type":["Card"],"build_version":"2020-12-22","purchased_purges":2,"victory":false,"max_hp_per_floor":[72,72,72,72,72,72,72,72,72,72,72,72,72,72,72,72,72,72,72,72,72,72,72,72,72,72,72,72],"card_choices":[{"not_picked":["Halt","Evaluate"],"picked":"Crescendo","floor":1},{"not_picked":["CrushJoints","BowlingBash"],"picked":"Consecrate","floor":2},{"not_picked":["Pray","Crescendo"],"picked":"ClearTheMind","floor":4},{"not_picked":["Omniscience","SignatureMove"],"picked":"PathToVictory","floor":6},{"not_picked":["BowlingBash","ThirdEye","CrushJoints"],"picked":"SKIP","floor":10},{"not_picked":["DeusExMachina","Crescendo"],"picked":"Tantrum","floor":11},{"not_picked":["SashWhip","FlyingSleeves"],"picked":"Conclude","floor":13},{"not_picked":["Vengeance","Evaluate"],"picked":"LikeWater","floor":14},{"not_picked":["Alpha","Wish"],"picked":"ConjureBlade","floor":16},{"not_picked":["WaveOfTheHand","FearNoEvil+1"],"picked":"ClearTheMind","floor":18},{"not_picked":["EmptyMind","Protect+1"],"picked":"Pray","floor":19},{"not_picked":["FlyingSleeves","CrushJoints"],"picked":"EmptyFist+1","floor":22},{"not_picked":["Halt","SashWhip"],"picked":"Indignation+1","floor":24},{"not_picked":["BowlingBash","WheelKick"],"picked":"FlurryOfBlows","floor":25}],"player_experience":215866,"relics_obtained":[{"floor":6,"key":"StoneCalendar"},{"floor":9,"key":"Dead Branch"},{"floor":11,"key":"Ginger"},{"floor":14,"key":"Damaru"},{"floor":26,"key":"Mummified Hand"}],"event_choices":[{"damage_healed":0,"gold_gain":0,"player_choice":"Upgraded","damage_taken":0,"max_hp_gain":0,"max_hp_loss":0,"event_name":"Upgrade Shrine","floor":3,"gold_loss":0,"cards_upgraded":["Eruption"]},{"cards_removed":["Strike_P"],"damage_healed":0,"gold_gain":0,"player_choice":"Card Removal","damage_taken":0,"max_hp_gain":0,"max_hp_loss":0,"event_name":"The Cleric","floor":7,"gold_loss":50},{"cards_removed":["Strike_P"],"damage_healed":0,"gold_gain":0,"player_choice":"Card Removal","damage_taken":0,"max_hp_gain":0,"max_hp_loss":0,"event_name":"Wheel of Change","floor":20,"gold_loss":0}],"is_beta":false,"boss_relics":[{"not_picked":["Pandora\u0027s Box","Astrolabe"],"picked":"Sozu"}],"items_purged_floors":[5,21],"is_endless":false,"potions_floor_spawned":[6,10,11,13,19,24],"killed_by":"Slavers","ascension_level":2}}