{"host":"51mqhfpmwwd4kxyt","time":1611125442,"event":{"mods":["BaseMod","Downfall","Hermit","Highlight Path","Minty Spire (QoL Compilation)","READ ME - Guardian Mod","Remilia??????","StSLib","The Animator","The Bug Knight","The Cursed","The Jungle","The Servant 0.9.4"],"gold_per_floor":[119,131,306,319,319,319,336,47,72,72,102,102,84,84,84,189,189,219,219,240,262,262,262],"floor_reached":22,"language":"ENG","playtime":2491,"items_purged":["downfall:Aged"],"score":276,"play_id":"b6fb9330-e407-47cb-8190-d4cba3efa742","local_time":"20210120015042","is_ascension_mode":false,"campfire_choices":[{"data":"animator:Saitama","floor":6,"key":"SMITH"},{"data":"animator:Lelouch","floor":12,"key":"SMITH"},{"data":"animator:EmiyaShirou","floor":15,"key":"SMITH"}],"circlet_count":0,"master_deck":["animator:Kazuma","animator:Aqua","animator:Togame","animator:Cocytus","Doubt","animator:Sebas","downfall:Haunted","Shame","Decay","Writhe","animator:Saitama+1","animator:Evileye","animator:Darkness","animator:Lelouch+1","animator:Curse_GriefSeed","animator:HinaKagiyama","animator:Curse_Dizziness","animator:EmiyaShirou+1","animator:Megumin+2","animator:Curse_GriefSeed","animator:Darkness","animator:Vanir","animator:Chris","animator:Ainz","animator:Archer","animator:Evileye","animator:WinryRockbell","animator:ElricEdward","animator:PandorasActor","animator:Saber"],"relics":["animator:LivingPicture","animator:TheMissingPiece","NeowsBlessing","Cursed Key","ScarletDevilRocket","Strawberry","Pandora\u0027s Box","Philosopher\u0027s Stone"],"acts_visited":["Exordium","TheCity"],"potions_floor_usage":[16,20,22,22,22],"damage_taken":[{"damage":0,"enemies":"Jaw Worm","floor":1,"turns":1},{"damage":0,"enemies":"Small Slimes","floor":2,"turns":1},{"damage":0,"enemies":"2 Louse","floor":4,"turns":1},{"damage":9,"enemies":"Blue Slaver","floor":7,"turns":5},{"damage":6,"enemies":"Red Slaver","floor":11,"turns":7},{"damage":5,"enemies":"Looter","floor":13,"turns":5},{"damage":18,"enemies":"Hexaghost","floor":16,"turns":11},{"damage":23,"enemies":"Shell Parasite","floor":18,"turns":8},{"damage":29,"enemies":"3 Cultists","floor":20,"turns":6},{"damage":5,"enemies":"Snake Plant","floor":21,"turns":4},{"damage":9,"enemies":"Centurion and Healer","floor":22,"turns":2}],"seed_played":"2229482804095178756","potions_obtained":[{"floor":2,"key":"Weak Potion"},{"floor":7,"key":"Explosive Potion"},{"floor":11,"key":"Strength Potion"},{"floor":18,"key":"sneckomod:MuddlingPotion"},{"floor":21,"key":"PowerPotion"}],"is_trial":false,"path_per_floor":["M","M","?","M","?","R","M","$","T","?","M","R","M","T","R","B",null,"M","?","M","M","M"],"character_chosen":"THE_ANIMATOR","items_purchased":["animator:Darkness","animator:Lelouch"],"campfire_rested":0,"item_purchase_floors":[8,8],"current_hp_per_floor":[66,66,66,66,66,66,57,57,57,57,53,53,50,57,57,41,73,33,33,6,4,0,0],"gold":262,"neow_bonus":"THREE_ENEMY_KILL","is_daily":false,"chose_seed":false,"campfire_upgraded":3,"win_rate":0.0,"timestamp":1611125442,"path_taken":["M","M","?","M","?","R","M","?","T","?","?","R","M","?","R","BOSS","M","?","M","M","?"],"items_purchased_type":["Card","Card"],"build_version":"2020-12-22","purchased_purges":1,"victory":false,"max_hp_per_floor":[66,66,66,66,66,66,66,66,66,66,66,66,66,73,73,73,73,36,36,36,37,37,37],"card_choices":[{"not_picked":["animator:PandorasActor","animator:SilverFang"],"picked":"animator:Togame","floor":1},{"not_picked":["animator:ShinjiMatou","animator:Alexander"],"picked":"animator:Cocytus","floor":2},{"not_picked":["animator:PandorasActor","animator:Witch"],"picked":"animator:Sebas","floor":4},{"not_picked":["animator:Demiurge","animator:Cocytus"],"picked":"animator:Evileye","floor":7},{"not_picked":["animator:Aqua","animator:ShinjiMatou"],"picked":"animator:EmiyaShirou","floor":11},{"not_picked":["animator:Tatsumaki","animator:Emonzaemon"],"picked":"animator:Megumin","floor":13},{"not_picked":["animator:Gilgamesh","animator:Hans"],"picked":"animator:Father","floor":16},{"not_picked":["animator:Archer","animator:Alexander"],"picked":"animator:ElricEdward","floor":18},{"not_picked":["animator:NarberalGamma","animator:Sebas"],"picked":"animator:PandorasActor","floor":20},{"not_picked":["animator:Demiurge","animator:GuildGirl"],"picked":"animator:Saber","floor":21}],"player_experience":407687,"relics_obtained":[{"floor":9,"key":"ScarletDevilRocket"},{"floor":14,"key":"Strawberry"}],"event_choices":[{"damage_healed":0,"gold_gain":175,"player_choice":"AGREE","damage_taken":0,"max_hp_gain":0,"max_hp_loss":0,"event_name":"Liars Game","floor":3,"gold_loss":0,"cards_obtained":["Doubt"]},{"cards_removed":["animator:ZankiKiguchi"],"damage_healed":0,"gold_gain":0,"player_choice":"Purged","damage_taken":0,"max_hp_gain":0,"max_hp_loss":0,"event_name":"Purifier","floor":19,"gold_loss":0}],"is_beta":false,"boss_relics":[{"not_picked":["SacredBark","Busted Crown"],"picked":"Pandora\u0027s Box"}],"items_purged_floors":[8],"is_endless":false,"potions_floor_spawned":[2,7,11,18,21],"killed_by":"Centurion and Healer","ascension_level":0}}