{"host":"1c7jotkkc04esl4v","time":1611144462,"event":{"mods":["BaseMod","Downfall","Minty Spire (QoL Compilation)","StSLib","The Alterego"],"gold_per_floor":[100,118,118,130,144,207,207,241,241,241,255,287,318,346,356,462,462,462,491,512,168,187,200,200,300,320,320,340,340,349,391,419,526,526,526,538,85,108,108,108,108,132,143,199,233,260,294,336,36,36,36,72,33,33,33,33],"floor_reached":57,"language":"ENG","playtime":5787,"items_purged":["alterego_mod:Strike"],"score":1710,"play_id":"b8e981c7-bbd6-4ad2-9d4a-779f1d6425fb","local_time":"20210120060742","is_ascension_mode":true,"campfire_choices":[{"data":"alterego_mod:Impale","floor":1.0,"key":"SMITH"},{"data":"alterego_mod:BrynhildrsRune","floor":9.0,"key":"SMITH"},{"data":"alterego_mod:BiFurious","floor":18.0,"key":"SMITH"},{"data":"alterego_mod:RocketPunch","floor":27.0,"key":"SMITH"},{"data":"alterego_mod:Undulate","floor":29.0,"key":"SMITH"},{"floor":35,"key":"RECALL"},{"data":"alterego_mod:ChallengeComplete","floor":49,"key":"SMITH"},{"data":"1","floor":54,"key":"LIFT"}],"circlet_count":0,"master_deck":["alterego_mod:Strike","alterego_mod:Strike","alterego_mod:Strike","alterego_mod:Defend","alterego_mod:Defend","alterego_mod:Defend","alterego_mod:Impale+1","alterego_mod:BrynhildrsRune+1","alterego_mod:Undulate+1","alterego_mod:Bounce","alterego_mod:Bounce","alterego_mod:BiFurious+1","alterego_mod:BeGentle+1","alterego_mod:RocketPunch+1","alterego_mod:Undulate+1","alterego_mod:STier+1","alterego_mod:Undulate+1","alterego_mod:Cooking+1","expansioncontent:QuickStudy+1","alterego_mod:BeGentle+1","alterego_mod:Schoolgirl+1","alterego_mod:Cushion+1","RitualDagger+1","alterego_mod:RidiculouslyBig+1","alterego_mod:Pet+1","alterego_mod:STier+1","alterego_mod:Undulate+1","alterego_mod:BeGentle+1","alterego_mod:Undulate+1","alterego_mod:Pet+1","alterego_mod:Bounce","alterego_mod:Bounce","alterego_mod:ChallengeComplete+1","alterego_mod:Valkyrie","Parasite","alterego_mod:ChallengeComplete","alterego_mod:Rake","alterego_mod:Rip"],"relics":["alterego_mod:MasochisticConstitution","Ginger","Toxic Egg 2","Vajra","Pen Nib","CeramicFish","Odd Mushroom","Coffee Dripper","Medical Kit","Ornamental Fan","Toy Ornithopter","Nunchaku","bronze:MakeshiftBattery","Thread and Needle","Ice Cream","Girya","HornCleat","The Courier","downfall:HeartBlessingRed","downfall:HeartBlessingGreen","downfall:HeartBlessingBlue","Blue Candle"],"acts_visited":["TheBeyond","TheEnding"],"potions_floor_usage":[37,37,46,48,50,55],"damage_taken":[{"damage":0.0,"enemies":"Cultist","floor":2.0,"turns":5.0},{"damage":5.0,"enemies":"2 Louse","floor":4.0,"turns":3.0},{"damage":0.0,"enemies":"Small Slimes","floor":5.0,"turns":5.0},{"damage":11.0,"enemies":"Gremlin Nob","floor":6.0,"turns":5.0},{"damage":16.0,"enemies":"3 Sentries","floor":8.0,"turns":10.0},{"damage":5.0,"enemies":"Gremlin Gang","floor":11.0,"turns":5.0},{"damage":9.0,"enemies":"Lagavulin","floor":12.0,"turns":9.0},{"damage":8.0,"enemies":"The Mushroom Lair","floor":13.0,"turns":5.0},{"damage":0.0,"enemies":"2 Fungi Beasts","floor":14.0,"turns":4.0},{"damage":0.0,"enemies":"Exordium Wildlife","floor":15.0,"turns":4.0},{"damage":0.0,"enemies":"WA_ARCHETYPE_RETAIN","floor":16.0,"turns":2.0},{"damage":1.0,"enemies":"Chosen","floor":19.0,"turns":6.0},{"damage":12.0,"enemies":"Snake Plant","floor":20.0,"turns":5.0},{"damage":0.0,"enemies":"downfall:FleeingMerchant","floor":21.0,"turns":5.0},{"damage":8.0,"enemies":"Sentry and Sphere","floor":22.0,"turns":5.0},{"damage":5.0,"enemies":"Chosen and Byrds","floor":23.0,"turns":10.0},{"damage":16.0,"enemies":"downfall:LadyInBlue","floor":25.0,"turns":14.0},{"damage":6.0,"enemies":"Centurion and Healer","floor":26.0,"turns":4.0},{"damage":0.0,"enemies":"Snake Plant","floor":28.0,"turns":5.0},{"damage":0.0,"enemies":"Slavers","floor":31.0,"turns":1.0},{"damage":4.0,"enemies":"Snecko","floor":32.0,"turns":6.0},{"damage":4.0,"enemies":"SI_MIRROR_ARCHETYPE","floor":33.0,"turns":17.0},{"damage":0,"enemies":"Orb Walker","floor":36,"turns":5},{"damage":0,"enemies":"downfall:FleeingMerchant","floor":37,"turns":8},{"damage":0,"enemies":"3 Darklings","floor":38,"turns":4},{"damage":0,"enemies":"Transient","floor":42,"turns":5},{"damage":1,"enemies":"4 Shapes","floor":43,"turns":3},{"damage":0,"enemies":"2 Orb Walkers","floor":44,"turns":5},{"damage":0,"enemies":"Giant Head","floor":45,"turns":12},{"damage":0,"enemies":"3 Darklings","floor":46,"turns":3},{"damage":0,"enemies":"Writhing Mass","floor":47,"turns":5},{"damage":0,"enemies":"Nemesis","floor":48,"turns":13},{"damage":0,"enemies":"IC_BLOCK_ARCHETYPE","floor":50,"turns":19},{"damage":0,"enemies":"downfall:CharBossMerchant","floor":52,"turns":14},{"damage":55,"enemies":"downfall:NeowBoss","floor":55,"turns":29},{"damage":0,"enemies":"downfall:NeowBossFinal","floor":56,"turns":27}],"seed_played":"7211345393773815936","potions_obtained":[{"floor":3.0,"key":"SteroidPotion"},{"floor":3.0,"key":"Weak Potion"},{"floor":3.0,"key":"sneckomod:MuddlingPotion"},{"floor":11.0,"key":"CultistPotion"},{"floor":12.0,"key":"FearPotion"},{"floor":23.0,"key":"SteroidPotion"},{"floor":25.0,"key":"LiquidMemories"},{"floor":25.0,"key":"Strength Potion"},{"floor":25.0,"key":"Regen Potion"},{"floor":26.0,"key":"ColorlessPotion"},{"floor":28.0,"key":"Fire Potion"},{"floor":43,"key":"FearPotion"},{"floor":45,"key":"Explosive Potion"},{"floor":47,"key":"SteroidPotion"},{"floor":48,"key":"SneckoOil"}],"is_trial":false,"path_per_floor":["R","M","?","M","M","?","T","E","R","?","M","E","?","M","M","B",null,"R","M","M","$","M","M","T","?","M","R","M","R","?","E","M","B",null,"R","M","$","M","?","?","T","M","M","?","E","M","M","E","R","B",null,"E","$","R","B","B",null],"character_chosen":"The_Alterego","items_purchased":["Medical Kit","expansioncontent:QuickStudy","alterego_mod:BeGentle+1","Thread and Needle","Ice Cream","alterego_mod:Undulate+1","Dexterity Potion"],"campfire_rested":0,"item_purchase_floors":[21,21,37,37,37,37,53],"current_hp_per_floor":[49,49,49,45,52,42,42,48,48,48,58,57,57,64,71,71,76,76,77,66,70,74,83,83,82,85,85,85,85,79,79,86,87,87,87,87,87,87,87,87,87,87,88,91,91,91,91,94,104,104,104,104,104,104,101,105],"gold":33,"neow_bonus":"ONE_RARE_RELIC","is_daily":false,"chose_seed":false,"campfire_upgraded":6,"win_rate":0.0,"timestamp":1611144462,"path_taken":["R","M","?","M","?","?","T","E","R","?","?","E","?","M","M","BOSS","R","M","M","$","M","M","T","?","?","R","M","R","?","E","M","BOSS","R","M","$","M","?","?","T","M","?","?","E","M","M","E","R","BOSS","E","$","R","BOSS","BOSS"],"items_purchased_type":["Relic","Card","Card","Relic","Relic","Card","Potion"],"build_version":"2020-12-22","purchased_purges":1,"victory":true,"max_hp_per_floor":[70,70,70,71,71,72,72,73,73,73,74,75,76,76,76,76,76,76,77,78,78,79,83,83,84,85,85,85,85,85,85,86,87,87,87,87,87,87,87,87,87,87,88,91,91,91,91,94,104,104,104,104,104,104,105,105],"card_choices":[{"not_picked":["alterego_mod:DeftHands","alterego_mod:Maid"],"picked":"alterego_mod:Undulate","floor":2.0},{"not_picked":["alterego_mod:Rip","alterego_mod:MagicResistance"],"picked":"alterego_mod:Bounce","floor":4.0},{"not_picked":["alterego_mod:Undulate","alterego_mod:Skirt"],"picked":"alterego_mod:Bounce","floor":5.0},{"not_picked":["alterego_mod:DiscoLights","alterego_mod:Table+1"],"picked":"alterego_mod:BiFurious","floor":6.0},{"not_picked":["alterego_mod:SideboobHour","alterego_mod:Rip"],"picked":"alterego_mod:BeGentle+1","floor":8.0},{"not_picked":["alterego_mod:Jiggle+1","alterego_mod:PresenceConcealment"],"picked":"alterego_mod:Belle","floor":11.0},{"not_picked":["alterego_mod:GoddessCore","alterego_mod:Punishment","alterego_mod:Jiggle+1"],"picked":"SKIP","floor":12.0},{"not_picked":["alterego_mod:Santa+1","alterego_mod:Table+1"],"picked":"alterego_mod:RocketPunch","floor":13.0},{"not_picked":["alterego_mod:Punishment","alterego_mod:Cycle+1"],"picked":"alterego_mod:Undulate+1","floor":14.0},{"not_picked":["alterego_mod:Bunnysuit+1","alterego_mod:TrashNCrash+1","alterego_mod:GoddessCore"],"picked":"SKIP","floor":15.0},{"not_picked":["alterego_mod:Lift","alterego_mod:GIGAMILK+1"],"picked":"alterego_mod:STier+1","floor":16.0},{"not_picked":["alterego_mod:Cooking+1","alterego_mod:DeftHands"],"picked":"alterego_mod:Undulate+1","floor":19.0},{"not_picked":["alterego_mod:Jiggle+1","alterego_mod:Maid"],"picked":"alterego_mod:Cooking+1","floor":20.0},{"not_picked":["alterego_mod:IndependentAction+1","alterego_mod:DiscoLights+1","alterego_mod:Schoolgirl+1"],"picked":"SKIP","floor":21.0},{"not_picked":["alterego_mod:DiscoLights+1","alterego_mod:Crossover+1"],"picked":"alterego_mod:BeGentle+1","floor":22.0},{"not_picked":["alterego_mod:TrashNCrash+1","alterego_mod:1TonWallop","alterego_mod:Santa+1"],"picked":"SKIP","floor":23.0},{"not_picked":["alterego_mod:Jiggle+1","alterego_mod:PerceptionDisorder"],"picked":"alterego_mod:Schoolgirl+1","floor":26.0},{"not_picked":["alterego_mod:DiscoLights+1","alterego_mod:Maid"],"picked":"alterego_mod:Cushion+1","floor":28.0},{"not_picked":["alterego_mod:Santa+1","alterego_mod:DeftHands"],"picked":"alterego_mod:RidiculouslyBig+1","floor":31.0},{"not_picked":["alterego_mod:Cycle+1","alterego_mod:DustData"],"picked":"alterego_mod:Pet+1","floor":32.0},{"not_picked":["alterego_mod:Rake","alterego_mod:SideboobHour"],"picked":"alterego_mod:STier+1","floor":33.0},{"not_picked":["alterego_mod:Punishment+1","alterego_mod:Cycle+1","alterego_mod:Maid+1"],"picked":"SKIP","floor":36},{"not_picked":["alterego_mod:GoddessCore+1","alterego_mod:IndependentAction+1"],"picked":"alterego_mod:Undulate+1","floor":37},{"not_picked":["alterego_mod:Santa+1","alterego_mod:Vow+1"],"picked":"alterego_mod:Pet+1","floor":38},{"not_picked":["alterego_mod:Rip+1","alterego_mod:Skirt+1"],"picked":"alterego_mod:Bounce","floor":42},{"not_picked":["alterego_mod:PerceptionDisorder+1","alterego_mod:Jiggle+1","alterego_mod:Antipathy+1"],"picked":"SKIP","floor":43},{"not_picked":["alterego_mod:PerceptionDisorder","alterego_mod:SakuraFive+1"],"picked":"alterego_mod:Bounce","floor":44},{"not_picked":["alterego_mod:Maid","alterego_mod:Pet+1"],"picked":"alterego_mod:ChallengeComplete","floor":45},{"not_picked":["alterego_mod:Pet+1","alterego_mod:Jiggle+1"],"picked":"alterego_mod:Valkyrie","floor":46},{"not_picked":["alterego_mod:Smother+1","alterego_mod:Punishment"],"picked":"alterego_mod:ChallengeComplete","floor":47},{"not_picked":["alterego_mod:Cycle+1","alterego_mod:Support+1"],"picked":"alterego_mod:Rake","floor":48},{"not_picked":["alterego_mod:MagicResistance+1","alterego_mod:1TonWallop+1"],"picked":"alterego_mod:Rip","floor":52}],"player_experience":339361,"relics_obtained":[{"floor":6.0,"key":"Toxic Egg 2"},{"floor":7.0,"key":"Vajra"},{"floor":8.0,"key":"Pen Nib"},{"floor":12.0,"key":"CeramicFish"},{"floor":13.0,"key":"Odd Mushroom"},{"floor":24.0,"key":"Ornamental Fan"},{"floor":25.0,"key":"Toy Ornithopter"},{"floor":31.0,"key":"Nunchaku"},{"floor":44,"key":"Girya"},{"floor":45,"key":"HornCleat"},{"floor":48,"key":"The Courier"},{"floor":52,"key":"Blue Candle"}],"event_choices":[{"damage_healed":0.0,"max_hp_gain":0.0,"max_hp_loss":0.0,"gold_gain":0.0,"event_name":"Lab","player_choice":"Got Potions","floor":3.0,"gold_loss":0.0,"damage_taken":0.0},{"cards_removed":["alterego_mod:BigMeatyClaws"],"damage_healed":0.0,"max_hp_gain":0.0,"max_hp_loss":0.0,"gold_gain":0.0,"event_name":"Bonfire Elementals","player_choice":"Offered Basic","floor":10.0,"gold_loss":0.0,"damage_taken":0.0},{"damage_healed":0.0,"max_hp_gain":0.0,"max_hp_loss":0.0,"gold_gain":0.0,"event_name":"Mushrooms","player_choice":"Fought Mushrooms","floor":13.0,"gold_loss":0.0,"damage_taken":0.0},{"cards_removed":["alterego_mod:Defend"],"damage_healed":0,"gold_gain":0,"player_choice":"Removed Skill","damage_taken":0,"max_hp_gain":0,"max_hp_loss":0,"event_name":"Falling","floor":39,"gold_loss":0},{"damage_healed":0,"gold_gain":0,"player_choice":"Fight","damage_taken":0,"max_hp_gain":0,"max_hp_loss":0,"event_name":"Mysterious Sphere","floor":44,"gold_loss":0}],"is_beta":false,"boss_relics":[{"not_picked":["Runic Dome","Black Star"],"picked":"Coffee Dripper"},{"not_picked":["Snecko Eye","SlaversCollar"],"picked":"bronze:MakeshiftBattery"}],"items_purged_floors":[37],"is_endless":false,"potions_floor_spawned":[5,11,12,14,15,23,26,28,31,33,36,43,45,47,48],"ascension_level":1}}