{"host":"dhyczjm99amxd3qx","time":1611110866,"event":{"mods":["BaseMod","Colored Map","Googly Eyes","Highlight Path","Minty Spire (QoL Compilation)","Quick Restart","StSLib"],"gold_per_floor":[112,132,132,148,168,168,196,196,196,196,224,244,275,293,293,392,392,412,39,39,39,50,50,85,85,85,103,103,138,157,170,170,271,271,284,116,136,154,154,154],"floor_reached":39,"language":"ENG","playtime":2986,"items_purged":["Strike_B","Strike_B"],"score":601,"play_id":"325ea8a5-14ec-4813-a6e9-8c0daf69ab28","local_time":"20210119214746","is_ascension_mode":true,"campfire_choices":[{"data":"Zap","floor":6.0,"key":"SMITH"},{"data":"Steam","floor":8.0,"key":"SMITH"},{"data":"Dualcast","floor":10.0,"key":"SMITH"},{"floor":15.0,"key":"REST"},{"data":"Redo","floor":23.0,"key":"SMITH"},{"data":"Rainbow","floor":25,"key":"SMITH"},{"data":"Fusion","floor":28,"key":"SMITH"},{"floor":32,"key":"REST"}],"circlet_count":0,"master_deck":["Strike_B","Strike_B","Defend_B","Defend_B","Zap+1","Dualcast+1","Cold Snap","Steam+1","Cold Snap","Self Repair","Fusion+1","Genetic Algorithm","Conserve Battery","Compile Driver","Rainbow+1","Glacier","Glacier","Chill","Redo+1","Ball Lightning+1","Chaos+1","Loop","Genetic Algorithm+1","Fission+1","Capacitor","FTL","Ball Lightning"],"relics":["Cracked Core","Question Card","Bottled Lightning","StoneCalendar","Art of War","SlaversCollar","Meat on the Bone","Toxic Egg 2","Matryoshka","Juzu Bracelet","Nuclear Battery"],"acts_visited":["Exordium","TheCity","TheBeyond"],"potions_floor_usage":[24,24,29,33,38],"damage_taken":[{"damage":3.0,"enemies":"Jaw Worm","floor":1.0,"turns":4.0},{"damage":0.0,"enemies":"Cultist","floor":2.0,"turns":4.0},{"damage":0.0,"enemies":"2 Louse","floor":4.0,"turns":3.0},{"damage":21.0,"enemies":"Large Slime","floor":5.0,"turns":7.0},{"damage":28.0,"enemies":"Lagavulin","floor":7.0,"turns":7.0},{"damage":13.0,"enemies":"3 Sentries","floor":11.0,"turns":10.0},{"damage":0.0,"enemies":"2 Fungi Beasts","floor":12.0,"turns":4.0},{"damage":18.0,"enemies":"Gremlin Nob","floor":13.0,"turns":5.0},{"damage":2.0,"enemies":"Looter","floor":14.0,"turns":4.0},{"damage":32.0,"enemies":"Slime Boss","floor":16.0,"turns":7.0},{"damage":20.0,"enemies":"3 Byrds","floor":18.0,"turns":7.0},{"damage":24.0,"enemies":"2 Thieves","floor":21.0,"turns":5.0},{"damage":13.0,"enemies":"Centurion and Healer","floor":22.0,"turns":8.0},{"damage":20,"enemies":"Book of Stabbing","floor":24,"turns":6},{"damage":10,"enemies":"Snake Plant","floor":27,"turns":4},{"damage":32,"enemies":"Gremlin Leader","floor":29,"turns":7},{"damage":39,"enemies":"3 Cultists","floor":30,"turns":7},{"damage":25,"enemies":"Sentry and Sphere","floor":31,"turns":6},{"damage":37,"enemies":"Collector","floor":33,"turns":11},{"damage":7,"enemies":"Orb Walker","floor":35,"turns":4},{"damage":24,"enemies":"3 Darklings","floor":37,"turns":7},{"damage":15,"enemies":"4 Shapes","floor":38,"turns":7},{"damage":69,"enemies":"2 Orb Walkers","floor":39,"turns":5}],"seed_played":"-7525906445967561486","potions_obtained":[{"floor":7.0,"key":"PowerPotion"},{"floor":11.0,"key":"Energy Potion"},{"floor":12.0,"key":"Swift Potion"},{"floor":21.0,"key":"BlessingOfTheForge"},{"floor":22.0,"key":"FocusPotion"},{"floor":27,"key":"ColorlessPotion"},{"floor":30,"key":"Swift Potion"},{"floor":33,"key":"Block Potion"},{"floor":38,"key":"SmokeBomb"}],"is_trial":false,"path_per_floor":["M","M","?","M","M","R","E","R","T","R","E","M","E","M","R","B",null,"M","$","?","M","M","R","E","R","T","M","R","E","M","M","R","B",null,"M","$","M","M","?"],"character_chosen":"DEFECT","items_purchased":["Glacier","Meat on the Bone","FTL"],"campfire_rested":2,"item_purchase_floors":[19,19,36],"current_hp_per_floor":[72,72,72,72,51,51,23,23,23,23,17,24,13,11,35,10,64,51,51,51,46,52,52,51,51,51,60,60,47,27,21,45,27,68,68,68,51,55,0,0],"gold":154,"neow_bonus":"TEN_PERCENT_HP_BONUS","is_daily":false,"chose_seed":false,"campfire_upgraded":6,"win_rate":0.0,"timestamp":1611110866,"path_taken":["M","M","?","M","M","R","E","R","T","R","E","M","E","M","R","BOSS","M","?","?","M","M","R","E","R","T","M","R","E","M","M","R","BOSS","M","$","M","M","?"],"items_purchased_type":["Card","Relic","Card"],"build_version":"2020-12-22","purchased_purges":2,"victory":false,"max_hp_per_floor":[82,82,82,82,82,82,82,82,82,82,82,82,82,82,82,82,82,82,82,82,82,82,82,82,82,82,82,82,82,82,82,82,82,82,82,82,82,82,82,82],"card_choices":[{"not_picked":["Redo","Force Field"],"picked":"Cold Snap","floor":1.0},{"not_picked":["Sunder","Aggregate"],"picked":"Steam","floor":2.0},{"not_picked":["Sweeping Beam","Turbo"],"picked":"Cold Snap","floor":4.0},{"not_picked":["Go for the Eyes","Darkness","Force Field"],"picked":"SKIP","floor":5.0},{"not_picked":["Force Field","Rip and Tear"],"picked":"Self Repair","floor":7.0},{"not_picked":["Consume","Barrage","Coolheaded"],"picked":"Fusion","floor":11.0},{"not_picked":["Cold Snap","Consume","Scrape"],"picked":"Genetic Algorithm","floor":12.0},{"not_picked":["Redo","Thunder Strike","Meteor Strike"],"picked":"Conserve Battery","floor":13.0},{"not_picked":["Redo","Go for the Eyes","Tempest"],"picked":"Compile Driver","floor":14.0},{"not_picked":["Creative AI","All For One","Amplify"],"picked":"Rainbow","floor":16.0},{"not_picked":["Sweeping Beam","Coolheaded+1","Force Field"],"picked":"Glacier","floor":18.0},{"not_picked":["Gash","White Noise","Steam Power+1"],"picked":"Ball Lightning+1","floor":21.0},{"not_picked":["Coolheaded","Redo","Consume+1","Leap"],"picked":"SKIP","floor":22.0},{"not_picked":["Amplify+1","BootSequence+1","Genetic Algorithm+1"],"picked":"Chaos+1","floor":24},{"not_picked":["Rebound","Undo+1","Turbo+1"],"picked":"Loop","floor":27},{"not_picked":["Compile Driver","Lockon","Gash","Coolheaded+1"],"picked":"SKIP","floor":29},{"not_picked":["Streamline","Tempest+1","Beam Cell+1"],"picked":"Genetic Algorithm+1","floor":30},{"not_picked":["Hologram+1","Barrage","Rip and Tear","Coolheaded+1"],"picked":"SKIP","floor":31},{"not_picked":["Creative AI","Meteor Strike","Reboot+1"],"picked":"Fission+1","floor":33},{"not_picked":["Hologram+1","Gash+1","Ball Lightning"],"picked":"Capacitor","floor":35},{"not_picked":["Steam+1","Storm+1","Gash"],"picked":"Ball Lightning","floor":37},{"not_picked":["Cold Snap","Turbo+1","Stack+1","Coolheaded+1"],"picked":"SKIP","floor":38}],"player_experience":340198,"relics_obtained":[{"floor":7.0,"key":"Question Card"},{"floor":9.0,"key":"Bottled Lightning"},{"floor":11.0,"key":"StoneCalendar"},{"floor":13.0,"key":"Art of War"},{"floor":24,"key":"Toxic Egg 2"},{"floor":26,"key":"Matryoshka"},{"floor":29,"key":"Juzu Bracelet"}],"event_choices":[{"damage_healed":0.0,"max_hp_gain":0.0,"max_hp_loss":0.0,"gold_gain":0.0,"event_name":"Transmorgrifier","player_choice":"Ignored","floor":3.0,"gold_loss":0.0,"damage_taken":0.0},{"damage_healed":0.0,"max_hp_gain":0.0,"max_hp_loss":0.0,"gold_gain":0.0,"cards_transformed":["Defend_B","Defend_B"],"event_name":"Drug Dealer","player_choice":"Became Test Subject","floor":20.0,"gold_loss":0.0,"damage_taken":0.0,"cards_obtained":["Chill","Redo"]},{"damage_healed":0,"gold_gain":0,"player_choice":"Fight","damage_taken":0,"max_hp_gain":0,"max_hp_loss":0,"event_name":"Mysterious Sphere","floor":39,"gold_loss":0}],"is_beta":false,"boss_relics":[{"not_picked":["Runic Pyramid","Coffee Dripper"],"picked":"SlaversCollar"},{"not_picked":["Runic Dome","Pandora\u0027s Box"],"picked":"Nuclear Battery"}],"items_purged_floors":[19,36],"is_endless":false,"potions_floor_spawned":[7,11,12,21,22,27,30,33,38],"killed_by":"2 Orb Walkers","ascension_level":7}}