{"host":"lnt5dzsuhru0aonl","time":1611138239,"event":{"mods":["2.2 Compatiblity","BaseMod","Colored Map","Colored Powertips","DeckTracker","Keyboard Shortcuts","Minty Spire (QoL Compilation)","Permanent Neow","Rare Cards Sparkle","StSLib","SuperFastMode","everything is the same but u backflip on backflip"],"gold_per_floor":[109,109,130,55,55,89,89,13,38,38,63,88,106,137,137,137,137],"floor_reached":16,"language":"KOR","playtime":373,"items_purged":[],"score":220,"play_id":"7a682cbc-48bb-4a40-9d17-49f4f47eb5f5","local_time":"20210120192359","is_ascension_mode":true,"campfire_choices":[{"data":"Corruption","floor":7,"key":"SMITH"},{"data":"Evolve","floor":10,"key":"SMITH"},{"data":"Body Slam","floor":15,"key":"SMITH"}],"circlet_count":0,"master_deck":["AscendersBane","Strike_R","Strike_R","Strike_R","Strike_R","Defend_R","Defend_R","Defend_R","Defend_R","Bash","Corruption+1","Armaments+1","Second Wind","Evolve+1","Reckless Charge","Feel No Pain","Body Slam+1","Sentinel"],"relics":["Burning Blood","Golden Idol","Mercury Hourglass","Ancient Tea Set","WingedGreaves"],"acts_visited":["Exordium"],"potions_floor_usage":[12,12,14,16],"damage_taken":[{"damage":4,"enemies":"Small Slimes","floor":1,"turns":4},{"damage":19,"enemies":"Jaw Worm","floor":3,"turns":4},{"damage":36,"enemies":"Lagavulin","floor":6,"turns":8},{"damage":4,"enemies":"2 Louse","floor":11,"turns":3},{"damage":3,"enemies":"Exordium Thugs","floor":12,"turns":5},{"damage":13,"enemies":"Red Slaver","floor":13,"turns":3},{"damage":1,"enemies":"3 Sentries","floor":14,"turns":6},{"damage":30,"enemies":"Slime Boss","floor":16,"turns":3}],"seed_played":"-3924597211673952558","potions_obtained":[{"floor":3,"key":"SpeedPotion"},{"floor":6,"key":"Block Potion"},{"floor":13,"key":"Block Potion"},{"floor":14,"key":"PowerPotion"}],"is_trial":false,"path_per_floor":["M","?","M","?","?","E","R","$","T","R","M","M","M","E","R","B"],"character_chosen":"IRONCLAD","items_purchased":["Evolve"],"campfire_rested":0,"item_purchase_floors":[8],"current_hp_per_floor":[70,68,55,55,55,25,25,25,25,25,27,30,23,28,28,0,0],"gold":137,"neow_bonus":"ONE_RANDOM_RARE_CARD","is_daily":false,"chose_seed":false,"campfire_upgraded":3,"win_rate":0.0,"timestamp":1611138239,"path_taken":["M","?","M","?","?","E","R","$","T","R","?","M","M","E","R","BOSS"],"items_purchased_type":["Card"],"build_version":"2020-12-22","purchased_purges":0,"victory":false,"max_hp_per_floor":[75,68,68,68,68,68,68,68,68,68,68,68,68,68,68,68,68],"card_choices":[{"not_picked":["Iron Wave","Combust","Hemokinesis"],"picked":"SKIP","floor":1},{"not_picked":["Flex","Pummel"],"picked":"Armaments","floor":3},{"not_picked":["Pummel","Anger"],"picked":"Second Wind","floor":6},{"not_picked":["Warcry","Whirlwind"],"picked":"Reckless Charge","floor":11},{"not_picked":["Clash","Body Slam"],"picked":"Feel No Pain","floor":12},{"not_picked":["Rupture","Heavy Blade"],"picked":"Body Slam","floor":13},{"not_picked":["Clash","Sever Soul"],"picked":"Sentinel","floor":14}],"player_experience":709509,"relics_obtained":[{"floor":6,"key":"Mercury Hourglass"},{"floor":9,"key":"Ancient Tea Set"},{"floor":14,"key":"WingedGreaves"}],"event_choices":[{"damage_healed":0,"gold_gain":0,"player_choice":"Lose Max HP","damage_taken":0,"relics_obtained":["Golden Idol"],"max_hp_gain":0,"max_hp_loss":7,"event_name":"Golden Idol","floor":2,"gold_loss":0},{"cards_removed":["Strike_R"],"damage_healed":0,"gold_gain":0,"player_choice":"Card Removal","damage_taken":0,"max_hp_gain":0,"max_hp_loss":0,"event_name":"The Cleric","floor":4,"gold_loss":75},{"damage_healed":0,"gold_gain":0,"player_choice":"Upgraded","damage_taken":0,"max_hp_gain":0,"max_hp_loss":0,"event_name":"Upgrade Shrine","floor":5,"gold_loss":0,"cards_upgraded":["Armaments"]}],"is_beta":false,"boss_relics":[],"items_purged_floors":[],"is_endless":false,"potions_floor_spawned":[3,6,13,14],"killed_by":"Slime Boss","ascension_level":20}}