{"host":"da4a6z8aof69aasy","time":1611172967,"event":{"mods":["AchievementEnabler","BaseMod","Block Reminder","Colored Powertips","DeckTracker","Highlight Path","Minty Spire (QoL Compilation)","Permanent Neow","Relic Stats","StSLib"],"gold_per_floor":[118,129,143,218,218,218,218,218,218,218,218,228,5,35,35,113,113,133,144,144,144],"floor_reached":20,"language":"ENG","playtime":1573,"items_purged":["Strike_R"],"score":326,"play_id":"16e2847f-e5cb-46d9-b95d-8e249cf6a421","local_time":"20210120220247","is_ascension_mode":true,"campfire_choices":[{"data":"Searing Blow","floor":6.0,"key":"SMITH"},{"data":"Bash","floor":8.0,"key":"SMITH"},{"data":"Searing Blow+1","floor":10.0,"key":"SMITH"},{"data":"Searing Blow+2","floor":15.0,"key":"SMITH"}],"circlet_count":0,"master_deck":["AscendersBane","Strike_R","Strike_R","Strike_R","Defend_R","Defend_R","Defend_R","Defend_R","Bash+1","Rampage","Searing Blow+3","Battle Trance","Thunderclap","Feed","Feel No Pain","True Grit"],"relics":["Runic Cube","Pear","Blue Candle","Lee\u0027s Waffle","Orichalcum","SlaversCollar"],"acts_visited":["Exordium","TheCity"],"potions_floor_usage":[19],"damage_taken":[{"damage":6.0,"enemies":"Cultist","floor":1.0,"turns":4.0},{"damage":5.0,"enemies":"Small Slimes","floor":2.0,"turns":4.0},{"damage":8.0,"enemies":"2 Louse","floor":3.0,"turns":4.0},{"damage":9.0,"enemies":"Red Slaver","floor":12.0,"turns":3.0},{"damage":30.0,"enemies":"Lagavulin","floor":14.0,"turns":5.0},{"damage":39.0,"enemies":"The Guardian","floor":16.0,"turns":11.0},{"damage":30.0,"enemies":"Spheric Guardian","floor":18.0,"turns":5.0},{"damage":16,"enemies":"Shell Parasite","floor":19,"turns":5},{"damage":35,"enemies":"Sentry and Sphere","floor":20,"turns":5}],"seed_played":"-3417419140696135873","potions_obtained":[{"floor":1.0,"key":"ElixirPotion"},{"floor":3.0,"key":"EssenceOfSteel"},{"floor":19,"key":"LiquidMemories"}],"is_trial":false,"path_per_floor":["M","M","M","?","?","R","?","R","T","R","?","M","$","E","R","B",null,"M","M","M"],"character_chosen":"IRONCLAD","items_purchased":["Lee\u0027s Waffle"],"campfire_rested":0,"item_purchase_floors":[13],"current_hp_per_floor":[62,57,49,38,38,38,43,43,43,43,36,27,92,62,62,23,75,48,32,0,0],"gold":144,"neow_bonus":"BOSS_RELIC","is_daily":false,"chose_seed":false,"campfire_upgraded":4,"win_rate":0.0,"timestamp":1611172967,"path_taken":["M","M","M","?","?","R","?","R","T","R","?","M","$","E","R","BOSS","M","M","M"],"items_purchased_type":["Relic"],"build_version":"2020-12-22","purchased_purges":1,"victory":false,"max_hp_per_floor":[75,75,75,75,75,75,85,85,85,85,85,85,92,92,92,92,92,95,95,95,95],"relic_stats":{"Lee\u0027s Waffle":65,"counters":[9,46],"Blue Candle":[1],"Orichalcum":[78],"obtain_stats":[{"SlaversCollar":17,"Lee\u0027s Waffle":13,"Pear":7,"Blue Candle":9,"Orichalcum":14,"Burning Blood":0,"Runic Cube":0},{"SlaversCollar":6,"Lee\u0027s Waffle":4,"Pear":3,"Blue Candle":3,"Orichalcum":5,"Burning Blood":0,"Runic Cube":0},{"SlaversCollar":31,"Lee\u0027s Waffle":15,"Pear":12,"Blue Candle":12,"Orichalcum":20,"Burning Blood":0,"Runic Cube":0}],"Runic Cube":[31]},"card_choices":[{"not_picked":["Sentinel","Clothesline"],"picked":"Rampage","floor":1.0},{"not_picked":["Cleave","Iron Wave","Armaments"],"picked":"SKIP","floor":2.0},{"not_picked":["Clothesline","Disarm"],"picked":"Searing Blow","floor":3.0},{"not_picked":["Anger","Havoc"],"picked":"Battle Trance","floor":12.0},{"not_picked":["Seeing Red","Juggernaut"],"picked":"Thunderclap","floor":14.0},{"not_picked":["Double Tap","Bludgeon"],"picked":"Feed","floor":16.0},{"not_picked":["Flex","Twin Strike"],"picked":"Feel No Pain","floor":18.0},{"not_picked":["Pommel Strike","Flex"],"picked":"True Grit","floor":19}],"player_experience":2081703,"relics_obtained":[{"floor":9.0,"key":"Blue Candle"},{"floor":14.0,"key":"Orichalcum"}],"event_choices":[{"damage_healed":0.0,"max_hp_gain":0.0,"max_hp_loss":0.0,"gold_gain":75.0,"event_name":"World of Goop","player_choice":"Gather Gold","floor":4.0,"gold_loss":0.0,"damage_taken":11.0},{"damage_healed":0.0,"max_hp_gain":0.0,"max_hp_loss":0.0,"gold_gain":0.0,"event_name":"Liars Game","player_choice":"Ignored","floor":5.0,"gold_loss":0.0,"damage_taken":0.0},{"damage_healed":0.0,"max_hp_gain":0.0,"max_hp_loss":0.0,"gold_gain":0.0,"event_name":"Scrap Ooze","player_choice":"Success","floor":7.0,"gold_loss":0.0,"damage_taken":5.0,"relics_obtained":["Pear"]},{"cards_removed":["Strike_R"],"damage_healed":0.0,"max_hp_gain":0.0,"max_hp_loss":0.0,"gold_gain":0.0,"event_name":"Golden Wing","player_choice":"Card Removal","floor":11.0,"gold_loss":0.0,"damage_taken":7.0}],"is_beta":false,"boss_relics":[{"not_picked":["Black Star","SacredBark"],"picked":"SlaversCollar"}],"items_purged_floors":[13],"is_endless":false,"potions_floor_spawned":[1,3,19],"killed_by":"Sentry and Sphere","ascension_level":15}}