{"host":"swphzoo6hmc78epl","time":1611185444,"event":{"mods":["BaseMod","Highlight Path","Minty Spire (QoL Compilation)","Quick Restart"],"gold_per_floor":[113,131,131,145,158,158,178,178,205,216,226,2,20,37,37,133,133,146,146,158,158,176,176,203,203,226,226,253,253,253],"floor_reached":29,"language":"ENG","playtime":1529,"items_purged":["Strike_B"],"score":312,"play_id":"3711073c-dac4-4fd8-bdf0-eda7f2418688","local_time":"20210120183044","is_ascension_mode":true,"campfire_choices":[{"data":"FTL","floor":6,"key":"SMITH"},{"data":"Reboot","floor":8,"key":"SMITH"},{"data":"Cold Snap","floor":15,"key":"SMITH"},{"data":"All For One","floor":23,"key":"SMITH"},{"data":"Machine Learning","floor":25,"key":"SMITH"},{"floor":27,"key":"REST"}],"circlet_count":0,"master_deck":["Strike_B","Strike_B","Strike_B","Defend_B","Defend_B","Defend_B","Defend_B","Zap+1","Dualcast","Reboot+1","Glacier","FTL+1","Static Discharge","Go for the Eyes","Ball Lightning","Core Surge","Rebound","Cold Snap+1","All For One+1","Sweeping Beam+1","Doom and Gloom+1","Pain","Gash","Machine Learning+1","Cold Snap+1"],"relics":["Cracked Core","Potion Belt","Bronze Scales","SlaversCollar","WarpedTongs","Strawberry","Juzu Bracelet","Anchor"],"acts_visited":["TheCity"],"potions_floor_usage":[13,16,20,24,29],"damage_taken":[{"damage":0,"enemies":"2 Louse","floor":1,"turns":2},{"damage":0,"enemies":"Cultist","floor":2,"turns":3},{"damage":7,"enemies":"Jaw Worm","floor":4,"turns":2},{"damage":0,"enemies":"Red Slaver","floor":5,"turns":3},{"damage":9,"enemies":"Large Slime","floor":7,"turns":4},{"damage":7,"enemies":"Lots of Slimes","floor":10,"turns":3},{"damage":0,"enemies":"2 Fungi Beasts","floor":11,"turns":2},{"damage":5,"enemies":"3 Louse","floor":13,"turns":2},{"damage":3,"enemies":"Exordium Thugs","floor":14,"turns":3},{"damage":2,"enemies":"Hexaghost","floor":16,"turns":9},{"damage":11,"enemies":"Shell Parasite","floor":18,"turns":4},{"damage":12,"enemies":"2 Thieves","floor":20,"turns":4},{"damage":36,"enemies":"Centurion and Healer","floor":22,"turns":4},{"damage":6,"enemies":"Gremlin Leader","floor":24,"turns":4},{"damage":4,"enemies":"Book of Stabbing","floor":28,"turns":5},{"damage":15,"enemies":"Colosseum Slavers","floor":29,"turns":3},{"damage":22,"enemies":"Colosseum Nobs","floor":29,"turns":2}],"seed_played":"2173014137931282502","potions_obtained":[{"floor":2,"key":"Block Potion"},{"floor":4,"key":"SkillPotion"},{"floor":10,"key":"BlessingOfTheForge"},{"floor":11,"key":"FocusPotion"},{"floor":13,"key":"DuplicationPotion"},{"floor":22,"key":"Swift Potion"},{"floor":28,"key":"Energy Potion"}],"is_trial":false,"path_per_floor":["M","M","?","M","M","R","M","R","T","M","M","$","M","M","R","B",null,"M","?","M","?","M","R","E","R","T","R","E","?"],"character_chosen":"DEFECT","items_purchased":["Bronze Scales"],"campfire_rested":1,"item_purchase_floors":[12],"current_hp_per_floor":[75,75,75,68,68,68,59,59,59,52,52,52,47,44,44,42,75,64,64,52,52,16,16,17,17,17,41,37,0,0],"gold":253,"neow_bonus":"ONE_RANDOM_RARE_CARD","is_daily":false,"chose_seed":false,"campfire_upgraded":5,"win_rate":0.0,"timestamp":1611185444,"path_taken":["M","M","?","M","M","R","M","R","T","?","M","$","M","M","R","BOSS","M","?","?","?","?","R","E","R","T","R","E","?"],"items_purchased_type":["Relic"],"build_version":"2020-12-22","purchased_purges":1,"victory":false,"max_hp_per_floor":[75,75,75,75,75,75,75,75,75,75,75,75,75,75,75,75,75,75,75,75,75,75,75,82,82,82,82,82,82,82],"card_choices":[{"not_picked":["Beam Cell","Redo"],"picked":"Glacier","floor":1},{"not_picked":["Tempest","Skim","Conserve Battery"],"picked":"SKIP","floor":2},{"not_picked":["Hello World","Hologram"],"picked":"FTL","floor":4},{"not_picked":["BootSequence","Blizzard"],"picked":"Static Discharge","floor":5},{"not_picked":["Turbo","Consume"],"picked":"Go for the Eyes","floor":7},{"not_picked":["Streamline","Reprogram"],"picked":"Ball Lightning","floor":10},{"not_picked":["Turbo","Tempest"],"picked":"Core Surge","floor":11},{"not_picked":["Redo","Self Repair"],"picked":"Rebound","floor":13},{"not_picked":["Beam Cell","Conserve Battery"],"picked":"Cold Snap","floor":14},{"not_picked":["Seek","Machine Learning"],"picked":"All For One","floor":16},{"not_picked":["Conserve Battery","Leap+1"],"picked":"Sweeping Beam+1","floor":18},{"not_picked":["Heatsinks","Rebound+1"],"picked":"Doom and Gloom+1","floor":20},{"not_picked":["BootSequence","Streamline"],"picked":"Gash","floor":22},{"not_picked":["Stack","Blizzard"],"picked":"Machine Learning","floor":24},{"not_picked":["Tempest","Hologram"],"picked":"Cold Snap+1","floor":28}],"player_experience":785584,"relics_obtained":[{"floor":9,"key":"Potion Belt"},{"floor":24,"key":"Strawberry"},{"floor":26,"key":"Juzu Bracelet"},{"floor":28,"key":"Anchor"}],"event_choices":[{"damage_healed":0,"gold_gain":0,"player_choice":"Upgraded","damage_taken":0,"max_hp_gain":0,"max_hp_loss":0,"event_name":"Upgrade Shrine","floor":3,"gold_loss":0,"cards_upgraded":["Zap"]},{"damage_healed":0,"gold_gain":0,"player_choice":"0 cards matched","damage_taken":0,"max_hp_gain":0,"max_hp_loss":0,"event_name":"Match and Keep!","floor":19,"gold_loss":0,"cards_obtained":[]},{"damage_healed":0,"gold_gain":0,"player_choice":"Rummage","damage_taken":0,"relics_obtained":["WarpedTongs"],"max_hp_gain":0,"max_hp_loss":0,"event_name":"Accursed Blacksmith","floor":21,"gold_loss":0,"cards_obtained":["Pain"]},{"damage_healed":0,"gold_gain":0,"player_choice":"Fight","damage_taken":0,"max_hp_gain":0,"max_hp_loss":0,"event_name":"Colosseum","floor":29,"gold_loss":0},{"damage_healed":0,"gold_gain":0,"player_choice":"Fought Nobs","damage_taken":0,"max_hp_gain":0,"max_hp_loss":0,"event_name":"Colosseum","floor":29,"gold_loss":0}],"is_beta":false,"boss_relics":[{"not_picked":["Tiny House","Cursed Key"],"picked":"SlaversCollar"}],"items_purged_floors":[12],"is_endless":false,"potions_floor_spawned":[2,4,10,11,13,22,28],"killed_by":"Colosseum Nobs","ascension_level":2}}