{"host":"yblq3p6acu4d7asa","time":1611165240,"event":{"mods":["AchievementEnabler","Act Like it!","BaseMod","Colored Map","Hermit","Highlight Path","Jedi Mod","Minty Spire (QoL Compilation)","Replay The Spire","Shop Mod","StSLib","The Mystic"],"gold_per_floor":[112,37,37,53,70,70,105,105,131,153,240,252,290,302,314,430,442,466,492,524,546,558,558],"floor_reached":22,"language":"RUS","playtime":1868,"items_purged":["Strike_R"],"score":206,"play_id":"cf4ac22d-5bba-4d1a-9821-e7a8eb983ed4","local_time":"20210120205400","is_ascension_mode":true,"campfire_choices":[{"data":"Heavy Blade","floor":6,"key":"SMITH"},{"floor":8,"key":"REST"},{"floor":12,"key":"REST"},{"floor":15,"key":"REST"}],"circlet_count":0,"master_deck":["Strike_R","Strike_R","Strike_R","Defend_R","Defend_R","Defend_R","Defend_R","Bash","Heavy Blade+1","Iron Wave","Spot Weakness","Replay:Many Hands","Body Slam","jedi:fear","Iron Wave","Armaments+1"],"relics":["Burning Blood","jedi:purplefairy","Replay:Mystery Machine","MawBank","Kunai","Philosopher\u0027s Stone"],"acts_visited":["Exordium","TheCity"],"potions_floor_usage":[16,19,21],"damage_taken":[{"damage":1,"enemies":"Jaw Worm","floor":1,"turns":5},{"damage":12,"enemies":"Cultist","floor":4,"turns":5},{"damage":0,"enemies":"Small Slimes","floor":5,"turns":3},{"damage":64,"enemies":"3 Sentries","floor":7,"turns":13},{"damage":10,"enemies":"3 Louse","floor":10,"turns":4},{"damage":20,"enemies":"Gremlin Nob","floor":13,"turns":4},{"damage":76,"enemies":"Slime Boss","floor":16,"turns":12},{"damage":7,"enemies":"Chosen","floor":18,"turns":3},{"damage":44,"enemies":"3 Byrds","floor":19,"turns":5},{"damage":39,"enemies":"Snake Plant","floor":20,"turns":4},{"damage":23,"enemies":"Shelled Parasite and Fungi","floor":21,"turns":5},{"damage":13,"enemies":"Centurion and Healer","floor":22,"turns":4}],"seed_played":"-4805376338088857859","potions_obtained":[{"floor":1,"key":"BloodPotion"},{"floor":10,"key":"BlessingOfTheForge"},{"floor":13,"key":"BloodPotion"},{"floor":16,"key":"Energy Potion"},{"floor":18,"key":"LiquidMemories"},{"floor":19,"key":"Fruit Juice"}],"is_trial":false,"path_per_floor":["M","$","?","M","M","R","E","R","T","M","?","R","E","?","R","B",null,"M","M","M","M","M"],"character_chosen":"IRONCLAD","items_purchased":[],"campfire_rested":3,"item_purchase_floors":[],"current_hp_per_floor":[80,80,80,74,80,80,22,46,46,42,31,55,41,41,65,11,80,79,46,13,13,0,0],"gold":558,"neow_bonus":"ONE_RARE_RELIC","is_daily":false,"chose_seed":false,"campfire_upgraded":1,"win_rate":0.0,"timestamp":1611165240,"path_taken":["M","$","?","M","?","R","E","R","T","?","?","R","E","?","R","BOSS","M","M","M","M","M"],"items_purchased_type":[],"build_version":"2020-12-22","purchased_purges":1,"victory":false,"max_hp_per_floor":[80,80,80,80,80,80,80,80,80,80,80,80,80,80,80,80,80,80,85,85,85,85,85],"card_choices":[{"not_picked":["Headbutt","Abandon"],"picked":"Heavy Blade","floor":1},{"not_picked":["Thunderclap","jedi:controlledanger","Feel No Pain"],"picked":"SKIP","floor":4},{"not_picked":["Warcry","Replay:Undeath\u0027s Touch","Clothesline"],"picked":"SKIP","floor":5},{"not_picked":["jedi:fear","Clash","Corruption"],"picked":"SKIP","floor":7},{"not_picked":["Perfected Strike","jedi:fear"],"picked":"Iron Wave","floor":10},{"not_picked":["Cleave","ReplayTheSpireMod:Limb From Limb"],"picked":"Spot Weakness","floor":13},{"not_picked":["Brutality","jedi:bloodyhammer"],"picked":"Replay:Many Hands","floor":16},{"not_picked":["Entrench","Replay:Undeath\u0027s Touch"],"picked":"Body Slam","floor":18},{"not_picked":["Dual Wield","Cleave"],"picked":"jedi:fear","floor":19},{"not_picked":["Rampage","Anger+1"],"picked":"Iron Wave","floor":20},{"not_picked":["Thunderclap+1","ReplayTheSpireMod:Corrosion Curse+1"],"picked":"Armaments+1","floor":21}],"player_experience":16841,"relics_obtained":[{"floor":7,"key":"Replay:Mystery Machine"},{"floor":9,"key":"MawBank"},{"floor":13,"key":"Kunai"}],"event_choices":[{"cards_removed":["jedi:thedog"],"damage_healed":0,"gold_gain":0,"player_choice":"Removed Curses","damage_taken":0,"max_hp_gain":0,"max_hp_loss":0,"event_name":"Fountain of Cleansing","floor":3,"gold_loss":0},{"damage_healed":0,"gold_gain":75,"player_choice":"Gather Gold","damage_taken":11,"max_hp_gain":0,"max_hp_loss":0,"event_name":"World of Goop","floor":11,"gold_loss":0},{"cards_removed":["Strike_R"],"damage_healed":0,"gold_gain":0,"player_choice":"Offered Basic","damage_taken":0,"max_hp_gain":0,"max_hp_loss":0,"event_name":"Bonfire Elementals","floor":14,"gold_loss":0}],"is_beta":false,"boss_relics":[{"not_picked":["Calling Bell","Runic Pyramid"],"picked":"Philosopher\u0027s Stone"}],"items_purged_floors":[2],"is_endless":false,"potions_floor_spawned":[1,10,13,16,18,19],"killed_by":"Centurion and Healer","ascension_level":1}}