{"host":"u9h06qdlnp3wgzsw","time":1611172952,"event":{"mods":["Act Like it!","BaseMod","Curses Come First","Downfall","Hallownest","Hermit","Minty Spire (QoL Compilation)","Quick Restart","Rare Cards Sparkle","Shop Mod","StSLib","The Disciple","The Hierophant","The Servant 0.9.4"],"gold_per_floor":[118,118,18,34,51,78,78,88,88,114,153,183,206,206,206,331,331,368,368,317,317,416,416,472,472,499,499,499],"floor_reached":27,"language":"ENG","playtime":1701,"items_purged":[],"score":241,"play_id":"2c3d518c-c49f-4ab0-a581-6cee2ae32d06","local_time":"20210120150232","is_ascension_mode":false,"campfire_choices":[{"floor":7,"key":"REST"},{"floor":15,"key":"REST"},{"floor":23,"key":"REST"},{"floor":25,"key":"REST"}],"circlet_count":0,"master_deck":["Strike_Br","Strike_Br","Strike_Br","Strike_Br","Defend_Br","Defend_Br","Defend_Br","Defend_Br","SecondHand","PatternShift","OldTimer","BlueShift","HandsUpC","LockedOrichalcum","OldTimer","LockedMercury","LockedMawBank","LockedOrichalcum","BlueShift","LockedWarPaint","RageCommand","WindUp"],"relics":["Chronograph","Anchor","Tiny Chest","MysticCrockPot","Golden Idol","MutagenicStrength","Ornamental Fan","SlipperyGoo","CeramicFish"],"acts_visited":["Exordium","TheCity"],"potions_floor_usage":[6,6,12,13,16,24,24,24],"damage_taken":[{"damage":4,"enemies":"2 Louse","floor":1,"turns":4},{"damage":0,"enemies":"Cultist","floor":4,"turns":4},{"damage":9,"enemies":"Small Slimes","floor":5,"turns":4},{"damage":16,"enemies":"Gremlin Nob","floor":6,"turns":5},{"damage":5,"enemies":"3 Louse","floor":8,"turns":4},{"damage":4,"enemies":"Blue Slaver","floor":10,"turns":6},{"damage":27,"enemies":"Lagavulin","floor":11,"turns":8},{"damage":10,"enemies":"Exordium Wildlife","floor":12,"turns":7},{"damage":1,"enemies":"3 Louse","floor":13,"turns":5},{"damage":24,"enemies":"Slime Boss","floor":16,"turns":16},{"damage":30,"enemies":"3 Byrds","floor":18,"turns":5},{"damage":40,"enemies":"Book of Stabbing","floor":24,"turns":6},{"damage":16,"enemies":"Slavers","floor":27,"turns":3}],"seed_played":"-5806772196268305205","potions_obtained":[{"floor":4,"key":"GamblersBrew"},{"floor":5,"key":"AttackPotion"},{"floor":10,"key":"GamblersBrew"},{"floor":12,"key":"Dexterity Potion"},{"floor":16,"key":"DuplicationPotion"},{"floor":18,"key":"SneckoOil"}],"is_trial":false,"path_per_floor":["M","?","$","M","M","E","R","M","T","M","E","M","M","?","R","B",null,"M","?","$","T","?","R","E","R","T","E"],"character_chosen":"CHRONO_CLASS","items_purchased":["HandsUpC","PowerPotion","Block Potion"],"campfire_rested":4,"item_purchase_floors":[3,3,20],"current_hp_per_floor":[43,65,65,65,56,40,59,54,54,50,23,13,12,12,30,6,60,30,30,30,30,30,48,8,26,26,10,10],"gold":499,"neow_bonus":"THREE_RARE_CARDS","is_daily":false,"chose_seed":false,"campfire_upgraded":0,"win_rate":0.0,"timestamp":1611172952,"path_taken":["M","?","$","M","M","E","R","M","T","M","E","M","?","?","R","BOSS","M","?","$","?","?","R","E","R","T","E"],"items_purchased_type":["Card","Potion","Potion"],"build_version":"2020-12-22","purchased_purges":0,"victory":false,"max_hp_per_floor":[65,65,65,65,65,65,65,65,65,65,65,65,65,60,60,60,60,60,60,60,60,60,60,60,60,60,60,60],"card_choices":[{"not_picked":["Flay","LockedBell"],"picked":"OldTimer","floor":0},{"not_picked":["LockedAnchor","ReapSow"],"picked":"BlueShift","floor":1},{"not_picked":["Engulf","PrimeTime"],"picked":"LockedOrichalcum","floor":4},{"not_picked":["LockedAnchor","LockedBlood"],"picked":"OldTimer","floor":5},{"not_picked":["HandsUpC","OldTimer"],"picked":"LockedMercury","floor":6},{"not_picked":["Stagnate","ResonantCall"],"picked":"LockedMawBank","floor":8},{"not_picked":["Engulf","CrunchTime"],"picked":"LockedOrichalcum","floor":10},{"not_picked":["AlternateTimeline","LockedBlood"],"picked":"BlueShift","floor":11},{"not_picked":["Analog","PrimeTime"],"picked":"LockedWarPaint","floor":12},{"not_picked":["ShortSighted","BiteCommand","Break"],"picked":"SKIP","floor":13},{"not_picked":["OldTimer","MasterKey"],"picked":"RageCommand","floor":16},{"not_picked":["ShortSighted","AlternateTimeline+1"],"picked":"WindUp","floor":18},{"not_picked":["AlternateTimeline","LockedTornado","Analog"],"picked":"SKIP","floor":24}],"player_experience":838221,"relics_obtained":[{"floor":6,"key":"Anchor"},{"floor":9,"key":"Tiny Chest"},{"floor":11,"key":"MysticCrockPot"},{"floor":21,"key":"Ornamental Fan"},{"floor":24,"key":"SlipperyGoo"},{"floor":26,"key":"CeramicFish"}],"event_choices":[{"damage_healed":22,"gold_gain":0,"player_choice":"Full Heal","damage_taken":0,"max_hp_gain":0,"max_hp_loss":0,"event_name":"Wheel of Change","floor":2,"gold_loss":0},{"damage_healed":0,"gold_gain":0,"player_choice":"Lose Max HP","damage_taken":0,"relics_obtained":["Golden Idol"],"max_hp_gain":0,"max_hp_loss":5,"event_name":"Golden Idol","floor":14,"gold_loss":0},{"damage_healed":0,"gold_gain":0,"player_choice":"Inject Mutagens","damage_taken":0,"relics_obtained":["MutagenicStrength"],"max_hp_gain":0,"max_hp_loss":0,"event_name":"Drug Dealer","floor":19,"gold_loss":0},{"damage_healed":0,"gold_gain":99,"player_choice":"Stole From Cult","damage_taken":0,"max_hp_gain":0,"max_hp_loss":0,"event_name":"Nest","floor":22,"gold_loss":0}],"is_beta":false,"boss_relics":[{"not_picked":["Calling Bell","Busted Crown"],"picked":"Chronograph"}],"items_purged_floors":[],"is_endless":false,"potions_floor_spawned":[4,5,10,12,16,18],"killed_by":"Slavers","ascension_level":0}}