{"host":"2sct7qpnpunnnd84","time":1611133550,"event":{"mods":["BaseMod","Googly Eyes","Minty Spire (QoL Compilation)","Quick Restart","Shop Mod","StSLib","The Bug Knight","The IronCluck"],"gold_per_floor":[113,128,128,128,203,236,236,249,327,327,351,202,221,240,240,345,345,365,365,384,407,426,426,426,426],"floor_reached":24,"language":"ENG","playtime":1694,"items_purged":[],"score":225,"play_id":"b043b1bd-d919-4fa8-9009-c8e4259cc9d9","local_time":"20210120010550","is_ascension_mode":false,"campfire_choices":[{"data":"Flex","floor":7,"key":"SMITH"},{"data":"Bash","floor":10,"key":"SMITH"},{"data":"Flex","floor":15,"key":"SMITH"},{"floor":23,"key":"REST"}],"circlet_count":0,"master_deck":["Strike_R","Strike_R","Strike_R","Strike_R","Strike_R","Defend_R","Defend_R","Defend_R","Defend_R","Bash+1","Flex+1","Headbutt","Headbutt","Flex+1","Evolve","Feed","Inflame","Dual Wield","Evolve+1","Heavy Blade"],"relics":["Burning Blood","NeowsBlessing","CeramicFish","Blue Candle","Bronze Scales","SacredBark"],"acts_visited":["Exordium","TheCity"],"potions_floor_usage":[16,21,22,24],"damage_taken":[{"damage":0,"enemies":"Jaw Worm","floor":1,"turns":1},{"damage":0,"enemies":"Small Slimes","floor":2,"turns":1},{"damage":0,"enemies":"HollowMod:MossKnight","floor":6,"turns":1},{"damage":6,"enemies":"Cultist","floor":8,"turns":3},{"damage":12,"enemies":"Lots of Slimes","floor":11,"turns":5},{"damage":0,"enemies":"Large Slime","floor":13,"turns":4},{"damage":7,"enemies":"3 Louse","floor":14,"turns":3},{"damage":18,"enemies":"Slime Boss","floor":16,"turns":7},{"damage":21,"enemies":"3 Byrds","floor":18,"turns":4},{"damage":29,"enemies":"Shell Parasite","floor":20,"turns":5},{"damage":70,"enemies":"Centurion and Healer","floor":21,"turns":7},{"damage":12,"enemies":"Shelled Parasite and Fungi","floor":22,"turns":8},{"damage":68,"enemies":"Book of Stabbing","floor":24,"turns":6}],"seed_played":"2802924621577879490","potions_obtained":[{"floor":2,"key":"PowerPotion"},{"floor":11,"key":"Regen Potion"},{"floor":14,"key":"HeartOfIron"},{"floor":22,"key":"Block Potion"}],"is_trial":false,"path_per_floor":["M","M","$","?","?","E","R","M","T","R","M","$","M","M","R","B",null,"M","?","M","M","M","R","E"],"character_chosen":"IRONCLAD","items_purchased":["Bronze Scales"],"campfire_rested":1,"item_purchase_floors":[12],"current_hp_per_floor":[80,80,80,80,69,75,75,75,75,75,69,69,75,74,74,62,80,68,83,63,47,41,67,0,0],"gold":426,"neow_bonus":"THREE_ENEMY_KILL","is_daily":false,"chose_seed":false,"campfire_upgraded":3,"win_rate":0.0,"timestamp":1611133550,"path_taken":["M","M","$","?","?","E","R","M","T","R","M","?","M","M","R","BOSS","M","?","M","?","M","R","E"],"items_purchased_type":["Relic"],"build_version":"2020-12-22","purchased_purges":0,"victory":false,"max_hp_per_floor":[80,80,80,80,80,80,80,80,80,80,80,80,80,80,80,80,80,83,83,86,89,89,89,89,89],"card_choices":[{"not_picked":["Headbutt","Ghostly Armor"],"picked":"Flex","floor":1},{"not_picked":["Evolve","Iron Wave"],"picked":"Headbutt","floor":2},{"not_picked":["Blood for Blood","Clash","Reckless Charge"],"picked":"SKIP","floor":6},{"not_picked":["Power Through","Reckless Charge","Burning Pact"],"picked":"SKIP","floor":8},{"not_picked":["Havoc","Pummel"],"picked":"Headbutt","floor":11},{"not_picked":["Sword Boomerang","Fire Breathing"],"picked":"Flex","floor":13},{"not_picked":["Battle Trance","Wild Strike"],"picked":"Evolve","floor":14},{"not_picked":["Fiend Fire","Reaper"],"picked":"Feed","floor":16},{"not_picked":["Armaments","Flex"],"picked":"Inflame","floor":18},{"not_picked":["Combust+1","Infernal Blade+1"],"picked":"Dual Wield","floor":20},{"not_picked":["Sever Soul","Hemokinesis"],"picked":"Evolve+1","floor":21},{"not_picked":["Fire Breathing","Pummel"],"picked":"Heavy Blade","floor":22}],"player_experience":3402270,"relics_obtained":[{"floor":6,"key":"CeramicFish"},{"floor":9,"key":"Blue Candle"}],"event_choices":[{"damage_healed":0,"gold_gain":0,"player_choice":"Leave","damage_taken":0,"max_hp_gain":0,"max_hp_loss":0,"event_name":"The Cleric","floor":4,"gold_loss":0},{"damage_healed":0,"gold_gain":75,"player_choice":"Gather Gold","damage_taken":11,"max_hp_gain":0,"max_hp_loss":0,"event_name":"World of Goop","floor":5,"gold_loss":0},{"damage_healed":15,"gold_gain":0,"player_choice":"Full Heal","damage_taken":0,"max_hp_gain":0,"max_hp_loss":0,"event_name":"Wheel of Change","floor":19,"gold_loss":0}],"is_beta":false,"boss_relics":[{"not_picked":["Empty Cage","Runic Pyramid"],"picked":"SacredBark"}],"items_purged_floors":[],"is_endless":false,"potions_floor_spawned":[2,11,14,22],"killed_by":"Book of Stabbing","ascension_level":0}}