{"host":"sc0o2qwpf9j16a4i","time":1611148372,"event":{"mods":["AchievementEnabler","BaseMod","BetterRewards","Block Reminder","Colored Map","Colored Powertips","Custom Start","Highlight Path","Minty Spire (QoL Compilation)","Relic Stats"],"gold_per_floor":[116,130,149,149,299,299,339,339,385,428,428,464,464,539,539,630,630,649,662,521,542,567,567,567,567,567,567,592,592,632,646,646,745,745,758,1033,1047,495,519,519,534,534,534,534,37,57,57,101,101,101,101,101,101,5,43,43],"floor_reached":57,"language":"ENG","playtime":1675,"items_purged":["Strike_R","Doubt","Regret","Doubt"],"score":3586,"play_id":"bf4511bd-635e-4750-a021-86d87e358e44","local_time":"20210120151252","is_ascension_mode":true,"campfire_choices":[{"data":"Whirlwind","floor":6.0,"key":"SMITH"},{"data":"Combust","floor":8.0,"key":"SMITH"},{"data":"Inflame","floor":11.0,"key":"SMITH"},{"data":"Seeing Red","floor":13.0,"key":"SMITH"},{"data":"Bash","floor":15.0,"key":"SMITH"},{"data":"Offering","floor":23.0,"key":"SMITH"},{"data":"Uppercut","floor":25.0,"key":"SMITH"},{"data":"Flex","floor":29.0,"key":"SMITH"},{"data":"True Grit","floor":32.0,"key":"SMITH"},{"floor":40.0,"key":"RECALL"},{"data":"Shockwave","floor":42.0,"key":"SMITH"},{"data":"Disarm","floor":44.0,"key":"SMITH"},{"floor":49.0,"key":"REST"},{"data":"Apotheosis","floor":53,"key":"SMITH"}],"circlet_count":0,"master_deck":["AscendersBane","Strike_R","Strike_R","Strike_R","Strike_R","Defend_R","Defend_R","Defend_R","Defend_R","Bash+1","Whirlwind+1","Inflame+1","Thunderclap","Combust+1","Shrug It Off","Double Tap","Seeing Red+1","Offering+1","Disarm+1","Shrug It Off","Evolve","Uppercut+1","Flex+1","True Grit+1","Corruption","Seeing Red+1","Flame Barrier","True Grit+1","Shockwave+1","Immolate","Bloodletting","Shrug It Off","Impervious","Parasite","Secret Technique","Discovery","Apotheosis+1","Demon Form","Flame Barrier","True Grit","Shockwave"],"relics":["Burning Blood","ClockworkSouvenir","PreservedInsect","Regal Pillow","Chemical X","Bronze Scales","Letter Opener","Meat on the Bone","OrangePellets","Anchor","Golden Idol","Strawberry","Orichalcum","TungstenRod","Mango","Cursed Key","Enchiridion","MutagenicStrength","Blood Vial","Sozu","Red Skull","Gremlin Horn","Orrery","Molten Egg 2","Bag of Marbles"],"acts_visited":["Exordium","TheCity","TheBeyond","TheEnding"],"potions_floor_usage":[],"damage_taken":[{"damage":0.0,"enemies":"Cultist","floor":1.0,"turns":2.0},{"damage":0.0,"enemies":"2 Louse","floor":2.0,"turns":2.0},{"damage":0.0,"enemies":"Small Slimes","floor":3.0,"turns":2.0},{"damage":3.0,"enemies":"Lagavulin","floor":7.0,"turns":4.0},{"damage":0.0,"enemies":"3 Sentries","floor":10.0,"turns":1.0},{"damage":0.0,"enemies":"Lagavulin","floor":12.0,"turns":3.0},{"damage":36.0,"enemies":"Slime Boss","floor":16.0,"turns":7.0},{"damage":10.0,"enemies":"Chosen","floor":18.0,"turns":3.0},{"damage":5.0,"enemies":"3 Byrds","floor":19.0,"turns":2.0},{"damage":0.0,"enemies":"3 Cultists","floor":21.0,"turns":2.0},{"damage":7.0,"enemies":"Snecko","floor":22.0,"turns":4.0},{"damage":0.0,"enemies":"Centurion and Healer","floor":28.0,"turns":3.0},{"damage":7.0,"enemies":"Book of Stabbing","floor":30.0,"turns":3.0},{"damage":10.0,"enemies":"Cultist and Chosen","floor":31.0,"turns":3.0},{"damage":5.0,"enemies":"Champ","floor":33.0,"turns":6.0},{"damage":5.0,"enemies":"3 Shapes","floor":35.0,"turns":1.0},{"damage":11.0,"enemies":"3 Darklings","floor":37.0,"turns":2.0},{"damage":17.0,"enemies":"4 Shapes","floor":39.0,"turns":3.0},{"damage":24.0,"enemies":"Sphere and 2 Shapes","floor":41.0,"turns":4.0},{"damage":27.0,"enemies":"Writhing Mass","floor":46.0,"turns":5.0},{"damage":0.0,"enemies":"Giant Head","floor":48.0,"turns":4.0},{"damage":34,"enemies":"Awakened One","floor":50,"turns":6},{"damage":53,"enemies":"Time Eater","floor":51,"turns":6},{"damage":37,"enemies":"Shield and Spear","floor":55,"turns":4},{"damage":37,"enemies":"The Heart","floor":56,"turns":8}],"seed_played":"-9201102117436809308","potions_obtained":[{"floor":1.0,"key":"FearPotion"},{"floor":7.0,"key":"Weak Potion"},{"floor":12.0,"key":"Block Potion"},{"floor":19.0,"key":"AttackPotion"},{"floor":22.0,"key":"Explosive Potion"},{"floor":31.0,"key":"Swift Potion"},{"floor":33.0,"key":"PowerPotion"}],"is_trial":false,"path_per_floor":["M","M","M","?","?","R","E","R","T","E","R","E","R","?","R","B",null,"M","M","$","M","M","R","?","R","T","?","M","R","E","M","R","B",null,"M","?","M","$","M","R","M","R","T","R","$","M","?","E","R","B","B",null,"R","$","E","B",null],"character_chosen":"IRONCLAD","items_purchased":["ClockworkSouvenir","PreservedInsect","Regal Pillow","Chemical X","Whirlwind","Bronze Scales","Letter Opener","Inflame","Meat on the Bone","OrangePellets","Anchor","Thunderclap","Evolve","Red Skull","Gremlin Horn","Orrery","Impervious","Flame Barrier","True Grit"],"campfire_rested":1,"item_purchase_floors":[0,0,0,0,0,0,0,0,0,0,0,0,20,38,38,45,45,54,54],"current_hp_per_floor":[39,45,51,51,51,51,61,61,61,67,67,87,87,77,77,59,82,78,79,79,85,84,84,67,67,67,67,73,73,72,70,70,73,85,88,88,84,84,75,75,59,59,59,59,59,52,43,51,89,61,28,74,74,74,57,40],"gold":43,"neow_bonus":"","is_daily":false,"chose_seed":false,"campfire_upgraded":12,"win_rate":0.0,"timestamp":1611148372,"path_taken":["M","M","M","?","?","R","E","R","T","E","R","E","R","?","R","BOSS","M","M","$","M","M","R","?","R","T","?","M","R","E","M","R","BOSS","M","?","?","$","M","R","M","R","T","R","$","M","?","E","R","BOSS","BOSS","R","$","E","BOSS"],"items_purchased_type":["Relic","Relic","Relic","Relic","Card","Relic","Relic","Card","Relic","Relic","Relic","Card","Card","Relic","Relic","Relic","Card","Card","Card"],"build_version":"2020-12-22","purchased_purges":4,"victory":true,"max_hp_per_floor":[75,75,75,68,68,68,75,75,75,75,75,89,89,89,89,89,89,89,89,89,89,89,89,89,89,89,89,89,89,89,89,89,89,89,89,89,89,89,89,89,89,89,89,89,89,89,89,89,89,89,89,89,89,89,89,89],"relic_stats":{"Regal Pillow":12,"Gremlin Horn":[9,9],"counters":[283,1503],"Golden Idol":186,"PreservedInsect":2392,"Letter Opener":[296],"Orichalcum":[90],"Cursed Key":1,"Burning Blood":1237,"Blood Vial":21,"Sozu":12,"OrangePellets":[23],"Bronze Scales":[279],"Chemical X":[54],"obtain_stats":[{"Whetstone":26,"Ginger":44,"Bottled Tornado":53,"Sling":0,"Blood Vial":24,"Sundial":7,"MealTicket":40,"Fusion Hammer":17,"Kunai":0,"Pear":14,"Blue Candle":0,"Velvet Choker":17,"Eternal Feather":12,"Pen Nib":31,"Akabeko":17,"SlaversCollar":17,"MutagenicStrength":27,"Snecko Eye":17,"Mark of Pain":34,"CultistMask":2,"StrikeDummy":55,"Unceasing Top":54,"Lantern":32,"Regal Pillow":9,"Singing Bowl":25,"Torii":30,"Magic Flower":7,"Bag of Preparation":0,"Cursed Key":17,"Ancient Tea Set":24,"Smiling Mask":12,"Burning Blood":0,"Shovel":3,"Chemical X":0,"InkBottle":9,"Paper Frog":17,"Potion Belt":0,"Lee\u0027s Waffle":0,"Self Forming Clay":9,"Golden Idol":4,"PreservedInsect":0,"Omamori":0,"MawBank":29,"Busted Crown":34,"Ornamental Fan":0,"Orrery":45,"Turnip":54,"Art of War":3,"Champion Belt":14,"Bottled Lightning":55,"Toy Ornithopter":0,"Ice Cream":9,"Tiny House":0,"Gremlin Horn":0,"Nilry\u0027s Codex":19,"CeramicFish":23,"Vajra":27,"Sozu":17,"Centennial Puzzle":8,"HornCleat":0,"DollysMirror":20,"Strawberry":0,"Happy Flower":0,"Dead Branch":47,"Oddly Smooth Stone":0,"Charon\u0027s Ashes":10,"Letter Opener":0,"War Paint":30,"Question Card":0,"OrangePellets":0,"Bottled Flame":24,"Shuriken":7,"Bronze Scales":12,"Molten Egg 2":0,"Nloth\u0027s Gift":31,"Meat on the Bone":24,"Darkstone Periapt":44,"Enchiridion":24,"Mango":12,"Incense Burner":48,"Juzu Bracelet":0,"ClockworkSouvenir":54,"Frozen Eye":0,"Nunchaku":7,"Dream Catcher":44,"Mummified Hand":22,"Gambling Chip":9,"Pantograph":0,"Tiny Chest":23,"Red Mask":19,"Red Skull":7,"Runic Pyramid":34,"Orichalcum":0,"Medical Kit":54,"Calling Bell":17,"Strange Spoon":30,"Anchor":6,"CaptainsWheel":28,"Bag of Marbles":14,"Membership Card":22,"FossilizedHelix":55,"TungstenRod":10},{"Whetstone":47,"Ginger":57,"Bottled Tornado":101,"Sling":103,"Blood Vial":47,"Sundial":80,"MealTicket":55,"Fusion Hammer":43,"Kunai":174,"Pear":210,"Blue Candle":64,"Velvet Choker":8,"Eternal Feather":6,"Pen Nib":119,"Akabeko":112,"SlaversCollar":72,"MutagenicStrength":269,"Snecko Eye":154,"Mark of Pain":28,"CultistMask":77,"StrikeDummy":257,"Unceasing Top":101,"Lantern":27,"Regal Pillow":180,"Singing Bowl":23,"Torii":49,"Magic Flower":14,"Bag of Preparation":32,"Cursed Key":19,"Ancient Tea Set":22,"Smiling Mask":182,"Burning Blood":0,"Shovel":13,"Chemical X":11,"InkBottle":38,"Paper Frog":112,"Potion Belt":64,"Lee\u0027s Waffle":145,"Self Forming Clay":4,"Golden Idol":13,"PreservedInsect":103,"Omamori":32,"MawBank":159,"Busted Crown":246,"Ornamental Fan":145,"Orrery":277,"Turnip":172,"Art of War":34,"Champion Belt":83,"Bottled Lightning":228,"Toy Ornithopter":103,"Ice Cream":15,"Tiny House":0,"Gremlin Horn":64,"Nilry\u0027s Codex":20,"CeramicFish":116,"Vajra":159,"Sozu":238,"Centennial Puzzle":4,"HornCleat":204,"DollysMirror":10,"Strawberry":64,"Happy Flower":103,"Dead Branch":98,"Oddly Smooth Stone":103,"Charon\u0027s Ashes":81,"Letter Opener":64,"War Paint":49,"Question Card":64,"OrangePellets":64,"Bottled Flame":87,"Shuriken":148,"Bronze Scales":16,"Molten Egg 2":32,"Nloth\u0027s Gift":90,"Meat on the Bone":213,"Darkstone Periapt":251,"Enchiridion":269,"Mango":264,"Incense Burner":141,"Juzu Bracelet":204,"ClockworkSouvenir":63,"Frozen Eye":76,"Nunchaku":69,"Dream Catcher":167,"Mummified Hand":115,"Gambling Chip":124,"Pantograph":229,"Tiny Chest":22,"Red Mask":10,"Red Skull":37,"Runic Pyramid":51,"Orichalcum":174,"Medical Kit":101,"Calling Bell":112,"Strange Spoon":49,"Anchor":3,"CaptainsWheel":24,"Bag of Marbles":18,"Membership Card":21,"FossilizedHelix":203,"TungstenRod":263},{"Whetstone":192,"Ginger":276,"Bottled Tornado":558,"Sling":574,"Blood Vial":192,"Sundial":427,"MealTicket":258,"Fusion Hammer":179,"Kunai":975,"Pear":1190,"Blue Candle":344,"Velvet Choker":41,"Eternal Feather":21,"Pen Nib":664,"Akabeko":620,"SlaversCollar":392,"MutagenicStrength":1445,"Snecko Eye":910,"Mark of Pain":125,"CultistMask":413,"StrikeDummy":1407,"Unceasing Top":558,"Lantern":116,"Regal Pillow":991,"Singing Bowl":102,"Torii":201,"Magic Flower":69,"Bag of Preparation":147,"Cursed Key":89,"Ancient Tea Set":97,"Smiling Mask":1002,"Burning Blood":0,"Shovel":63,"Chemical X":59,"InkBottle":165,"Paper Frog":620,"Potion Belt":344,"Lee\u0027s Waffle":893,"Self Forming Clay":12,"Golden Idol":63,"PreservedInsect":574,"Omamori":147,"MawBank":917,"Busted Crown":1356,"Ornamental Fan":893,"Orrery":1470,"Turnip":965,"Art of War":153,"Champion Belt":438,"Bottled Lightning":1299,"Toy Ornithopter":574,"Ice Cream":72,"Tiny House":0,"Gremlin Horn":344,"Nilry\u0027s Codex":93,"CeramicFish":645,"Vajra":917,"Sozu":1325,"Centennial Puzzle":12,"HornCleat":1166,"DollysMirror":54,"Strawberry":344,"Happy Flower":574,"Dead Branch":528,"Oddly Smooth Stone":574,"Charon\u0027s Ashes":429,"Letter Opener":344,"War Paint":201,"Question Card":344,"OrangePellets":344,"Bottled Flame":457,"Shuriken":898,"Bronze Scales":76,"Molten Egg 2":147,"Nloth\u0027s Gift":472,"Meat on the Bone":1202,"Darkstone Periapt":1377,"Enchiridion":1445,"Mango":1427,"Incense Burner":836,"Juzu Bracelet":1166,"ClockworkSouvenir":333,"Frozen Eye":410,"Nunchaku":363,"Dream Catcher":941,"Mummified Hand":639,"Gambling Chip":704,"Pantograph":1305,"Tiny Chest":97,"Red Mask":54,"Red Skull":162,"Runic Pyramid":225,"Orichalcum":975,"Medical Kit":558,"Calling Bell":620,"Strange Spoon":201,"Anchor":9,"CaptainsWheel":107,"Bag of Marbles":84,"Membership Card":95,"FossilizedHelix":1154,"TungstenRod":1424}],"TungstenRod":109,"Meat on the Bone":156},"card_choices":[{"not_picked":["Dual Wield","Carnage","Havoc"],"picked":"SKIP","floor":1.0},{"not_picked":["Body Slam","Thunderclap","Whirlwind"],"picked":"SKIP","floor":2.0},{"not_picked":["Sword Boomerang","Wild Strike"],"picked":"Combust","floor":3.0},{"not_picked":["Cleave","Whirlwind"],"picked":"Shrug It Off","floor":7.0},{"not_picked":["Sentinel","Carnage"],"picked":"Double Tap","floor":10.0},{"not_picked":["Cleave","Searing Blow"],"picked":"Seeing Red","floor":12.0},{"not_picked":["Demon Form","Double Tap"],"picked":"Offering","floor":16.0},{"not_picked":["Bloodletting","Clothesline"],"picked":"Disarm","floor":18.0},{"not_picked":["Perfected Strike","Carnage"],"picked":"Shrug It Off","floor":19.0},{"not_picked":["Twin Strike","Armaments"],"picked":"Uppercut","floor":21.0},{"not_picked":["Dropkick+1","Flex","Sentinel"],"picked":"SKIP","floor":22.0},{"not_picked":["Dropkick+1","Sentinel"],"picked":"Flex","floor":22.0},{"not_picked":["Combust","Anger+1","Pommel Strike"],"picked":"SKIP","floor":28.0},{"not_picked":["Cleave+1","Pummel"],"picked":"True Grit","floor":30.0},{"not_picked":["Headbutt","Flex","Sword Boomerang"],"picked":"SKIP","floor":31.0},{"not_picked":["Demon Form","Feed"],"picked":"Corruption","floor":33.0},{"not_picked":["Clothesline","Sword Boomerang"],"picked":"Seeing Red+1","floor":35.0},{"not_picked":["Cleave","Twin Strike+1"],"picked":"Flame Barrier","floor":37.0},{"not_picked":["Flex","Clash"],"picked":"True Grit+1","floor":39.0},{"not_picked":["Shrug It Off+1","Carnage"],"picked":"Shockwave","floor":41.0},{"not_picked":["Twin Strike","Dark Embrace+1"],"picked":"Immolate","floor":45.0},{"not_picked":["Infernal Blade","Sword Boomerang"],"picked":"Bloodletting","floor":45.0},{"not_picked":["Clash","True Grit"],"picked":"Shrug It Off","floor":45.0},{"not_picked":["Twin Strike","Searing Blow","Clothesline"],"picked":"SKIP","floor":46.0},{"not_picked":["Transmutation","Dark Shackles"],"picked":"Secret Technique","floor":47.0},{"not_picked":["Impatience","Finesse"],"picked":"Discovery","floor":47.0},{"not_picked":["Metamorphosis","Trip"],"picked":"Apotheosis","floor":47.0},{"not_picked":["Heavy Blade+1","Iron Wave+1"],"picked":"Demon Form","floor":48.0},{"not_picked":["Sever Soul+1","Wild Strike+1"],"picked":"Shockwave","floor":55}],"player_experience":783509,"relics_obtained":[{"floor":7.0,"key":"Strawberry"},{"floor":9.0,"key":"Orichalcum"},{"floor":10.0,"key":"TungstenRod"},{"floor":12.0,"key":"Mango"},{"floor":24.0,"key":"Enchiridion"},{"floor":30.0,"key":"Blood Vial"},{"floor":48.0,"key":"Molten Egg 2"},{"floor":55,"key":"Bag of Marbles"}],"event_choices":[{"damage_healed":0.0,"max_hp_gain":0.0,"max_hp_loss":7.0,"gold_gain":0.0,"event_name":"Golden Idol","player_choice":"Lose Max HP","floor":4.0,"gold_loss":0.0,"damage_taken":0.0,"relics_obtained":["Golden Idol"]},{"damage_healed":0.0,"max_hp_gain":0.0,"max_hp_loss":0.0,"gold_gain":150.0,"event_name":"Liars Game","player_choice":"AGREE","floor":5.0,"gold_loss":0.0,"damage_taken":0.0,"cards_obtained":["Doubt"]},{"damage_healed":0.0,"max_hp_gain":0.0,"max_hp_loss":0.0,"gold_gain":75.0,"event_name":"World of Goop","player_choice":"Gather Gold","floor":14.0,"gold_loss":0.0,"damage_taken":11.0},{"damage_healed":0.0,"max_hp_gain":0.0,"max_hp_loss":0.0,"gold_gain":0.0,"event_name":"Cursed Tome","player_choice":"Obtained Book","floor":24.0,"gold_loss":0.0,"damage_taken":21.0},{"damage_healed":0.0,"max_hp_gain":0.0,"max_hp_loss":0.0,"gold_gain":0.0,"event_name":"Drug Dealer","player_choice":"Inject Mutagens","floor":27.0,"gold_loss":0.0,"damage_taken":0.0,"relics_obtained":["MutagenicStrength"]},{"damage_healed":0.0,"max_hp_gain":0.0,"max_hp_loss":0.0,"gold_gain":275.0,"event_name":"Golden Shrine","player_choice":"Desecrate","floor":36.0,"gold_loss":0.0,"damage_taken":0.0,"cards_obtained":["Regret"]},{"damage_healed":0.0,"max_hp_gain":0.0,"max_hp_loss":0.0,"gold_gain":0.0,"event_name":"SensoryStone","player_choice":"Memory 3","floor":47.0,"gold_loss":0.0,"damage_taken":10.0}],"is_beta":false,"boss_relics":[{"not_picked":["Astrolabe","Calling Bell"],"picked":"Cursed Key"},{"not_picked":["Mark of Pain","Runic Cube"],"picked":"Sozu"}],"items_purged_floors":[0,20,38,45],"is_endless":false,"potions_floor_spawned":[1,7,12,16,19,21,22,31,33,35,39,41,48],"ascension_level":20}}