{"host":"ewfe3cr33ktd9xzj","time":1611124015,"event":{"mods":["AchievementEnabler","Arknights The Spire","BaseMod","Colored Map","Custom Start","DeckTracker","Minty Spire (QoL Compilation)","Permanent Neow","Quick Restart","Rare Cards Sparkle","StSLib","everything is the same but u backflip on backflip"],"gold_per_floor":[114,130,203,213,288,321,321,332,332,17,34,46,46,64,64,169,169,186,186,96,114,14,14,34,44,69,69,96,113,128,141,141,244,244,262,311,42,59,71,102,102,102,150,182,182,193,193,193,193,193,193,193,43,70,70,70],"floor_reached":55,"language":"KOR","playtime":2610,"items_purged":["ats:Strike C","Writhe","ats:Defend+1","ats:Defend"],"score":726,"play_id":"bb058466-610a-4034-8f95-828a9016485e","local_time":"20210120152655","is_ascension_mode":false,"campfire_choices":[{"data":"ats:Blood Oath","floor":7.0,"key":"SMITH"},{"data":"ats:Soul Rend","floor":13.0,"key":"SMITH"},{"data":"ats:Cat Scratch","floor":15.0,"key":"SMITH"},{"data":"ats:Emotion Absorption","floor":23.0,"key":"SMITH"},{"data":"ats:Demon Strength","floor":27.0,"key":"SMITH"},{"data":"ats:Healing Strengthening","floor":32.0,"key":"SMITH"},{"data":"ats:Composite Medical Shells","floor":42.0,"key":"SMITH"},{"data":"ats:Thermite Blade","floor":45.0,"key":"SMITH"},{"floor":47.0,"key":"RECALL"},{"data":"ats:Magnetic Hammer","floor":49.0,"key":"SMITH"},{"data":"ats:Red Shift","floor":52.0,"key":"SMITH"}],"circlet_count":0,"master_deck":["ats:Strike G","ats:Armor Crushing Shot","ats:Emotion Absorption+1","ats:Magnetic Hammer+1","ats:Blood Oath+1","ats:Cat Scratch+1","ats:Soul Rend+1","ats:Red Shift+1","ats:Healing Strengthening+1","ats:Shadow Assault","ats:Song Of Battle+1","ats:Rat Pack+1","ats:Overload+1","ats:Demon Strength+1","ats:Leaping Hammer+1","ats:Shadow Assault","ats:Thermite Blade+1","ats:Wolf Pack","ats:Composite Medical Shells+1"],"relics":["ats:Tactical Delivery","Shuriken","ats:Originium","Anchor","Meat on the Bone","Astrolabe","Incense Burner","PreservedInsect","Blood Vial","Velvet Choker","WingedGreaves","Vajra","Kunai","Blue Candle","Oddly Smooth Stone"],"acts_visited":["Exordium","TheCity","TheBeyond","TheEnding"],"potions_floor_usage":[54],"damage_taken":[{"damage":1.0,"enemies":"Cultist","floor":1.0,"turns":4.0},{"damage":2.0,"enemies":"Small Slimes","floor":2.0,"turns":4.0},{"damage":6.0,"enemies":"Jaw Worm","floor":4.0,"turns":3.0},{"damage":19.0,"enemies":"Gremlin Nob","floor":6.0,"turns":4.0},{"damage":2.0,"enemies":"Exordium Wildlife","floor":8.0,"turns":3.0},{"damage":5.0,"enemies":"Exordium Thugs","floor":11.0,"turns":5.0},{"damage":0.0,"enemies":"Looter","floor":12.0,"turns":2.0},{"damage":0.0,"enemies":"2 Fungi Beasts","floor":14.0,"turns":3.0},{"damage":33.0,"enemies":"The Guardian","floor":16.0,"turns":9.0},{"damage":20.0,"enemies":"2 Thieves","floor":18.0,"turns":5.0},{"damage":20.0,"enemies":"Shell Parasite","floor":21.0,"turns":5.0},{"damage":50.0,"enemies":"Sentry and Sphere","floor":24.0,"turns":6.0},{"damage":15.0,"enemies":"Snake Plant","floor":25.0,"turns":5.0},{"damage":0.0,"enemies":"Book of Stabbing","floor":28.0,"turns":4.0},{"damage":12.0,"enemies":"3 Cultists","floor":29.0,"turns":3.0},{"damage":19.0,"enemies":"Shelled Parasite and Fungi","floor":30.0,"turns":4.0},{"damage":19.0,"enemies":"Sentry and Sphere","floor":31.0,"turns":6.0},{"damage":24.0,"enemies":"Champ","floor":33.0,"turns":7.0},{"damage":5.0,"enemies":"3 Darklings","floor":35.0,"turns":5.0},{"damage":29.0,"enemies":"2 Orb Walkers","floor":36.0,"turns":5.0},{"damage":7.0,"enemies":"3 Shapes","floor":38.0,"turns":5.0},{"damage":0.0,"enemies":"3 Darklings","floor":39.0,"turns":3.0},{"damage":22.0,"enemies":"Reptomancer","floor":40.0,"turns":5.0},{"damage":15.0,"enemies":"Nemesis","floor":44.0,"turns":5.0},{"damage":10.0,"enemies":"Writhing Mass","floor":46.0,"turns":5.0},{"damage":51.0,"enemies":"Time Eater","floor":50.0,"turns":11.0},{"damage":53,"enemies":"Shield and Spear","floor":54,"turns":6},{"damage":10,"enemies":"The Heart","floor":55,"turns":3}],"seed_played":"1597529314046243626","potions_obtained":[{"floor":2.0,"key":"DuplicationPotion"},{"floor":8.0,"key":"EssenceOfSteel"},{"floor":11.0,"key":"PowerPotion"},{"floor":16.0,"key":"Block Potion"},{"floor":21.0,"key":"Strength Potion"},{"floor":25.0,"key":"ColorlessPotion"},{"floor":30.0,"key":"FearPotion"},{"floor":31.0,"key":"AttackPotion"},{"floor":39.0,"key":"SpeedPotion"},{"floor":40.0,"key":"Regen Potion"},{"floor":44.0,"key":"Energy Potion"}],"is_trial":false,"path_per_floor":["M","M","T","M","?","E","R","M","T","$","M","M","R","M","R","B",null,"M","?","?","M","$","R","M","M","T","R","E","M","M","M","R","B",null,"M","?","$","M","M","E","?","R","T","E","R","M","R","?","R","B",null,"R","$","E","B"],"character_chosen":"DOCTOR_CLASS","items_purchased":["ats:Cat Scratch","ats:Soul Rend","SkillPotion","Vajra"],"campfire_rested":0,"item_purchase_floors":[10,10,10,37],"current_hp_per_floor":[71,69,69,63,52,33,33,31,31,31,46,51,51,72,72,63,72,72,72,72,72,72,72,43,67,67,67,72,72,69,64,64,72,72,72,72,72,72,72,62,62,62,62,72,72,72,72,72,72,51,72,72,72,43,42,42],"gold":70,"neow_bonus":"BOSS_RELIC","is_daily":false,"chose_seed":false,"campfire_upgraded":10,"win_rate":0.0,"timestamp":1611124015,"path_taken":["M","M","?","M","?","E","R","M","T","$","?","M","R","M","R","BOSS","M","?","?","M","$","R","M","?","T","R","E","M","M","M","R","BOSS","M","?","$","M","M","E","?","R","T","E","R","?","R","?","R","BOSS","R","$","E","BOSS"],"items_purchased_type":["Card","Card","Potion","Relic"],"build_version":"2020-12-22","purchased_purges":4,"victory":false,"max_hp_per_floor":[72,72,72,72,72,72,72,72,72,72,72,72,72,72,72,72,72,72,72,72,72,72,72,72,72,72,72,72,72,72,72,72,72,72,72,72,72,72,72,72,72,72,72,72,72,72,72,72,72,72,72,72,72,72,72,72],"card_choices":[{"not_picked":["ats:Revitalization","ats:Leaping Hammer","ats:Childhood Dance"],"picked":"SKIP","floor":1.0},{"not_picked":["ats:Revitalization","ats:Ignite","ats:Flexible Camouflage"],"picked":"SKIP","floor":2.0},{"not_picked":["ats:Ambush","ats:Explosion Area Strengthen"],"picked":"ats:Magnetic Hammer","floor":4.0},{"not_picked":["ats:Shadow Raid","ats:Revitalization"],"picked":"ats:Blood Oath","floor":6.0},{"not_picked":["ats:Flame Of Heaven","ats:Flexible Camouflage","ats:Apocalypse"],"picked":"SKIP","floor":8.0},{"not_picked":["ats:Childhood Dance","ats:Curse Doll"],"picked":"ats:Red Shift","floor":11.0},{"not_picked":["ats:Explosion Area Strengthen","ats:Apocalypse"],"picked":"ats:Healing Strengthening","floor":12.0},{"not_picked":["ats:Curse Doll","ats:Directed Diagnosis","ats:Roar Of Ursus"],"picked":"SKIP","floor":14.0},{"not_picked":["ats:Calcification","ats:Rat Pack"],"picked":"ats:Shadow Assault","floor":16.0},{"not_picked":["ats:Leaping Hammer","ats:Counter Healing Mode+1","ats:Automatic Cover"],"picked":"SKIP","floor":18.0},{"not_picked":["ats:Flexible Camouflage","ats:Collapsing Strike+1","ats:Revitalization"],"picked":"SKIP","floor":21.0},{"not_picked":["ats:Overload+1","ats:Revitalization","ats:Consecutive Shot Auto"],"picked":"SKIP","floor":24.0},{"not_picked":["ats:Shell Defense","ats:Cat Scratch"],"picked":"ats:Demon Strength","floor":25.0},{"not_picked":["ats:Leaping Hammer+1","ats:Very Hot Blade","ats:Revitalization"],"picked":"SKIP","floor":28.0},{"not_picked":["ats:Very Hot Blade","ats:Revitalization"],"picked":"ats:Leaping Hammer+1","floor":28.0},{"not_picked":["ats:Revitalization","ats:Shell Defense","ats:Assault Order+1"],"picked":"SKIP","floor":29.0},{"not_picked":["ats:Cat Scratch","ats:Childhood Dance"],"picked":"ats:Shadow Assault","floor":30.0},{"not_picked":["ats:Poison Spread","ats:Powerful Strike"],"picked":"ats:Thermite Blade","floor":31.0},{"not_picked":["ats:Shadow Assault","ats:Soul Rend"],"picked":"ats:Wolf Pack","floor":33.0},{"not_picked":["ats:Flame Of Heaven+1","ats:Revitalization","ats:Hammer On"],"picked":"SKIP","floor":35.0},{"not_picked":["ats:Beaten Up","ats:Flexible Camouflage"],"picked":"ats:Composite Medical Shells","floor":36.0},{"not_picked":["ats:Curse Doll+1","ats:Assault Order","ats:Explosion Area Strengthen+1"],"picked":"SKIP","floor":38.0},{"not_picked":["ats:Revitalization+1","ats:Counter Healing Mode","ats:Thorns+1"],"picked":"SKIP","floor":39.0},{"not_picked":["ats:Thermite Blade+1","ats:Ignite+1","ats:Ambush"],"picked":"SKIP","floor":40.0},{"not_picked":["ats:Powerful Strike","ats:Curse Doll","ats:Leaping Hammer+1"],"picked":"SKIP","floor":44.0},{"not_picked":["ats:Apocalypse+1","ats:Consecutive Shot Auto","ats:Charging Defense+1"],"picked":"SKIP","floor":46.0},{"not_picked":["ats:Revitalization","ats:Childhood Dance+1","ats:Magnetic Hammer"],"picked":"SKIP","floor":54}],"player_experience":53506,"relics_obtained":[{"floor":3.0,"key":"Shuriken"},{"floor":6.0,"key":"ats:Originium"},{"floor":6.0,"key":"Anchor"},{"floor":9.0,"key":"Meat on the Bone"},{"floor":26.0,"key":"PreservedInsect"},{"floor":28.0,"key":"Blood Vial"},{"floor":36.0,"key":"WingedGreaves"},{"floor":40.0,"key":"Kunai"},{"floor":44.0,"key":"Blue Candle"},{"floor":54,"key":"Oddly Smooth Stone"}],"event_choices":[{"damage_healed":0.0,"max_hp_gain":0.0,"max_hp_loss":0.0,"gold_gain":75.0,"event_name":"World of Goop","player_choice":"Gather Gold","floor":5.0,"gold_loss":0.0,"damage_taken":11.0},{"damage_healed":0.0,"max_hp_gain":0.0,"max_hp_loss":0.0,"gold_gain":0.0,"event_name":"The Mausoleum","player_choice":"Opened","floor":19.0,"gold_loss":0.0,"damage_taken":0.0,"relics_obtained":["Incense Burner"],"cards_obtained":["Writhe"]},{"cards_removed":["ats:Strike S"],"damage_healed":0.0,"max_hp_gain":0.0,"max_hp_loss":0.0,"gold_gain":0.0,"event_name":"Designer","player_choice":"Upgrade and Remove","floor":20.0,"gold_loss":90.0,"damage_taken":0.0,"cards_upgraded":["ats:Defend"]},{"damage_healed":0.0,"max_hp_gain":0.0,"max_hp_loss":0.0,"gold_gain":0.0,"event_name":"Mysterious Sphere","player_choice":"Fight","floor":36.0,"gold_loss":0.0,"damage_taken":0.0},{"damage_healed":0.0,"max_hp_gain":0.0,"max_hp_loss":0.0,"gold_gain":0.0,"event_name":"Match and Keep!","player_choice":"0 cards matched","floor":41.0,"gold_loss":0.0,"damage_taken":0.0,"cards_obtained":[]},{"damage_healed":0.0,"max_hp_gain":0.0,"max_hp_loss":0.0,"gold_gain":0.0,"event_name":"Tomb of Lord Red Mask","player_choice":"Ignored","floor":48.0,"gold_loss":0.0,"damage_taken":0.0}],"is_beta":false,"boss_relics":[{"not_picked":["SlaversCollar","Empty Cage"],"picked":"Astrolabe"},{"not_picked":["Pandora\u0027s Box","Snecko Eye"],"picked":"Velvet Choker"}],"items_purged_floors":[10,22,37,53],"is_endless":false,"potions_floor_spawned":[2,8,11,14,16,21,25,30,31,39,40,44],"killed_by":"The Heart","ascension_level":0}}