{"host":"1u4zr9vl8my47i07","time":1611159917,"event":{"mods":["AchievementEnabler","BaseMod","Colored Map","DeckTracker","Highlight Path","Keyboard Shortcuts","Minty Spire (QoL Compilation)","Relic Stats","StSLib","SuperFastMode","Uncapped","Waifu the Spire","everything is the same but u backflip on backflip"],"gold_per_floor":[209,209,234,49,149,149,174,174,174],"floor_reached":8,"language":"KOR","playtime":161,"items_purged":[],"score":67,"play_id":"41ea7675-c373-4fc4-a7c8-ed06138a9f96","local_time":"20210121012517","is_ascension_mode":true,"campfire_choices":[{"data":"Eruption","floor":6,"key":"SMITH"}],"circlet_count":0,"master_deck":["Strike_P","Strike_P","Strike_P","Strike_P","Defend_P","Defend_P","Defend_P","Defend_P","Eruption+1","Vigilance","EmptyMind","Consecrate","Sadistic Nature","BattleHymn"],"relics":["PureWater","Golden Idol"],"acts_visited":["Exordium"],"potions_floor_usage":[],"damage_taken":[{"damage":7,"enemies":"Jaw Worm","floor":1,"turns":3},{"damage":16,"enemies":"2 Louse","floor":3,"turns":2},{"damage":1,"enemies":"Cultist","floor":7,"turns":3},{"damage":32,"enemies":"Gremlin Nob","floor":8,"turns":3}],"seed_played":"-6860459463166441805","potions_obtained":[],"is_trial":false,"path_per_floor":["M","?","M","$","?","R","M","E"],"character_chosen":"WATCHER","items_purchased":["Sadistic Nature"],"campfire_rested":0,"item_purchase_floors":[4],"current_hp_per_floor":[58,58,42,42,42,42,41,9,9],"gold":174,"neow_bonus":"HUNDRED_GOLD","is_daily":false,"chose_seed":false,"campfire_upgraded":1,"win_rate":0.0,"timestamp":1611159917,"path_taken":["M","?","M","$","?","R","M","E"],"items_purchased_type":["Card"],"build_version":"2020-12-22","purchased_purges":0,"victory":false,"max_hp_per_floor":[72,67,67,67,67,67,67,67,67],"relic_stats":{"counters":[4,11],"Golden Idol":10,"obtain_stats":[{"Golden Idol":2,"PureWater":0},{"Golden Idol":1,"PureWater":0},{"Golden Idol":3,"PureWater":0}]},"card_choices":[{"not_picked":["EmptyFist","FollowUp"],"picked":"EmptyMind","floor":1},{"not_picked":["PathToVictory","ClearTheMind"],"picked":"Consecrate","floor":3},{"not_picked":["EmptyBody","ClearTheMind"],"picked":"BattleHymn","floor":7}],"player_experience":359827,"relics_obtained":[],"event_choices":[{"damage_healed":0,"gold_gain":0,"player_choice":"Lose Max HP","damage_taken":0,"relics_obtained":["Golden Idol"],"max_hp_gain":0,"max_hp_loss":5,"event_name":"Golden Idol","floor":2,"gold_loss":0},{"damage_healed":0,"gold_gain":100,"player_choice":"Pray","damage_taken":0,"max_hp_gain":0,"max_hp_loss":0,"event_name":"Golden Shrine","floor":5,"gold_loss":0}],"is_beta":false,"boss_relics":[],"items_purged_floors":[],"is_endless":false,"potions_floor_spawned":[],"killed_by":"Gremlin Nob","ascension_level":9}}