{"host":"vfh4a5lsno7fg1vy","time":1611134746,"event":{"mods":["BaseMod","Minty Spire (QoL Compilation)","StSLib","Synergy Search"],"gold_per_floor":[115,115,115,133,12,40,57,68,93,113,288,305,305,316,316,316,316],"floor_reached":16,"language":"KOR","playtime":523,"items_purged":[],"score":142,"play_id":"b73bf088-e608-46a1-89e3-55b256a897cc","local_time":"20210120182546","is_ascension_mode":true,"campfire_choices":[{"floor":13,"key":"REST"},{"floor":15,"key":"REST"}],"circlet_count":0,"master_deck":["Strike_R","Strike_R","Strike_R+1","Strike_R","Strike_R","Defend_R","Defend_R+1","Defend_R","Defend_R","Bash","Cleave","Thunderclap","Enlightenment","Flame Barrier","Dropkick","Dual Wield","Heavy Blade","Carnage","Doubt","Limit Break","Infernal Blade"],"relics":["Burning Blood","NeowsBlessing","Strawberry","Boot"],"acts_visited":["Exordium"],"potions_floor_usage":[16,16,16],"damage_taken":[{"damage":0,"enemies":"Cultist","floor":1,"turns":1},{"damage":0,"enemies":"2 Louse","floor":4,"turns":1},{"damage":0,"enemies":"Gremlin Nob","floor":6,"turns":1},{"damage":10,"enemies":"Small Slimes","floor":7,"turns":3},{"damage":17,"enemies":"Exordium Wildlife","floor":8,"turns":4},{"damage":33,"enemies":"Large Slime","floor":10,"turns":8},{"damage":21,"enemies":"Blue Slaver","floor":12,"turns":3},{"damage":44,"enemies":"Exordium Thugs","floor":14,"turns":7},{"damage":55,"enemies":"Slime Boss","floor":16,"turns":6}],"seed_played":"-8969021228516659858","potions_obtained":[{"floor":3,"key":"Regen Potion"},{"floor":3,"key":"PowerPotion"},{"floor":3,"key":"BlessingOfTheForge"},{"floor":8,"key":"ColorlessPotion"}],"is_trial":false,"path_per_floor":["M","?","?","M","$","E","M","M","T","M","?","M","R","M","R","B"],"character_chosen":"IRONCLAD","items_purchased":["Enlightenment","Flame Barrier"],"campfire_rested":2,"item_purchase_floors":[5,5],"current_hp_per_floor":[80,64,64,70,70,83,79,68,68,41,41,26,52,14,40,0,0],"gold":316,"neow_bonus":"THREE_ENEMY_KILL","is_daily":false,"chose_seed":false,"campfire_upgraded":0,"win_rate":0.0,"timestamp":1611134746,"path_taken":["M","?","?","M","$","E","M","M","T","?","?","M","R","M","R","BOSS"],"items_purchased_type":["Card","Card"],"build_version":"2020-12-22","purchased_purges":0,"victory":false,"max_hp_per_floor":[80,80,80,80,80,87,87,87,87,87,87,87,87,87,87,87,87],"card_choices":[{"not_picked":["Body Slam","Wild Strike"],"picked":"Cleave","floor":1},{"not_picked":["Pommel Strike","Warcry"],"picked":"Thunderclap","floor":4},{"not_picked":["Anger","Spot Weakness"],"picked":"Dropkick","floor":6},{"not_picked":["Headbutt","Iron Wave"],"picked":"Dual Wield","floor":7},{"not_picked":["Perfected Strike","Intimidate"],"picked":"Heavy Blade","floor":8},{"not_picked":["Metallicize","Dual Wield"],"picked":"Carnage","floor":10},{"not_picked":["Pommel Strike","Headbutt"],"picked":"Limit Break","floor":12},{"not_picked":["Havoc","Rupture"],"picked":"Infernal Blade","floor":14}],"player_experience":208597,"relics_obtained":[{"floor":6,"key":"Strawberry"},{"floor":9,"key":"Boot"}],"event_choices":[{"damage_healed":0,"gold_gain":0,"player_choice":"Entered Light","damage_taken":16,"max_hp_gain":0,"max_hp_loss":0,"event_name":"Shining Light","floor":2,"gold_loss":0,"cards_upgraded":["Defend_R","Strike_R"]},{"damage_healed":0,"gold_gain":0,"player_choice":"Got Potions","damage_taken":0,"max_hp_gain":0,"max_hp_loss":0,"event_name":"Lab","floor":3,"gold_loss":0},{"damage_healed":0,"gold_gain":175,"player_choice":"AGREE","damage_taken":0,"max_hp_gain":0,"max_hp_loss":0,"event_name":"Liars Game","floor":11,"gold_loss":0,"cards_obtained":["Doubt"]}],"is_beta":false,"boss_relics":[],"items_purged_floors":[],"is_endless":false,"potions_floor_spawned":[6,8,10,12],"killed_by":"Slime Boss","ascension_level":2}}