{"host":"rzpi613efy9j52u4","time":1611157644,"event":{"mods":["Aspiration","BaseMod","BetterRewards","Colored Powertips","Downfall","Googly Eyes","Hubris","Minty Spire (QoL Compilation)","Rare Cards Sparkle","Shop Mod","StSLib","The Disciple","The Hierophant","The Poker Player"],"gold_per_floor":[114,114,114,114,133,133,151,116,116,116,78,91,134,64,64,64,64,64],"floor_reached":16,"language":"ENG","playtime":774,"items_purged":[],"score":148,"play_id":"7f85345c-4e5a-45c4-9681-515aba7a8d3b","local_time":"20210120104724","is_ascension_mode":false,"metric_token":914,"campfire_choices":[{"data":"PokerPlayerMod:Mulligan","floor":6,"key":"SMITH"},{"data":"PokerPlayerMod:CardPrinter","floor":15,"key":"SMITH"}],"circlet_count":0,"master_deck":["PokerPlayerMod:Diamond1","PokerPlayerMod:Diamond2","PokerPlayerMod:Diamond3","PokerPlayerMod:Diamond4","PokerPlayerMod:Diamond5","PokerPlayerMod:Spade1","PokerPlayerMod:Spade2","PokerPlayerMod:Spade3","PokerPlayerMod:Spade4","PokerPlayerMod:Club1","PokerPlayerMod:Club2","PokerPlayerMod:Heart2","PokerPlayerMod:TrumpStrike","PokerPlayerMod:BadJoker","PokerPlayerMod:Mulligan+1","PokerPlayerMod:ClubDance","PokerPlayerMod:Club3","PokerPlayerMod:Configure","PokerPlayerMod:DamnStraight","PokerPlayerMod:RiskyBet","PokerPlayerMod:Club3","PokerPlayerMod:CardPrinter+1"],"relics":["PokerPlayerMod:DeckCase","Ice Cream","Vajra","Golden Idol","Peace Pipe","hubris:SlimyHat"],"acts_visited":["Exordium"],"potions_floor_usage":[13,13,13,13,16,16],"damage_taken":[{"damage":9,"enemies":"Small Slimes","floor":1,"turns":3},{"damage":6,"enemies":"Jaw Worm","floor":5,"turns":3},{"damage":4,"enemies":"2 Louse","floor":7,"turns":2},{"damage":12,"enemies":"2 Fungi Beasts","floor":12,"turns":3},{"damage":39,"enemies":"Gremlin Nob","floor":13,"turns":5},{"damage":12,"enemies":"The Guardian","floor":16,"turns":4}],"seed_played":"-4395665682042628825","potions_obtained":[{"floor":5,"key":"GamblersBrew"},{"floor":7,"key":"Dexterity Potion"},{"floor":10,"key":"EntropicBrew"},{"floor":10,"key":"Guardian:BlockOnCardUsePotion"},{"floor":10,"key":"Regen Potion"}],"is_trial":false,"path_per_floor":["M","?","?","?","M","R","M","?","T","?","$","M","E","$","R","B"],"character_chosen":"THE_POKER_PLAYER","items_purchased":["Vajra","PokerPlayerMod:DamnStraight","PokerPlayerMod:CardPrinter"],"campfire_rested":0,"item_purchase_floors":[0,11,14],"current_hp_per_floor":[32,49,36,39,33,33,31,44,44,44,44,34,11,11,11,0,0,0],"gold":64,"neow_bonus":"","is_daily":false,"chose_seed":false,"campfire_upgraded":2,"win_rate":0.0,"timestamp":1611157644,"path_taken":["M","?","?","?","M","R","M","?","T","?","$","?","E","$","R","BOSS"],"items_purchased_type":["Relic","Card","Card"],"build_version":"2020-12-13","purchased_purges":0,"victory":false,"max_hp_per_floor":[52,52,52,55,55,55,55,55,55,55,55,55,55,55,55,55,55,55],"card_choices":[{"not_picked":["PokerPlayerMod:FillThePot","PokerPlayerMod:CloakAndDiamond"],"picked":"PokerPlayerMod:ClubDance","floor":1},{"not_picked":["PokerPlayerMod:Spade3","PokerPlayerMod:Diamond2"],"picked":"PokerPlayerMod:Club3","floor":5},{"not_picked":["PokerPlayerMod:Club3","PokerPlayerMod:Spade1"],"picked":"PokerPlayerMod:Configure","floor":7},{"not_picked":["PokerPlayerMod:Spade2","PokerPlayerMod:CardBurn"],"picked":"PokerPlayerMod:RiskyBet","floor":12},{"not_picked":["PokerPlayerMod:Spade2","PokerPlayerMod:DiamondStrike"],"picked":"PokerPlayerMod:Club3","floor":13}],"player_experience":50403,"relics_obtained":[{"floor":9,"key":"Peace Pipe"},{"floor":13,"key":"hubris:SlimyHat"}],"event_choices":[{"damage_healed":17,"gold_gain":0,"player_choice":"Banana","damage_taken":0,"max_hp_gain":0,"max_hp_loss":0,"event_name":"Big Fish","floor":2,"gold_loss":0},{"damage_healed":0,"gold_gain":0,"player_choice":"Take Damage","damage_taken":13,"relics_obtained":["Golden Idol"],"max_hp_gain":0,"max_hp_loss":0,"event_name":"Golden Idol","floor":3,"gold_loss":0},{"damage_healed":13,"gold_gain":0,"player_choice":"Healed","damage_taken":0,"max_hp_gain":0,"max_hp_loss":0,"event_name":"The Cleric","floor":8,"gold_loss":35},{"damage_healed":0,"gold_gain":0,"player_choice":"Got Potions","damage_taken":0,"max_hp_gain":0,"max_hp_loss":0,"event_name":"Lab","floor":10,"gold_loss":0}],"is_beta":false,"boss_relics":[],"items_purged_floors":[],"is_endless":false,"potions_floor_spawned":[5,7],"killed_by":"The Guardian","ascension_level":0}}