{"host":"47mn4tgofsdu2qaz","time":1611114663,"event":{"mods":["BaseMod","Marisa????????","Minty Spire (QoL Compilation)"],"gold_per_floor":[219,219,219,394,409,443,458,458,481,504,504,504],"floor_reached":11,"language":"ENG","playtime":699,"items_purged":[],"score":73,"play_id":"ed8dcf5d-e7a4-414a-b814-367d7c8a00d7","local_time":"20210119205103","is_ascension_mode":false,"campfire_choices":[{"floor":8,"key":"REST"}],"circlet_count":0,"master_deck":["Strike_MRS","Strike_MRS","Strike_MRS","Strike_MRS","Defend_MRS","Defend_MRS","Defend_MRS","Defend_MRS","MasterSpark","UpSweep","PowerUp","Doubt","Orbital","Orbital","MagicAbsorber","MagicAbsorber"],"relics":["MiniHakkero","Golden Idol","Blood Vial","Bag of Preparation","Centennial Puzzle"],"acts_visited":["Exordium"],"potions_floor_usage":[6,11,11],"damage_taken":[{"damage":1,"enemies":"2 Louse","floor":1,"turns":3},{"damage":6,"enemies":"Jaw Worm","floor":5,"turns":3},{"damage":39,"enemies":"Lagavulin","floor":6,"turns":11},{"damage":0,"enemies":"Cultist","floor":7,"turns":3},{"damage":18,"enemies":"Gremlin Gang","floor":10,"turns":5},{"damage":22,"enemies":"3 Sentries","floor":11,"turns":6}],"seed_played":"-6082305740311214500","potions_obtained":[{"floor":5,"key":"GamblersBrew"},{"floor":6,"key":"LiquidMemories"},{"floor":10,"key":"Weak Potion"}],"is_trial":false,"path_per_floor":["M","?","?","?","M","E","M","R","T","M","E"],"character_chosen":"MARISA","items_purchased":[],"campfire_rested":1,"item_purchase_floors":[],"current_hp_per_floor":[74,56,49,49,45,8,10,32,32,16,0,0],"gold":504,"neow_bonus":"HUNDRED_GOLD","is_daily":false,"chose_seed":false,"campfire_upgraded":0,"win_rate":0.0,"timestamp":1611114663,"path_taken":["M","?","?","?","?","E","?","R","T","M","E"],"items_purchased_type":[],"build_version":"2020-12-22","purchased_purges":0,"victory":false,"max_hp_per_floor":[75,75,75,75,75,75,75,75,75,75,75,75],"card_choices":[{"not_picked":["UnstableBomb","AsteroidBelt"],"picked":"PowerUp","floor":1},{"not_picked":["IllusionStar","GrandCross"],"picked":"Orbital","floor":5},{"not_picked":["PowerUp","FinalSpark"],"picked":"Orbital","floor":6},{"not_picked":["UnstableBomb","6A"],"picked":"MagicAbsorber","floor":7},{"not_picked":["GrandCross","DoubleSpark"],"picked":"MagicAbsorber","floor":10}],"player_experience":64134,"relics_obtained":[{"floor":6,"key":"Bag of Preparation"},{"floor":9,"key":"Centennial Puzzle"}],"event_choices":[{"damage_healed":0,"gold_gain":0,"player_choice":"Take Damage","damage_taken":18,"relics_obtained":["Golden Idol"],"max_hp_gain":0,"max_hp_loss":0,"event_name":"Golden Idol","floor":2,"gold_loss":0},{"damage_healed":0,"gold_gain":0,"player_choice":"Success","damage_taken":7,"relics_obtained":["Blood Vial"],"max_hp_gain":0,"max_hp_loss":0,"event_name":"Scrap Ooze","floor":3,"gold_loss":0},{"damage_healed":0,"gold_gain":175,"player_choice":"AGREE","damage_taken":0,"max_hp_gain":0,"max_hp_loss":0,"event_name":"Liars Game","floor":4,"gold_loss":0,"cards_obtained":["Doubt"]}],"is_beta":false,"boss_relics":[],"items_purged_floors":[],"is_endless":false,"potions_floor_spawned":[5,6,10],"killed_by":"3 Sentries","ascension_level":0}}