{"host":"25fn74ijs2305xd4","time":1611168761,"event":{"mods":["AchievementEnabler","BaseMod","Colored Map","Colored Powertips","Dark Map","Downfall","Minty Spire (QoL Compilation)","Relic Stats","StSLib"],"gold_per_floor":[99,99,199,113,113,148,175,185,202,220,248,248,275,275,294,397,397,297,66,81,181,198,198,198,198],"floor_reached":23,"language":"POL","playtime":1915,"items_purged":["champ:Strike"],"score":232,"play_id":"2b1addab-4846-4ecb-bdf9-c48b6104905d","local_time":"20210120195241","is_ascension_mode":false,"campfire_choices":[{"data":"champ:Taunt","floor":1,"key":"SMITH"},{"data":"champ:IronFortress","floor":12,"key":"SMITH"},{"data":"champ:Encircle","floor":18,"key":"SMITH"}],"circlet_count":0,"master_deck":["champ:Strike","champ:Strike","champ:Defend","champ:Defend","champ:Defend","champ:Defend","champ:Execute","champ:Taunt+1","champ:TripleStrike","champ:Backstep","champ:FaceSlap","champ:GutPunch","champ:FocusedBerserking","champ:FocusedBerserking","champ:CalledShot","champ:AdrenalArmor","champ:HeartStrike","champ:PreciseThrust","champ:IronFortress+1","champ:BringItOn","champ:Encircle+1","champ:StanceDance","champ:VampiricStrike","champ:DeathBlow","expansioncontent:DashGenerateEvil","champ:BerserkersShout","champ:IronFortress","champ:Duel","champ:SetATrap+1","champ:FanOfKnives"],"relics":["champ:ChampionCrown","downfall:HeartsMalice","Prayer Wheel","Smiling Mask","champ:FightingForDummies","Ancient Tea Set","Black Star","downfall:HeartBlessingGreen","champ:BlackKnightHelmet","Toxic Egg 2"],"acts_visited":["Exordium","TheCity"],"potions_floor_usage":[11,11,21],"damage_taken":[{"damage":0,"enemies":"downfall:FleeingMerchant","floor":4,"turns":1},{"damage":0,"enemies":"Jaw Worm","floor":5,"turns":1},{"damage":0,"enemies":"Lagavulin","floor":6,"turns":1},{"damage":15,"enemies":"2 Louse","floor":8,"turns":2},{"damage":25,"enemies":"Small Slimes","floor":9,"turns":2},{"damage":42,"enemies":"Blue Slaver","floor":10,"turns":3},{"damage":37,"enemies":"Gremlin Nob","floor":11,"turns":3},{"damage":39,"enemies":"3 Sentries","floor":13,"turns":7},{"damage":10,"enemies":"3 Louse","floor":15,"turns":3},{"damage":106,"enemies":"WA_ARCHETYPE_RETAIN","floor":16,"turns":9},{"damage":24,"enemies":"downfall:FleeingMerchant","floor":19,"turns":4},{"damage":30,"enemies":"Spheric Guardian","floor":20,"turns":3},{"damage":124,"enemies":"Spheric Guardian","floor":21,"turns":10},{"damage":28,"enemies":"Shell Parasite","floor":22,"turns":4},{"damage":22,"enemies":"3 Cultists","floor":23,"turns":3}],"seed_played":"4246479607230607598","potions_obtained":[{"floor":6,"key":"ColorlessPotion"},{"floor":9,"key":"EssenceOfSteel"},{"floor":15,"key":"bronze:BurnAndBuffPotion"},{"floor":16,"key":"Strength Potion"},{"floor":21,"key":"sneckomod:MuddlingPotion"}],"is_trial":false,"path_per_floor":["R","?","?","$","M","E","T","M","M","M","E","R","E","?","M","B",null,"R","$","M","?","M","M"],"character_chosen":"THE_CHAMP","items_purchased":["champ:Backstep","champ:FaceSlap","expansioncontent:DashGenerateEvil"],"campfire_rested":0,"item_purchase_floors":[4,4,19],"current_hp_per_floor":[90,90,90,90,90,90,90,90,90,83,76,76,67,67,67,31,90,90,86,86,22,15,0,0,0],"gold":198,"neow_bonus":"THREE_ENEMY_KILL","is_daily":false,"chose_seed":false,"campfire_upgraded":3,"win_rate":0.0,"timestamp":1611168761,"path_taken":["R","?","?","$","M","E","T","M","M","M","E","R","E","?","M","BOSS","R","$","M","?","M","M"],"items_purchased_type":["Card","Card","Card"],"build_version":"2020-12-22","purchased_purges":1,"victory":false,"max_hp_per_floor":[90,90,90,90,90,90,90,90,90,90,90,90,90,90,90,90,90,90,90,90,90,90,90,90,90],"relic_stats":{"counters":[15,53],"Prayer Wheel":6,"Black Star":0,"Smiling Mask":25,"obtain_stats":[{"champ:BlackKnightHelmet":21,"champ:ChampionCrown":0,"downfall:HeartsMalice":0,"Prayer Wheel":6,"downfall:HeartBlessingGreen":18,"Black Star":17,"champ:FightingForDummies":11,"Toxic Egg 2":21,"Smiling Mask":7,"Ancient Tea Set":13},{"champ:BlackKnightHelmet":13,"champ:ChampionCrown":0,"downfall:HeartsMalice":0,"Prayer Wheel":3,"downfall:HeartBlessingGreen":10,"Black Star":10,"champ:FightingForDummies":7,"Toxic Egg 2":13,"Smiling Mask":3,"Ancient Tea Set":8},{"champ:BlackKnightHelmet":46,"champ:ChampionCrown":0,"downfall:HeartsMalice":0,"Prayer Wheel":0,"downfall:HeartBlessingGreen":29,"Black Star":29,"champ:FightingForDummies":10,"Toxic Egg 2":46,"Smiling Mask":0,"Ancient Tea Set":17}]},"card_choices":[{"not_picked":["champ:FancyFootwork","champ:FocusedBerserking"],"picked":"champ:TripleStrike","floor":4},{"not_picked":["champ:PerfectedStrike","champ:HeartStrike"],"picked":"champ:GutPunch","floor":5},{"not_picked":["champ:AdrenalArmor","champ:Parry"],"picked":"champ:FocusedBerserking","floor":6},{"not_picked":["champ:GutPunch","champ:FancyFootwork"],"picked":"champ:FocusedBerserking","floor":8},{"not_picked":["champ:PerfectedStrike","champ:CrookedStrike"],"picked":"champ:CalledShot","floor":8},{"not_picked":["champ:CrookedStrike","champ:PerfectedStrike"],"picked":"champ:AdrenalArmor","floor":9},{"not_picked":["champ:SetATrap","champ:EnGarde","champ:EndlessRage"],"picked":"SKIP","floor":9},{"not_picked":["champ:FalseCounter","champ:SwordThrow"],"picked":"champ:HeartStrike","floor":10},{"not_picked":["champ:FocusedBerserking","champ:BerserkersShout"],"picked":"champ:PreciseThrust","floor":10},{"not_picked":["champ:AdrenalArmor","champ:CrookedStrike"],"picked":"champ:IronFortress","floor":11},{"not_picked":["champ:ShieldSlam","champ:Haymaker"],"picked":"champ:BringItOn","floor":13},{"not_picked":["champ:FaceSlap","champ:Parry"],"picked":"champ:Encircle","floor":15},{"not_picked":["champ:Encircle","champ:Duel"],"picked":"champ:StanceDance","floor":15},{"not_picked":["champ:HoldFirm","champ:CheapShot"],"picked":"champ:VampiricStrike","floor":16},{"not_picked":["champ:Backstep","champ:Encircle"],"picked":"champ:DeathBlow","floor":19},{"not_picked":["champ:FanOfKnives","champ:FlashCut+1"],"picked":"champ:BerserkersShout","floor":20},{"not_picked":["champ:EnGarde+1","champ:AdrenalArmor"],"picked":"champ:IronFortress","floor":20},{"not_picked":["champ:Circumvent+1","champ:Encircle"],"picked":"champ:Duel","floor":21},{"not_picked":["champ:FaceSlap","champ:IronFortress"],"picked":"champ:SetATrap+1","floor":22},{"not_picked":["champ:FlashCut","champ:PreemptiveStrike"],"picked":"champ:FanOfKnives","floor":22}],"player_experience":74351,"relics_obtained":[{"floor":6,"key":"Prayer Wheel"},{"floor":7,"key":"Smiling Mask"},{"floor":11,"key":"champ:FightingForDummies"},{"floor":13,"key":"Ancient Tea Set"},{"floor":21,"key":"champ:BlackKnightHelmet"},{"floor":21,"key":"Toxic Egg 2"}],"event_choices":[{"cards_removed":["champ:Strike"],"damage_healed":0,"gold_gain":0,"player_choice":"Card Removal","damage_taken":0,"max_hp_gain":0,"max_hp_loss":0,"event_name":"The Cleric","floor":2,"gold_loss":0}],"is_beta":false,"boss_relics":[{"not_picked":["Philosopher\u0027s Stone","Runic Pyramid"],"picked":"Black Star"}],"items_purged_floors":[19],"is_endless":false,"potions_floor_spawned":[6,9,15,16,21],"killed_by":"3 Cultists","ascension_level":0}}