{"host":"a0d98l75j0h1o085","time":1611111808,"event":{"mods":["AlwaysNeverKeys","BaseMod","Downfall","Highlight Path","Minty Spire (QoL Compilation)","StSLib"],"gold_per_floor":[111,127,147,147,162,162,162,194,219,219,252,252,252,267,267,366,366,354,85,102,102,129,170,170,170,170,170,196,212,212,237,237,237,237],"floor_reached":33,"language":"ENG","playtime":2697,"items_purged":["Pain"],"score":339,"play_id":"80705633-6555-4751-8156-31f38e79e705","local_time":"20210120030328","is_ascension_mode":true,"campfire_choices":[{"data":"MasterReality","floor":6,"key":"SMITH"},{"data":"Eruption","floor":10,"key":"SMITH"},{"data":"Prostrate","floor":13,"key":"SMITH"},{"data":"Protect","floor":15,"key":"SMITH"},{"data":"Devotion","floor":25,"key":"SMITH"},{"data":"LikeWater","floor":27,"key":"SMITH"},{"data":"Fasting2","floor":30,"key":"SMITH"},{"data":"Meditate","floor":32,"key":"SMITH"}],"circlet_count":0,"master_deck":["Strike_P","Strike_P","Strike_P","Strike_P","Defend_P","Defend_P","Defend_P","Defend_P","Eruption+1","Vigilance","Prostrate+1","MasterReality+1","Protect+1","Halt","Devotion+1","Meditate+1","Adaptation","Fasting2+1","LikeWater+1","Evaluate+1"],"relics":["PureWater","Bronze Scales","Orichalcum","MealTicket","Bag of Preparation","WarpedTongs","Philosopher\u0027s Stone","Lantern","CeramicFish","Bag of Marbles","Regal Pillow","Sundial"],"acts_visited":["Exordium","TheCity"],"potions_floor_usage":[16,22,23,23,33],"damage_taken":[{"damage":0,"enemies":"Jaw Worm","floor":1,"turns":5},{"damage":0,"enemies":"Small Slimes","floor":2,"turns":4},{"damage":6,"enemies":"2 Louse","floor":3,"turns":2},{"damage":1,"enemies":"Red Slaver","floor":5,"turns":3},{"damage":15,"enemies":"3 Sentries","floor":8,"turns":13},{"damage":24,"enemies":"Gremlin Nob","floor":11,"turns":4},{"damage":9,"enemies":"3 Louse","floor":14,"turns":3},{"damage":17,"enemies":"The Guardian","floor":16,"turns":13},{"damage":21,"enemies":"2 Thieves","floor":18,"turns":4},{"damage":5,"enemies":"Spheric Guardian","floor":20,"turns":6},{"damage":16,"enemies":"Chosen and Byrds","floor":22,"turns":6},{"damage":31,"enemies":"Slavers","floor":23,"turns":7},{"damage":7,"enemies":"Snecko","floor":28,"turns":6},{"damage":0,"enemies":"3 Cultists","floor":29,"turns":4},{"damage":31,"enemies":"Gremlin Leader","floor":31,"turns":7},{"damage":58,"enemies":"Collector","floor":33,"turns":2}],"seed_played":"3249486251575857854","potions_obtained":[{"floor":1,"key":"LiquidBronze"},{"floor":2,"key":"Strength Potion"},{"floor":8,"key":"EssenceOfSteel"},{"floor":20,"key":"Fire Potion"},{"floor":29,"key":"bronze:BurnAndBuffPotion"},{"floor":31,"key":"ColorlessPotion"}],"is_trial":false,"path_per_floor":["M","M","M","?","M","R","?","E","T","R","E","?","R","M","R","B",null,"M","$","M","T","M","E","?","R","T","R","M","M","R","E","R","B"],"character_chosen":"WATCHER","items_purchased":["Adaptation","Lantern"],"campfire_rested":0,"item_purchase_floors":[19,19],"current_hp_per_floor":[79,79,73,78,77,77,70,55,55,55,31,31,31,22,22,5,84,63,78,73,73,57,26,84,84,84,84,77,77,77,46,46,0,0],"gold":237,"neow_bonus":"TEN_PERCENT_HP_BONUS","is_daily":false,"chose_seed":false,"campfire_upgraded":8,"win_rate":0.0,"timestamp":1611111808,"path_taken":["M","M","M","?","M","R","?","E","T","R","E","?","R","M","R","BOSS","M","$","M","?","M","E","?","R","T","R","?","M","R","E","R","BOSS"],"items_purchased_type":["Card","Relic"],"build_version":"2020-12-22","purchased_purges":1,"victory":false,"max_hp_per_floor":[79,79,79,84,84,84,84,84,84,84,84,84,84,84,84,84,84,84,84,84,84,84,84,84,84,84,84,84,84,84,84,84,84,84],"card_choices":[{"not_picked":["Weave","EmptyBody","EmptyFist"],"picked":"SKIP","floor":1},{"not_picked":["Halt","FollowUp"],"picked":"Prostrate","floor":2},{"not_picked":["Evaluate","DeceiveReality"],"picked":"MasterReality","floor":3},{"not_picked":["PathToVictory","FlyingSleeves"],"picked":"Protect","floor":5},{"not_picked":["JustLucky","Evaluate"],"picked":"Halt","floor":8},{"not_picked":["Protect","Conclude","Indignation"],"picked":"SKIP","floor":11},{"not_picked":["Ragnarok","SashWhip","PathToVictory"],"picked":"SKIP","floor":14},{"not_picked":["Establishment","DeusExMachina"],"picked":"Devotion","floor":16},{"not_picked":["Prostrate","Protect+1"],"picked":"Meditate","floor":18},{"not_picked":["Consecrate","Ragnarok"],"picked":"Fasting2","floor":20},{"not_picked":["TalkToTheHand","ThirdEye"],"picked":"LikeWater","floor":22},{"not_picked":["WaveOfTheHand","SashWhip+1"],"picked":"FearNoEvil","floor":23},{"not_picked":["Protect","ReachHeaven+1"],"picked":"Evaluate+1","floor":28},{"not_picked":["CrushJoints","Sanctity","FlurryOfBlows"],"picked":"SKIP","floor":29},{"not_picked":["FlyingSleeves","JustLucky","Swivel"],"picked":"SKIP","floor":31}],"player_experience":758715,"relics_obtained":[{"floor":8,"key":"Orichalcum"},{"floor":9,"key":"MealTicket"},{"floor":11,"key":"Bag of Preparation"},{"floor":21,"key":"CeramicFish"},{"floor":23,"key":"Bag of Marbles"},{"floor":26,"key":"Regal Pillow"},{"floor":31,"key":"Sundial"}],"event_choices":[{"damage_healed":0,"gold_gain":0,"player_choice":"Donut","damage_taken":0,"max_hp_gain":5,"max_hp_loss":0,"event_name":"Big Fish","floor":4,"gold_loss":0},{"damage_healed":0,"gold_gain":0,"player_choice":"Success","damage_taken":7,"relics_obtained":["Bronze Scales"],"max_hp_gain":0,"max_hp_loss":0,"event_name":"Scrap Ooze","floor":7,"gold_loss":0},{"damage_healed":0,"gold_gain":0,"player_choice":"Rummage","damage_taken":0,"relics_obtained":["WarpedTongs"],"max_hp_gain":0,"max_hp_loss":0,"event_name":"Accursed Blacksmith","floor":12,"gold_loss":0,"cards_obtained":["Pain"]},{"cards_removed":["FearNoEvil"],"damage_healed":58,"gold_gain":0,"player_choice":"Offered Uncommon","damage_taken":0,"max_hp_gain":0,"max_hp_loss":0,"event_name":"Bonfire Elementals","floor":24,"gold_loss":0}],"is_beta":false,"boss_relics":[{"not_picked":["SacredBark","VioletLotus"],"picked":"Philosopher\u0027s Stone"}],"items_purged_floors":[19],"is_endless":false,"potions_floor_spawned":[1,2,8,20,29,31],"killed_by":"Collector","ascension_level":3}}