{"host":"df48i9djcn92c5sx","time":1611157476,"event":{"mods":["BaseMod","Downfall","Marisa£®ÏF”Í°°ƒß¿Ì…≥£©","Minty Spire (QoL Compilation)","READ ME - Guardian Mod","READ ME - Snecko Mod","Reimu£®≤©¿ˆ¡È√Œ£©","Remilia£®¿Ÿ√◊¿Ú—«£©","Shop Mod","StSLib","The Jungle","The Servant 0.9.4"],"gold_per_floor":[111,111,131,46,67,67,106,106,106,106,106,130,130,151,151,244,244,269,269,24,45,69,69,69,69],"floor_reached":24,"language":"ZHS","playtime":596,"items_purged":["Strike_G"],"score":381,"play_id":"25c81278-779f-455b-8e9c-a2f388ee53a4","local_time":"20210120234436","is_ascension_mode":true,"campfire_choices":[{"data":"Bouncing Flask","floor":6.0,"key":"SMITH"},{"data":"Deadly Poison","floor":8.0,"key":"SMITH"},{"data":"Neutralize","floor":11,"key":"SMITH"},{"data":"Dagger Spray","floor":15,"key":"SMITH"},{"data":"Noxious Fumes","floor":23,"key":"SMITH"}],"circlet_count":0,"master_deck":["AscendersBane","Strike_G","Strike_G","Defend_G","Defend_G","Defend_G","Defend_G","Defend_G","Survivor","Neutralize+1","Dagger Spray+1","Bouncing Flask+1","Deadly Poison+1","Tools of the Trade+1","Eviscerate+1","Glass Knife+1","Calculated Gamble","Concentrate","Dagger Throw+1","Noxious Fumes+1","Backflip"],"relics":["Ring of the Snake","NeowsBlessing","Golden Idol","Gambling Chip","Molten Egg 2","Sozu"],"acts_visited":["Exordium","TheCity"],"potions_floor_usage":[10,14,16],"damage_taken":[{"damage":0.0,"enemies":"Jaw Worm","floor":1.0,"turns":1.0},{"damage":0.0,"enemies":"Small Slimes","floor":3.0,"turns":1.0},{"damage":0.0,"enemies":"2 Louse","floor":5.0,"turns":1.0},{"damage":18.0,"enemies":"Gremlin Nob","floor":7.0,"turns":4.0},{"damage":0,"enemies":"3 Sentries","floor":10,"turns":1},{"damage":2,"enemies":"2 Fungi Beasts","floor":12,"turns":3},{"damage":5,"enemies":"Gremlin Gang","floor":14,"turns":4},{"damage":11,"enemies":"The Guardian","floor":16,"turns":7},{"damage":20,"enemies":"Shell Parasite","floor":18,"turns":4},{"damage":0,"enemies":"Chosen","floor":21,"turns":3},{"damage":13,"enemies":"Centurion and Healer","floor":22,"turns":5},{"damage":19,"enemies":"Slavers","floor":24,"turns":1}],"seed_played":"1489428506730898034","potions_obtained":[{"floor":3.0,"key":"ColorlessPotion"},{"floor":7.0,"key":"SmokeBomb"},{"floor":12,"key":"Fire Potion"},{"floor":14,"key":"AttackPotion"}],"is_trial":false,"path_per_floor":["M","?","M","$","M","R","E","R","T","E","R","M","?","M","R","B",null,"M","?","$","M","M","R","E"],"character_chosen":"THE_SILENT","items_purchased":["Bouncing Flask","Dagger Throw+1","Noxious Fumes","Backflip"],"campfire_rested":0,"item_purchase_floors":[4,20,20,20],"current_hp_per_floor":[59,59,59,59,59,59,41,41,41,41,41,39,39,34,34,23,51,31,31,31,31,18,18,0,0],"gold":69,"neow_bonus":"THREE_ENEMY_KILL","is_daily":false,"chose_seed":false,"campfire_upgraded":5,"win_rate":0.0,"timestamp":1611157476,"path_taken":["M","?","M","$","M","R","E","R","T","E","R","M","?","M","R","BOSS","M","?","$","M","M","R","E"],"items_purchased_type":["Card","Card","Card","Card"],"build_version":"2020-12-22","purchased_purges":1,"victory":false,"max_hp_per_floor":[66,60,60,60,60,60,60,60,60,60,60,60,60,60,60,60,60,60,60,60,60,60,60,60,60],"card_choices":[{"not_picked":["Eviscerate","All Out Attack"],"picked":"Dagger Spray","floor":1.0},{"not_picked":["Flying Knee","Dagger Throw","Quick Slash"],"picked":"SKIP","floor":3.0},{"not_picked":["Expertise","Dagger Spray"],"picked":"Deadly Poison","floor":5.0},{"not_picked":["Backflip","Blade Dance"],"picked":"Tools of the Trade","floor":7.0},{"not_picked":["Dodge and Roll","Blade Dance"],"picked":"Eviscerate+1","floor":12},{"not_picked":["Cloak And Dagger","Acrobatics","Calculated Gamble"],"picked":"SKIP","floor":14},{"not_picked":["Venomology","Corpse Explosion"],"picked":"Glass Knife+1","floor":16},{"not_picked":["Riddle With Holes+1","Blade Dance","Acrobatics+1"],"picked":"SKIP","floor":18},{"not_picked":["Slice+1","Dagger Spray+1","Crippling Poison"],"picked":"SKIP","floor":21},{"not_picked":["Deadly Poison","Accuracy","Outmaneuver"],"picked":"SKIP","floor":22}],"player_experience":1451652,"relics_obtained":[{"floor":7.0,"key":"Gambling Chip"},{"floor":9.0,"key":"Molten Egg 2"}],"event_choices":[{"damage_healed":0.0,"max_hp_gain":0.0,"max_hp_loss":6.0,"gold_gain":0.0,"event_name":"Golden Idol","player_choice":"Lose Max HP","floor":2.0,"gold_loss":0.0,"damage_taken":0.0,"relics_obtained":["Golden Idol"]},{"damage_healed":0,"gold_gain":0,"player_choice":"Grow","damage_taken":0,"max_hp_gain":0,"max_hp_loss":0,"event_name":"Living Wall","floor":13,"gold_loss":0,"cards_upgraded":["Tools of the Trade"]},{"damage_healed":0,"gold_gain":0,"cards_transformed":["Strike_G","Strike_G"],"player_choice":"Became Test Subject","damage_taken":0,"max_hp_gain":0,"max_hp_loss":0,"event_name":"Drug Dealer","floor":19,"gold_loss":0,"cards_obtained":["Calculated Gamble","Concentrate"]}],"is_beta":false,"boss_relics":[{"not_picked":["SlaversCollar","Busted Crown"],"picked":"Sozu"}],"items_purged_floors":[20],"is_endless":false,"potions_floor_spawned":[3,7,12,14,18],"killed_by":"Slavers","ascension_level":17}}