{"host":"Rich","time":1611170628,"event":{"mods":["AchievementEnabler","BaseMod","Highlight Path","Minty Spire (QoL Compilation)","Relic Stats"],"gold_per_floor":[116,41,61,61,61,93,93,104,149,159,188,188,188,215,215,289,289,307,307,307,307],"floor_reached":20,"language":"ENG","playtime":479,"items_purged":["Strike_G"],"score":430,"play_id":"36d25842-daa7-4a10-87f9-875b7eb2b956","local_time":"20210120142348","is_ascension_mode":true,"campfire_choices":[{"data":"Poisoned Stab","floor":7.0,"key":"SMITH"},{"data":"1","floor":15,"key":"LIFT"}],"circlet_count":0,"master_deck":["AscendersBane","Strike_G","Strike_G","Strike_G","Defend_G","Defend_G","Defend_G","Defend_G","Survivor","Neutralize","Dagger Throw","Poisoned Stab+1","Deadly Poison","Deadly Poison","PiercingWail","Flying Knee","Dagger Spray","Burst+1","Bane"],"relics":["Ring of the Snake","NeowsBlessing","Toy Ornithopter","Strawberry","Girya","Lizard Tail","MealTicket","Coffee Dripper"],"acts_visited":["Exordium","TheCity"],"potions_floor_usage":[11,14,16],"damage_taken":[{"damage":0.0,"enemies":"Small Slimes","floor":1.0,"turns":1.0},{"damage":0.0,"enemies":"Jaw Worm","floor":3.0,"turns":1.0},{"damage":0.0,"enemies":"Gremlin Nob","floor":6.0,"turns":1.0},{"damage":1.0,"enemies":"Cultist","floor":8.0,"turns":3.0},{"damage":28,"enemies":"Large Slime","floor":10,"turns":6},{"damage":15,"enemies":"Lagavulin","floor":11,"turns":6},{"damage":29,"enemies":"Gremlin Nob","floor":14,"turns":4},{"damage":65,"enemies":"Slime Boss","floor":16,"turns":13},{"damage":26,"enemies":"Chosen","floor":18,"turns":4},{"damage":0,"enemies":"2 Thieves","floor":20,"turns":1}],"seed_played":"-1972875008464304971","potions_obtained":[{"floor":6.0,"key":"Strength Potion"},{"floor":8.0,"key":"PowerPotion"},{"floor":14,"key":"Explosive Potion"}],"is_trial":false,"path_per_floor":["M","$","M","?","?","E","R","M","T","M","E","?","?","E","R","B",null,"M","?","M"],"character_chosen":"THE_SILENT","items_purchased":[],"campfire_rested":0,"item_purchase_floors":[],"current_hp_per_floor":[59,59,59,59,59,59,59,58,65,37,27,22,46,22,22,7,57,31,31,31,31],"gold":307,"neow_bonus":"THREE_ENEMY_KILL","is_daily":false,"chose_seed":false,"campfire_upgraded":1,"win_rate":0.0,"timestamp":1611170628,"path_taken":["M","$","M","?","?","E","R","M","T","?","E","?","?","E","R","BOSS","M","?","?"],"items_purchased_type":[],"build_version":"2020-12-18","purchased_purges":1,"victory":false,"max_hp_per_floor":[66,66,66,66,66,66,66,66,73,73,73,73,73,73,73,73,73,73,73,73,73],"relic_stats":{"Lizard Tail":36,"counters":[10,40],"MealTicket":0,"obtain_stats":[{"Girya":11,"Lizard Tail":12,"NeowsBlessing":0,"Strawberry":9,"MealTicket":14,"Coffee Dripper":17,"Toy Ornithopter":6,"Ring of the Snake":0},{"Girya":6,"Lizard Tail":6,"NeowsBlessing":0,"Strawberry":4,"MealTicket":7,"Coffee Dripper":8,"Toy Ornithopter":3,"Ring of the Snake":0},{"Girya":18,"Lizard Tail":18,"NeowsBlessing":0,"Strawberry":6,"MealTicket":22,"Coffee Dripper":35,"Toy Ornithopter":3,"Ring of the Snake":0}],"Toy Ornithopter":15,"Ring of the Snake":[20]},"card_choices":[{"not_picked":["Quick Slash","Sucker Punch"],"picked":"Dagger Throw","floor":1.0},{"not_picked":["Blade Dance","Catalyst"],"picked":"Poisoned Stab","floor":3.0},{"not_picked":["Dagger Throw","Flying Knee"],"picked":"Deadly Poison","floor":6.0},{"not_picked":["Well Laid Plans","Poisoned Stab"],"picked":"PiercingWail","floor":8.0},{"not_picked":["Expertise","Reflex","Blade Dance"],"picked":"SKIP","floor":10},{"not_picked":["Reflex","Acrobatics"],"picked":"Flying Knee","floor":11},{"not_picked":["Riddle With Holes","Glass Knife"],"picked":"Dagger Spray","floor":14},{"not_picked":["Storm of Steel","Doppelganger"],"picked":"Burst","floor":16},{"not_picked":["Outmaneuver+1","Slice"],"picked":"Bane","floor":18}],"player_experience":2001571,"relics_obtained":[{"floor":6.0,"key":"Toy Ornithopter"},{"floor":9.0,"key":"Strawberry"},{"floor":11,"key":"Girya"},{"floor":14,"key":"MealTicket"}],"event_choices":[{"damage_healed":0.0,"max_hp_gain":0.0,"max_hp_loss":0.0,"gold_gain":0.0,"cards_transformed":["Strike_G"],"event_name":"Living Wall","player_choice":"Change","floor":4.0,"gold_loss":0.0,"damage_taken":0.0,"cards_obtained":["Deadly Poison"]},{"cards_removed":["Defend_G"],"damage_healed":0.0,"max_hp_gain":0.0,"max_hp_loss":0.0,"gold_gain":0.0,"event_name":"Purifier","player_choice":"Purged","floor":5.0,"gold_loss":0.0,"damage_taken":0.0},{"damage_healed":0,"gold_gain":0,"player_choice":"Success","damage_taken":5,"relics_obtained":["Lizard Tail"],"max_hp_gain":0,"max_hp_loss":0,"event_name":"Scrap Ooze","floor":12,"gold_loss":0},{"damage_healed":24,"gold_gain":0,"player_choice":"Banana","damage_taken":0,"max_hp_gain":0,"max_hp_loss":0,"event_name":"Big Fish","floor":13,"gold_loss":0},{"damage_healed":0,"gold_gain":0,"player_choice":"Upgraded","damage_taken":0,"max_hp_gain":0,"max_hp_loss":0,"event_name":"Upgrade Shrine","floor":19,"gold_loss":0,"cards_upgraded":["Burst"]}],"is_beta":true,"boss_relics":[{"not_picked":["Astrolabe","Ring of the Serpent"],"picked":"Coffee Dripper"}],"items_purged_floors":[2],"is_endless":false,"potions_floor_spawned":[6,8,14],"killed_by":"2 Thieves","ascension_level":20}}