{"host":"04hh9gplt9wkfmr1","time":1611155186,"event":{"mods":["AchievementEnabler","BaseMod","Colored Map","KOR Keyword Fix","Minty Spire (QoL Compilation)","Rare Cards Sparkle","SuperFastMode"],"gold_per_floor":[118,136,148,158,173,173,190,223,223,223,238,254,286,298,298,399,399,411,411,425,270,288,288,318,330,330,330,261,294,294,306,306,404,404,420,471,471,484,3,3,13,25,25,25,42,57,57,57,57,57,57],"floor_reached":50,"language":"KOR","playtime":1618,"items_purged":["Strike_G"],"score":743,"play_id":"d389050d-4348-419d-8b6b-411fa204da59","local_time":"20210121000626","is_ascension_mode":true,"campfire_choices":[{"data":"Noxious Fumes","floor":6.0,"key":"SMITH"},{"floor":10.0,"key":"REST"},{"data":"Poisoned Stab","floor":15.0,"key":"SMITH"},{"floor":23.0,"key":"REST"},{"floor":27.0,"key":"REST"},{"floor":32.0,"key":"REST"},{"floor":40.0,"key":"REST"},{"floor":44.0,"key":"REST"},{"floor":47.0,"key":"REST"},{"floor":49.0,"key":"REST"}],"circlet_count":0,"master_deck":["Strike_G+1","Strike_G+1","Strike_G+1","Defend_G+1","Defend_G+1","Defend_G+1","Defend_G+1","Defend_G+1","Survivor","Neutralize","Noxious Fumes+1","Poisoned Stab+1","Bane","Bane","Deadly Poison","Poisoned Stab","Poisoned Stab","Catalyst+1","Doppelganger+1","CurseOfTheBell","Infinite Blades+1","Noxious Fumes+1","Crippling Poison+1","Prepared+1","Backflip+1","Crippling Poison+1","Tools of the Trade+1","Setup+1","Bullet Time+1","Footwork+1","Crippling Poison+1","Bullet Time+1","Bane+1","Apotheosis+1","Night Terror+1","Escape Plan+1","Escape Plan+1"],"relics":["Ring of the Snake","Bottled Flame","Meat on the Bone","Toxic Egg 2","Calling Bell","Snake Skull","Frozen Egg 2","TungstenRod","Question Card","Bottled Tornado","Omamori","Sozu","Bird Faced Urn","Bag of Preparation","MealTicket"],"acts_visited":["Exordium","TheCity","TheBeyond"],"potions_floor_usage":[],"damage_taken":[{"damage":3.0,"enemies":"Jaw Worm","floor":1.0,"turns":7.0},{"damage":0.0,"enemies":"Cultist","floor":2.0,"turns":4.0},{"damage":0.0,"enemies":"Small Slimes","floor":3.0,"turns":4.0},{"damage":3.0,"enemies":"Blue Slaver","floor":4.0,"turns":5.0},{"damage":11.0,"enemies":"Large Slime","floor":5.0,"turns":5.0},{"damage":1.0,"enemies":"Looter","floor":7.0,"turns":3.0},{"damage":12.0,"enemies":"3 Sentries","floor":8.0,"turns":6.0},{"damage":9.0,"enemies":"Exordium Thugs","floor":11.0,"turns":4.0},{"damage":6.0,"enemies":"2 Fungi Beasts","floor":12.0,"turns":3.0},{"damage":14.0,"enemies":"Lagavulin","floor":13.0,"turns":7.0},{"damage":6.0,"enemies":"Red Slaver","floor":14.0,"turns":4.0},{"damage":36.0,"enemies":"Slime Boss","floor":16.0,"turns":9.0},{"damage":2.0,"enemies":"Chosen","floor":18.0,"turns":3.0},{"damage":0.0,"enemies":"2 Thieves","floor":19.0,"turns":1.0},{"damage":28.0,"enemies":"3 Cultists","floor":20.0,"turns":5.0},{"damage":25.0,"enemies":"Centurion and Healer","floor":22.0,"turns":6.0},{"damage":0.0,"enemies":"Gremlin Leader","floor":24.0,"turns":5.0},{"damage":10.0,"enemies":"Cultist and Chosen","floor":25.0,"turns":5.0},{"damage":26.0,"enemies":"Slavers","floor":29.0,"turns":3.0},{"damage":21.0,"enemies":"Shelled Parasite and Fungi","floor":31.0,"turns":4.0},{"damage":37.0,"enemies":"Collector","floor":33.0,"turns":6.0},{"damage":3.0,"enemies":"3 Darklings","floor":35.0,"turns":3.0},{"damage":28.0,"enemies":"2 Orb Walkers","floor":36.0,"turns":4.0},{"damage":0.0,"enemies":"3 Shapes","floor":38.0,"turns":5.0},{"damage":10.0,"enemies":"Maw","floor":41.0,"turns":6.0},{"damage":66.0,"enemies":"Transient","floor":42.0,"turns":5.0},{"damage":15.0,"enemies":"Jaw Worm Horde","floor":45.0,"turns":3.0},{"damage":37.0,"enemies":"3 Darklings","floor":46.0,"turns":4.0},{"damage":117,"enemies":"Awakened One","floor":50,"turns":5}],"seed_played":"-8088046094050136424","potions_obtained":[{"floor":3.0,"key":"BlessingOfTheForge"},{"floor":7.0,"key":"SpeedPotion"},{"floor":8.0,"key":"SkillPotion"},{"floor":13.0,"key":"EssenceOfSteel"},{"floor":18.0,"key":"SmokeBomb"},{"floor":22.0,"key":"Explosive Potion"},{"floor":24.0,"key":"LiquidMemories"},{"floor":29.0,"key":"Explosive Potion"},{"floor":33.0,"key":"Weak Potion"}],"is_trial":false,"path_per_floor":["M","M","M","M","M","R","M","E","T","R","M","M","E","M","R","B",null,"M","M","M","$","M","R","E","M","T","R","$","E","?","M","R","B",null,"M","?","?","M","$","R","M","M","T","R","M","M","R","?","R","B"],"character_chosen":"THE_SILENT","items_purchased":["Noxious Fumes+1","Crippling Poison+1","Apotheosis+1","Night Terror+1","Bag of Preparation"],"campfire_rested":8,"item_purchase_floors":[21,28,39,39,39],"current_hp_per_floor":[67,67,67,64,53,53,52,40,40,63,54,48,46,40,40,16,62,60,60,44,44,31,54,54,44,44,67,67,41,41,32,55,30,65,62,46,46,54,54,77,69,21,21,44,49,30,53,53,76,0,0],"gold":57,"neow_bonus":"TEN_PERCENT_HP_BONUS","is_daily":false,"chose_seed":false,"campfire_upgraded":2,"win_rate":0.0,"timestamp":1611155186,"path_taken":["M","M","M","M","M","R","M","E","T","R","M","M","E","M","R","BOSS","M","M","M","$","M","R","E","M","T","R","$","E","?","M","R","BOSS","M","?","?","M","$","R","M","M","T","R","M","?","R","?","R","BOSS"],"items_purchased_type":["Card","Card","Card","Card","Relic"],"build_version":"2020-12-22","purchased_purges":1,"victory":false,"max_hp_per_floor":[77,77,77,77,77,77,77,77,77,77,77,77,77,77,77,77,77,77,77,77,77,77,77,77,77,77,77,77,77,77,77,77,77,77,77,77,77,77,77,77,77,77,77,77,77,77,77,77,77,77,77],"card_choices":[{"not_picked":["Bane","Skewer"],"picked":"Noxious Fumes","floor":1.0},{"not_picked":["Dagger Spray","Dodge and Roll","Prepared"],"picked":"SKIP","floor":2.0},{"not_picked":["Backflip","Dagger Throw"],"picked":"Poisoned Stab","floor":3.0},{"not_picked":["Infinite Blades","Quick Slash"],"picked":"Bane","floor":4.0},{"not_picked":["Heel Hook","Sucker Punch"],"picked":"Bane","floor":5.0},{"not_picked":["Backflip","Finisher"],"picked":"Deadly Poison","floor":7.0},{"not_picked":["Caltrops","Blur","Flying Knee"],"picked":"SKIP","floor":8.0},{"not_picked":["Acrobatics","Prepared","Masterful Stab"],"picked":"SKIP","floor":11.0},{"not_picked":["Caltrops","Infinite Blades"],"picked":"Poisoned Stab","floor":12.0},{"not_picked":["Bane","Outmaneuver+1"],"picked":"Poisoned Stab","floor":13.0},{"not_picked":["Wraith Form v2","Caltrops"],"picked":"Catalyst+1","floor":14.0},{"not_picked":["After Image","Grand Finale"],"picked":"Doppelganger+1","floor":16.0},{"not_picked":["Eviscerate","Underhanded Strike","Choke"],"picked":"SKIP","floor":18.0},{"not_picked":["Underhanded Strike","Sucker Punch+1"],"picked":"Infinite Blades+1","floor":20.0},{"not_picked":["Underhanded Strike","Dagger Spray"],"picked":"Crippling Poison+1","floor":22.0},{"not_picked":["Dagger Spray","Prepared+1","Finisher"],"picked":"SKIP","floor":24.0},{"not_picked":["Dagger Spray","Finisher"],"picked":"Prepared+1","floor":24.0},{"not_picked":["Finisher","Underhanded Strike","Cloak And Dagger+1"],"picked":"Backflip+1","floor":25.0},{"not_picked":["Quick Slash+1","Reflex+1","Deflect+1"],"picked":"Tools of the Trade+1","floor":29.0},{"not_picked":["Cloak And Dagger+1","Deflect+1","Dagger Throw"],"picked":"Setup+1","floor":31.0},{"not_picked":["Doppelganger+1","A Thousand Cuts+1","Glass Knife"],"picked":"Bullet Time+1","floor":33.0},{"not_picked":["Outmaneuver+1","Bane","Dash+1"],"picked":"Footwork+1","floor":35.0},{"not_picked":["Deflect+1","Eviscerate","Underhanded Strike"],"picked":"Crippling Poison+1","floor":36.0},{"not_picked":["Sucker Punch","Underhanded Strike+1","Dagger Spray+1"],"picked":"Bane+1","floor":38.0},{"not_picked":["Outmaneuver+1","Bane","Finisher","Dagger Spray+1"],"picked":"SKIP","floor":41.0},{"not_picked":["Blade Dance+1","Die Die Die","Acrobatics+1"],"picked":"Escape Plan+1","floor":42.0},{"not_picked":["Dagger Spray+1","Outmaneuver+1","Reflex+1","Setup+1"],"picked":"SKIP","floor":45.0},{"not_picked":["Acrobatics+1","Cloak And Dagger+1","Calculated Gamble+1"],"picked":"Escape Plan+1","floor":46.0}],"player_experience":60265,"relics_obtained":[{"floor":8.0,"key":"Bottled Flame"},{"floor":9.0,"key":"Meat on the Bone"},{"floor":13.0,"key":"Toxic Egg 2"},{"floor":17.0,"key":"Snake Skull"},{"floor":17.0,"key":"Frozen Egg 2"},{"floor":17.0,"key":"TungstenRod"},{"floor":24.0,"key":"Question Card"},{"floor":26.0,"key":"Bottled Tornado"},{"floor":29.0,"key":"Omamori"},{"floor":36.0,"key":"Bird Faced Urn"},{"floor":43.0,"key":"MealTicket"}],"event_choices":[{"damage_healed":0.0,"max_hp_gain":0.0,"max_hp_loss":0.0,"gold_gain":0.0,"event_name":"Back to Basics","player_choice":"Simplicity","floor":30.0,"gold_loss":0.0,"damage_taken":0.0,"cards_upgraded":["Strike_G","Strike_G","Strike_G","Strike_G","Defend_G","Defend_G","Defend_G","Defend_G","Defend_G"]},{"damage_healed":0.0,"max_hp_gain":0.0,"max_hp_loss":0.0,"gold_gain":0.0,"event_name":"Mysterious Sphere","player_choice":"Fight","floor":36.0,"gold_loss":0.0,"damage_taken":0.0},{"damage_healed":0.0,"max_hp_gain":0.0,"max_hp_loss":0.0,"gold_gain":0.0,"event_name":"Duplicator","player_choice":"Copied","floor":37.0,"gold_loss":0.0,"damage_taken":0.0,"cards_obtained":["Bullet Time"]},{"cards_removed":["Strike_G"],"damage_healed":0.0,"max_hp_gain":0.0,"max_hp_loss":0.0,"gold_gain":0.0,"event_name":"Falling","player_choice":"Removed Attack","floor":48.0,"gold_loss":0.0,"damage_taken":0.0}],"is_beta":false,"boss_relics":[{"not_picked":["WristBlade","Astrolabe"],"picked":"Calling Bell"},{"not_picked":["Runic Dome","Cursed Key"],"picked":"Sozu"}],"items_purged_floors":[21],"is_endless":false,"potions_floor_spawned":[3,7,8,13,18,22,24,29,33,41,42,46],"killed_by":"Awakened One","ascension_level":6}}