{"host":"foq4mrde4mssg7vt","time":1611155128,"event":{"mods":["AchievementEnabler","BaseMod","Colored Map","Colored Powertips","Highlight Path","Minty Spire (QoL Compilation)","Relic Stats","everything is the same but u backflip on backflip"],"gold_per_floor":[18,31,31,31,44,44,72,87,114,131,146,146,179,17,17,96,96,106,106,106,156,3,19,19,31,113,126,142,152,101,101,101,173,173,188,203,203,203,93,93,93,93],"floor_reached":41,"language":"ENG","playtime":1444,"items_purged":["Decay"],"score":786,"play_id":"84fd3093-d790-475c-b54e-f68b5ee9c67f","local_time":"20210120230528","is_ascension_mode":true,"campfire_choices":[{"data":"Bash","floor":6.0,"key":"SMITH"},{"floor":12.0,"key":"REST"},{"data":"Rage","floor":15.0,"key":"SMITH"},{"data":"Combust","floor":24.0,"key":"SMITH"},{"data":"Feel No Pain","floor":32.0,"key":"SMITH"},{"data":"Brutality","floor":40,"key":"SMITH"}],"circlet_count":0,"master_deck":["AscendersBane","Defend_R","Defend_R","Defend_R+1","Defend_R+1","Bash+1","Heavy Blade","Combust+1","Anger","Hemokinesis","Rage+1","Offering+1","Sword Boomerang+1","Feel No Pain+1","Shrug It Off","Reckless Charge+1","Thunderclap+1","Brutality+1"],"relics":["Burning Blood","War Paint","Toy Ornithopter","Red Skull","Philosopher\u0027s Stone","Meat on the Bone","Molten Egg 2","Empty Cage"],"acts_visited":["Exordium","TheCity","TheBeyond"],"potions_floor_usage":[41,41],"damage_taken":[{"damage":12.0,"enemies":"2 Louse","floor":1.0,"turns":3.0},{"damage":6.0,"enemies":"Cultist","floor":2.0,"turns":3.0},{"damage":14.0,"enemies":"Small Slimes","floor":5.0,"turns":4.0},{"damage":35.0,"enemies":"Gremlin Nob","floor":7.0,"turns":4.0},{"damage":14.0,"enemies":"3 Louse","floor":8.0,"turns":3.0},{"damage":4.0,"enemies":"Gremlin Gang","floor":10.0,"turns":3.0},{"damage":19.0,"enemies":"Exordium Thugs","floor":11.0,"turns":4.0},{"damage":15.0,"enemies":"Lagavulin","floor":13.0,"turns":5.0},{"damage":39.0,"enemies":"The Guardian","floor":16.0,"turns":11.0},{"damage":38.0,"enemies":"Chosen","floor":18.0,"turns":4.0},{"damage":24.0,"enemies":"2 Thieves","floor":23.0,"turns":3.0},{"damage":23.0,"enemies":"Snecko","floor":25.0,"turns":5.0},{"damage":24.0,"enemies":"Sentry and Sphere","floor":27.0,"turns":4.0},{"damage":10.0,"enemies":"Snake Plant","floor":28.0,"turns":2.0},{"damage":17.0,"enemies":"3 Cultists","floor":29.0,"turns":4.0},{"damage":101,"enemies":"Collector","floor":33,"turns":9},{"damage":21,"enemies":"Orb Walker","floor":35,"turns":3},{"damage":26,"enemies":"3 Darklings","floor":36,"turns":4},{"damage":57,"enemies":"Reptomancer","floor":41,"turns":5}],"seed_played":"-8812472173741168185","potions_obtained":[{"floor":2.0,"key":"Energy Potion"},{"floor":8.0,"key":"Regen Potion"},{"floor":10.0,"key":"Energy Potion"},{"floor":11.0,"key":"SteroidPotion"},{"floor":16.0,"key":"FairyPotion"},{"floor":18.0,"key":"Fruit Juice"},{"floor":23.0,"key":"Swift Potion"},{"floor":36,"key":"ElixirPotion"}],"is_trial":false,"path_per_floor":["M","M","?","$","M","R","E","M","T","M","M","R","E","$","R","B",null,"M","T","?","?","$","M","R","M","T","M","M","M","$","?","R","B",null,"M","M","?","?","?","R","E"],"character_chosen":"IRONCLAD","items_purchased":["Hemokinesis","Rage","Feel No Pain","Thunderclap+1"],"campfire_rested":1,"item_purchase_floors":[14,14,22,30],"current_hp_per_floor":[62,62,62,62,54,54,25,17,17,33,25,47,48,48,48,15,60,28,28,28,28,28,32,32,27,27,21,29,30,30,80,80,41,70,55,47,47,47,47,47,0,0],"gold":93,"neow_bonus":"TRANSFORM_TWO_CARDS","is_daily":false,"chose_seed":false,"campfire_upgraded":5,"win_rate":0.0,"timestamp":1611155128,"path_taken":["M","M","?","?","M","R","E","M","T","M","M","R","E","$","R","BOSS","M","?","?","?","$","M","R","M","T","M","?","M","?","?","R","BOSS","M","M","?","?","?","R","E"],"items_purchased_type":["Card","Card","Card","Card"],"build_version":"2020-12-22","purchased_purges":1,"victory":false,"max_hp_per_floor":[75,75,75,75,75,75,75,75,75,75,75,75,75,75,75,75,75,75,75,75,75,75,80,80,80,80,80,80,80,80,80,80,80,80,80,80,80,76,76,76,76,76],"relic_stats":{"counters":[19,82],"War Paint":["Defend_R","Defend_R"],"obtain_stats":[{"Philosopher\u0027s Stone":17,"Molten Egg 2":26,"War Paint":7,"Empty Cage":34,"Burning Blood":0,"Toy Ornithopter":9,"Red Skull":13,"Meat on the Bone":19},{"Philosopher\u0027s Stone":9,"Molten Egg 2":12,"War Paint":4,"Empty Cage":16,"Burning Blood":0,"Toy Ornithopter":5,"Red Skull":8,"Meat on the Bone":10},{"Philosopher\u0027s Stone":40,"Molten Egg 2":52,"War Paint":14,"Empty Cage":71,"Burning Blood":0,"Toy Ornithopter":17,"Red Skull":29,"Meat on the Bone":44}],"Burning Blood":108,"Toy Ornithopter":35,"Meat on the Bone":84},"card_choices":[{"not_picked":["Armaments","Havoc","Combust"],"picked":"SKIP","floor":1.0},{"not_picked":["Sentinel","Heavy Blade","Clash"],"picked":"SKIP","floor":2.0},{"not_picked":["Second Wind","Havoc"],"picked":"Reckless Charge","floor":5.0},{"not_picked":["Twin Strike","Clash"],"picked":"Anger","floor":7.0},{"not_picked":["Hemokinesis","Clothesline","Thunderclap"],"picked":"SKIP","floor":8.0},{"not_picked":["Iron Wave","Sentinel","Combust"],"picked":"SKIP","floor":10.0},{"not_picked":["Hemokinesis","Iron Wave","Second Wind"],"picked":"SKIP","floor":11.0},{"not_picked":["Searing Blow","Exhume","Clothesline"],"picked":"SKIP","floor":13.0},{"not_picked":["Impervious","Double Tap"],"picked":"Offering","floor":16.0},{"not_picked":["Evolve","Carnage"],"picked":"Sword Boomerang+1","floor":18.0},{"not_picked":["Clash","Rage","Warcry"],"picked":"SKIP","floor":23.0},{"not_picked":["Evolve","Clothesline","Feel No Pain"],"picked":"SKIP","floor":25.0},{"not_picked":["Clothesline+1","Hemokinesis+1"],"picked":"Shrug It Off","floor":27.0},{"not_picked":["Havoc","Wild Strike+1"],"picked":"Reckless Charge+1","floor":28.0},{"not_picked":["Seeing Red","Entrench","Combust+1"],"picked":"SKIP","floor":29.0},{"not_picked":["Juggernaut","Demon Form"],"picked":"Brutality","floor":33},{"not_picked":["Reckless Charge+1","Dual Wield"],"picked":"Pommel Strike+1","floor":35},{"not_picked":["Iron Wave+1","Sword Boomerang+1","Pommel Strike+1"],"picked":"SKIP","floor":36}],"player_experience":515106,"relics_obtained":[{"floor":7.0,"key":"War Paint"},{"floor":9.0,"key":"Toy Ornithopter"},{"floor":13.0,"key":"Red Skull"},{"floor":19.0,"key":"Meat on the Bone"},{"floor":26.0,"key":"Molten Egg 2"}],"event_choices":[{"damage_healed":0.0,"max_hp_gain":0.0,"max_hp_loss":0.0,"gold_gain":0.0,"event_name":"Purifier","player_choice":"Ignored","floor":3.0,"gold_loss":0.0,"damage_taken":0.0},{"damage_healed":0.0,"max_hp_gain":0.0,"max_hp_loss":0.0,"gold_gain":0.0,"event_name":"Forgotten Altar","player_choice":"Smashed Altar","floor":20.0,"gold_loss":0.0,"damage_taken":0.0,"cards_obtained":["Decay"]},{"damage_healed":0.0,"max_hp_gain":0.0,"max_hp_loss":0.0,"gold_gain":50.0,"event_name":"Golden Shrine","player_choice":"Pray","floor":21.0,"gold_loss":0.0,"damage_taken":0.0},{"cards_removed":["Reckless Charge"],"damage_healed":50.0,"max_hp_gain":0.0,"max_hp_loss":0.0,"gold_gain":0.0,"event_name":"Bonfire Elementals","player_choice":"Offered Uncommon","floor":31.0,"gold_loss":0.0,"damage_taken":0.0},{"cards_removed":["Pommel Strike"],"damage_healed":0,"gold_gain":0,"player_choice":"Removed Attack","damage_taken":0,"max_hp_gain":0,"max_hp_loss":0,"event_name":"Falling","floor":37,"gold_loss":0},{"damage_healed":0,"gold_gain":0,"player_choice":"Max HP","damage_taken":0,"max_hp_gain":0,"max_hp_loss":4,"event_name":"Winding Halls","floor":38,"gold_loss":0},{"cards_removed":["Strike_R"],"damage_healed":0,"gold_gain":0,"player_choice":"Upgrade and Remove","damage_taken":0,"max_hp_gain":0,"max_hp_loss":0,"event_name":"Designer","floor":39,"gold_loss":110,"cards_upgraded":["Offering"]}],"is_beta":false,"boss_relics":[{"not_picked":["SacredBark","SlaversCollar"],"picked":"Philosopher\u0027s Stone"},{"not_picked":["Busted Crown","Sozu"],"picked":"Empty Cage"}],"items_purged_floors":[22],"is_endless":false,"potions_floor_spawned":[2,8,10,11,16,18,23,28,29,36],"killed_by":"Reptomancer","ascension_level":19}}