{"host":"s5d39dhq0ddhxhke","time":1611136228,"event":{"mods":["AchievementEnabler","BaseMod","Colored Map","Minty Spire (QoL Compilation)","SuperFastMode"],"gold_per_floor":[112,125,138,138,151,176,176,205,228,240,240],"floor_reached":10,"language":"ENG","playtime":306,"items_purged":[],"score":125,"play_id":"dc42b1e8-d354-4871-85c2-b245a641a5d4","local_time":"20210120115028","is_ascension_mode":true,"campfire_choices":[{"floor":7,"key":"REST"}],"circlet_count":0,"master_deck":["AscendersBane","Strike_R","Strike_R","Strike_R","Strike_R","Strike_R","Defend_R","Defend_R","Defend_R","Defend_R","Bash","Pummel","Heavy Blade","Pummel","Flame Barrier"],"relics":["Burning Blood","Bag of Preparation","Blood Vial","MawBank"],"acts_visited":["Exordium"],"potions_floor_usage":[8,8],"damage_taken":[{"damage":14,"enemies":"Small Slimes","floor":1,"turns":4},{"damage":1,"enemies":"Cultist","floor":2,"turns":3},{"damage":14,"enemies":"Jaw Worm","floor":3,"turns":3},{"damage":23,"enemies":"3 Louse","floor":5,"turns":4},{"damage":41,"enemies":"Gremlin Nob","floor":6,"turns":5},{"damage":51,"enemies":"Lagavulin","floor":8,"turns":7},{"damage":20,"enemies":"3 Sentries","floor":10,"turns":2}],"seed_played":"-2307989553911959523","potions_obtained":[{"floor":1,"key":"FearPotion"},{"floor":2,"key":"Energy Potion"},{"floor":3,"key":"Block Potion"}],"is_trial":false,"path_per_floor":["M","M","M","?","M","E","R","E","T","E"],"character_chosen":"IRONCLAD","items_purchased":[],"campfire_rested":1,"item_purchase_floors":[],"current_hp_per_floor":[72,77,69,88,71,36,62,17,17,0,0],"gold":240,"neow_bonus":"TEN_PERCENT_HP_BONUS","is_daily":false,"chose_seed":false,"campfire_upgraded":0,"win_rate":0.0,"timestamp":1611136228,"path_taken":["M","M","M","?","?","E","R","E","T","E"],"items_purchased_type":[],"build_version":"2020-12-22","purchased_purges":0,"victory":false,"max_hp_per_floor":[88,88,88,88,88,88,88,88,88,88,88],"card_choices":[{"not_picked":["Sentinel","Heavy Blade"],"picked":"Pummel","floor":1},{"not_picked":["Dual Wield","Shrug It Off"],"picked":"Heavy Blade","floor":2},{"not_picked":["Twin Strike","Dark Embrace"],"picked":"Intimidate","floor":3},{"not_picked":["Corruption","Anger"],"picked":"Pummel","floor":5},{"not_picked":["Power Through","Shockwave","Anger"],"picked":"SKIP","floor":6},{"not_picked":["Anger","Dark Embrace"],"picked":"Flame Barrier","floor":8}],"player_experience":447443,"relics_obtained":[{"floor":6,"key":"Bag of Preparation"},{"floor":8,"key":"Blood Vial"},{"floor":9,"key":"MawBank"}],"event_choices":[{"cards_removed":["Intimidate"],"damage_healed":19,"gold_gain":0,"player_choice":"Offered Uncommon","damage_taken":0,"max_hp_gain":0,"max_hp_loss":0,"event_name":"Bonfire Elementals","floor":4,"gold_loss":0}],"is_beta":false,"boss_relics":[],"items_purged_floors":[],"is_endless":false,"potions_floor_spawned":[1,2,3],"killed_by":"3 Sentries","ascension_level":12}}