{"host":"ijb9aeqqnjsatmwl","time":1611151049,"event":{"mods":["BaseMod","Card Forge","Colored Powertips","Hermit","Minty Spire (QoL Compilation)","Permanent Neow","Quick Restart","StSLib","The Cursed","The Hierophant","The Sage","The Servant 0.9.4","TheSwordswoman"],"gold_per_floor":[117,117,127,138,27,58,58,74,74,74,74,85,85,95,95,193,193,204,221,75,15,32,32,43,43,69,86,86,86,86,98,98,197,197,211,262,282,282,282],"floor_reached":38,"language":"ENG","playtime":2925,"items_purged":[],"score":453,"play_id":"486e0659-f833-432b-bab7-84ac522986bf","local_time":"20210120155729","is_ascension_mode":false,"campfire_choices":[{"floor":7,"key":"REST"},{"floor":11,"key":"REST"},{"floor":15,"key":"REST"},{"floor":23,"key":"REST"},{"floor":25,"key":"REST"},{"floor":28,"key":"REST"},{"floor":30,"key":"REST"},{"floor":32,"key":"REST"}],"circlet_count":0,"master_deck":["Survivor+1","Neutralize+1","Shockwave+1","Blur+1","Caltrops+1","Caltrops+1","Blur+1","Shockwave+1","Blur+1","Caltrops+1","Deadly Poison+1","Blur+1","Caltrops+1","Deadly Poison+1","Deadly Poison+1","Noxious Fumes+1","Footwork+1","Burst+1","Night Terror+1","After Image+1","Deadly Poison+1","Footwork+1","Noxious Fumes+1","Die Die Die+1","Noxious Fumes+1","Burst+1","Burst+1"],"relics":["Ring of the Serpent","Hammer of Thor","Seething Fire","Anvil of the Gods","Juzu Bracelet","Toxic Egg 2","Bag of Marbles","Blood Vial","Black Star","Tingsha"],"acts_visited":["Exordium","TheCity","TheBeyond"],"potions_floor_usage":[],"damage_taken":[{"damage":5,"enemies":"Small Slimes","floor":1,"turns":5},{"damage":0,"enemies":"Cultist","floor":3,"turns":3},{"damage":5,"enemies":"2 Louse","floor":4,"turns":2},{"damage":6,"enemies":"Gremlin Nob","floor":6,"turns":4},{"damage":13,"enemies":"Lots of Slimes","floor":8,"turns":2},{"damage":2,"enemies":"Blue Slaver","floor":12,"turns":3},{"damage":7,"enemies":"Looter","floor":14,"turns":4},{"damage":11,"enemies":"Hexaghost","floor":16,"turns":7},{"damage":0,"enemies":"Chosen","floor":18,"turns":5},{"damage":23,"enemies":"Spheric Guardian","floor":19,"turns":4},{"damage":0,"enemies":"Snecko","floor":22,"turns":4},{"damage":16,"enemies":"Sentry and Sphere","floor":24,"turns":6},{"damage":16,"enemies":"Centurion and Healer","floor":27,"turns":6},{"damage":25,"enemies":"3 Cultists","floor":31,"turns":4},{"damage":43,"enemies":"Champ","floor":33,"turns":12},{"damage":4,"enemies":"Orb Walker","floor":35,"turns":6},{"damage":55,"enemies":"2 Orb Walkers","floor":36,"turns":7},{"damage":0,"enemies":"3 Shapes","floor":37,"turns":8},{"damage":24,"enemies":"3 Darklings","floor":38,"turns":2}],"seed_played":"5157305309013290428","potions_obtained":[{"floor":1,"key":"Ancient Potion"},{"floor":4,"key":"BlessingOfTheForge"},{"floor":6,"key":"Energy Potion"},{"floor":35,"key":"FearPotion"}],"is_trial":false,"path_per_floor":["M","?","M","M","$","E","R","M","T","?","R","M","?","M","R","B",null,"M","M","$","?","M","R","M","R","T","M","R","?","R","M","R","B",null,"M","?","M","M"],"character_chosen":"THE_SILENT","items_purchased":["Blur","Caltrops","Bag of Marbles"],"campfire_rested":8,"item_purchase_floors":[5,5,20],"current_hp_per_floor":[65,65,65,60,60,54,70,57,57,62,75,73,73,66,75,64,75,75,52,52,52,52,74,58,75,75,59,75,75,75,50,72,31,75,71,18,20,0,0],"gold":282,"neow_bonus":"UPGRADE_CARD","is_daily":false,"chose_seed":false,"campfire_upgraded":0,"win_rate":0.0,"timestamp":1611151049,"path_taken":["M","?","M","M","$","E","R","M","T","?","R","M","?","M","R","BOSS","M","M","$","?","M","R","M","R","T","M","R","?","R","M","R","BOSS","M","?","M","M"],"items_purchased_type":["Card","Card","Relic"],"build_version":"2020-12-22","purchased_purges":0,"victory":false,"max_hp_per_floor":[70,70,70,70,70,70,70,70,70,75,75,75,75,75,75,75,75,75,75,75,75,75,75,75,75,75,75,75,75,75,75,75,75,75,75,75,75,75,75],"card_choices":[{"not_picked":["Well Laid Plans","PiercingWail"],"picked":"Backflip","floor":1},{"not_picked":["Infinite Blades","Calculated Gamble"],"picked":"Eviscerate","floor":3},{"not_picked":["Deadly Poison","Finisher"],"picked":"Poisoned Stab","floor":4},{"not_picked":["Dagger Spray","Tactician"],"picked":"Noxious Fumes","floor":6},{"not_picked":["Underhanded Strike","Blade Dance","Prepared"],"picked":"SKIP","floor":8},{"not_picked":["Outmaneuver+1","Calculated Gamble+1"],"picked":"Footwork","floor":12},{"not_picked":["Backstab","All Out Attack"],"picked":"Burst+1","floor":14},{"not_picked":["After Image","Wraith Form v2"],"picked":"Night Terror+1","floor":16},{"not_picked":["Backflip+1","Dagger Spray","PiercingWail+1"],"picked":"SKIP","floor":18},{"not_picked":["Flying Knee+1","Outmaneuver+1","Quick Slash"],"picked":"SKIP","floor":19},{"not_picked":["Backflip+1","Sucker Punch","Blade Dance+1"],"picked":"SKIP","floor":22},{"not_picked":["Sucker Punch","Dagger Spray","Deflect+1"],"picked":"SKIP","floor":24},{"not_picked":["Blade Dance+1","Deadly Poison+1"],"picked":"Die Die Die","floor":27},{"not_picked":["Sucker Punch","Choke"],"picked":"Noxious Fumes","floor":31},{"not_picked":["Die Die Die","Unload"],"picked":"Burst+1","floor":33},{"not_picked":["Deadly Poison+1","Dagger Spray","Deflect+1"],"picked":"SKIP","floor":35},{"not_picked":["Prepared+1","Underhanded Strike"],"picked":"Burst+1","floor":37}],"player_experience":1711,"relics_obtained":[{"floor":6,"key":"Juzu Bracelet"},{"floor":9,"key":"Toxic Egg 2"},{"floor":26,"key":"Blood Vial"},{"floor":36,"key":"Tingsha"}],"event_choices":[{"damage_healed":0,"gold_gain":0,"player_choice":"Bought 0 Potions","damage_taken":0,"max_hp_gain":0,"max_hp_loss":0,"event_name":"The Woman in Blue","floor":2,"gold_loss":0},{"damage_healed":0,"gold_gain":0,"player_choice":"Donut","damage_taken":0,"max_hp_gain":5,"max_hp_loss":0,"event_name":"Big Fish","floor":10,"gold_loss":0},{"damage_healed":0,"gold_gain":0,"player_choice":"Upgraded","damage_taken":0,"max_hp_gain":0,"max_hp_loss":0,"event_name":"Upgrade Shrine","floor":13,"gold_loss":0,"cards_upgraded":["Footwork"]},{"damage_healed":25,"gold_gain":0,"player_choice":"Heal","damage_taken":0,"max_hp_gain":0,"max_hp_loss":0,"event_name":"The Library","floor":29,"gold_loss":0},{"damage_healed":0,"gold_gain":0,"player_choice":"Fight","damage_taken":0,"max_hp_gain":0,"max_hp_loss":0,"event_name":"Mysterious Sphere","floor":36,"gold_loss":0}],"is_beta":false,"boss_relics":[{"not_picked":["Empty Cage","Tiny House"],"picked":"Ring of the Serpent"},{"not_picked":["Runic Dome","Coffee Dripper"],"picked":"Black Star"}],"items_purged_floors":[],"is_endless":false,"potions_floor_spawned":[1,4,6,14,18,24,27,35,37],"killed_by":"3 Darklings","ascension_level":0}}