{"host":"y9jgkjnf95sujozk","time":1611143736,"event":{"mods":["2.2 Compatiblity","AchievementEnabler","Act Like it!","BaseMod","BetterRewards","Block Reminder","Colored Map","Colored Powertips","Decade(王小明)","Downfall","Friendly Minions","Gensokyo","GifTheSpireLib","Hallownest","Hermit","Highlight Path","HololiveMod","Hubris","Infinite Spire","Jorbs\u0027s Wanderer Trilogy","Koishi","Marisa（霧雨　魔理沙）","Minty Spire (QoL Compilation)","Quick Restart","Random Character Button","Rare Cards Sparkle","Reimu（博??梦）","Remilia（蕾米莉?）","Shop Mod","StSLib","SuperFastMode","The Animator","The Bug Knight","The Cursed","The Disciple","The Hierophant","The Jungle","The Senshi","The Servant 0.9.4"],"gold_per_floor":[109,109,119,139,149,149,178,29,29,29,40,40,59,59,59,59,59],"floor_reached":16,"language":"ENG","playtime":656,"items_purged":[],"score":119,"play_id":"aca92734-e3c9-49b6-ba49-ad08b12858a7","local_time":"20210120125536","is_ascension_mode":false,"campfire_choices":[{"floor":6,"key":"REST"},{"floor":12,"key":"REST"},{"floor":15,"key":"REST"}],"circlet_count":0,"master_deck":["animator:Strike_Elsword","animator:Strike","animator:Strike","animator:Strike","animator:Chung","animator:Raven","Pain","animator:Kuroyukihime","animator:Rider","animator:Spearman","animator:Mitsurugi","animator:Emonzaemon","animator:DolaRiku","hubris:DuctTapeCard","Hallownest:skillLeafShield","Hallownest:skillLeafShield","Hallownest:skillLeafShield","Hallownest:skillLeafShield","Hallownest:skillLeafShield","animator:Togame","animator:Nanami+1"],"relics":["sneckomod:SneckoSoul","Torii","hubris:DuctTape","hexamod:IceCube","Emotion Chip","HollowMod:LumaflyLanternRelic","infinitespire:Chaos","HollowMod:StagPassRelic"],"acts_visited":["Exordium"],"potions_floor_usage":[16,16,16],"damage_taken":[{"damage":6,"enemies":"Hallownest:monsterHuskWarrior","floor":1,"turns":7},{"damage":4,"enemies":"Hallownest:2_Tiktiks_and_1_Crawlid","floor":3,"turns":3},{"damage":2,"enemies":"Hallownest:2_MossCreeps","floor":4,"turns":6},{"damage":10,"enemies":"Hallownest:Guard_and_Warrior","floor":5,"turns":7},{"damage":2,"enemies":"Hallownest:monsterFoolEater","floor":7,"turns":3},{"damage":6,"enemies":"Hallownest:1_Baldur_1_Crawlid_1_Warrior","floor":11,"turns":6},{"damage":1,"enemies":"Hallownest:MossCreep_and_Mosskin","floor":13,"turns":5},{"damage":66,"enemies":"Hallownest:BossBrokenVessel","floor":16,"turns":12}],"seed_played":"-4549449435244613047","potions_obtained":[{"floor":1,"key":"BlessingOfTheForge"},{"floor":5,"key":"Energy Potion"},{"floor":13,"key":"Weak Potion"}],"is_trial":false,"path_per_floor":["M","?","M","M","M","R","M","$","T","?","M","R","M","?","R","B"],"character_chosen":"THE_ANIMATOR","items_purchased":["infinitespire:Chaos"],"campfire_rested":3,"item_purchase_floors":[8],"current_hp_per_floor":[55,55,51,49,39,57,55,55,55,55,49,61,60,60,61,0,0],"gold":59,"neow_bonus":"","is_daily":false,"chose_seed":false,"campfire_upgraded":0,"win_rate":0.0,"timestamp":1611143736,"path_taken":["M","?","?","M","M","R","M","?","T","?","M","R","M","?","R","BOSS"],"items_purchased_type":["Relic"],"build_version":"2020-12-22","purchased_purges":0,"victory":false,"max_hp_per_floor":[61,61,61,61,61,61,61,61,61,61,61,61,61,61,61,61,61],"card_choices":[{"not_picked":["animator:Mitsurugi","animator:Azekura"],"picked":"animator:Spearman","floor":1},{"not_picked":["animator:ChaikaBohdan","animator:DolaRiku"],"picked":"animator:Mitsurugi","floor":3},{"not_picked":["animator:DolaStephanie","animator:ShinjiMatou"],"picked":"animator:Emonzaemon","floor":4},{"not_picked":["animator:Verdia","animator:Megumin"],"picked":"animator:YunYun","floor":5},{"not_picked":["animator:AcuraTooru","animator:Berserker"],"picked":"animator:DolaRiku","floor":7},{"not_picked":["animator:Kuribayashi","animator:Shuna"],"picked":"animator:Togame","floor":11},{"not_picked":["animator:Emonzaemon","animator:Tyuule"],"picked":"animator:Nanami","floor":13}],"player_experience":156290,"relics_obtained":[{"floor":9,"key":"HollowMod:StagPassRelic"}],"event_choices":[],"is_beta":false,"boss_relics":[],"items_purged_floors":[],"is_endless":false,"potions_floor_spawned":[1,5,13],"killed_by":"Hallownest:BossBrokenVessel","ascension_level":0}}