{"host":"0fm1w3v00gid44jl","time":1611127905,"event":{"mods":["AchievementEnabler","BaseMod","Colored Map","Colored Powertips","Displayed Cursed Tome","Downfall","Googly Eyes","Highlight Path","Minty Spire (QoL Compilation)","Permanent Neow","Relic Stats","StSLib","SuperFastMode","slay the spire mod where everything is the same but ironclad has a cowboy hat"],"gold_per_floor":[99,114,130,148,148,173,221,221,221,235,39,214,52,152,169,169,169,169],"floor_reached":16,"language":"ENG","playtime":468,"items_purged":[],"score":100,"play_id":"1a6a1529-65d0-49d6-9e0a-87f432e8c76e","local_time":"20210120013145","is_ascension_mode":false,"campfire_choices":[{"data":"bronze:BurnOut","floor":1,"key":"SMITH"},{"data":"bronze:MaxOutput","floor":8,"key":"SMITH"}],"circlet_count":0,"master_deck":["bronze:Strike","bronze:Strike","bronze:Strike+1","bronze:Strike","bronze:Defend","bronze:Defend","bronze:Defend+1","bronze:Defend","bronze:Replicate","bronze:Goto","bronze:BurnOut+1","bronze:MaxOutput+1","bronze:Flail+1","bronze:DelayedSlice+1","downfall:Malfunctioning","bronze:WhirlingStrike","bronze:ClassDefault","bronze:BugBarrage","bronze:FineTuning","Doubt","bronze:Boost","bronze:RecursiveStrike"],"relics":["bronze:BronzeCore","bronze:SilverBullet","Orichalcum","Guardian:PocketSentry"],"acts_visited":["Exordium"],"potions_floor_usage":[],"damage_taken":[{"damage":4,"enemies":"Cultist","floor":2,"turns":4},{"damage":3,"enemies":"Jaw Worm","floor":3,"turns":4},{"damage":0,"enemies":"Small Slimes","floor":4,"turns":2},{"damage":20,"enemies":"3 Sentries","floor":6,"turns":4},{"damage":0,"enemies":"Gremlin Gang","floor":10,"turns":1},{"damage":4,"enemies":"downfall:FleeingMerchant","floor":11,"turns":4},{"damage":2,"enemies":"downfall:FleeingMerchant","floor":13,"turns":4},{"damage":9,"enemies":"Exordium Thugs","floor":15,"turns":3},{"damage":21,"enemies":"SI_SHIV_ARCHETYPE","floor":16,"turns":3}],"seed_played":"-7431456583027509985","potions_obtained":[{"floor":2,"key":"AttackPotion"},{"floor":4,"key":"BlessingOfTheForge"},{"floor":10,"key":"Energy Potion"}],"is_trial":false,"path_per_floor":["R","M","M","M","?","E","T","R","?","M","$","?","$","?","M","B"],"character_chosen":"THE_AUTOMATON","items_purchased":["bronze:ClassDefault","bronze:BugBarrage","bronze:FineTuning","Guardian:PocketSentry"],"campfire_rested":0,"item_purchase_floors":[11,11,11,13],"current_hp_per_floor":[63,59,56,56,56,36,36,36,36,36,32,32,30,30,21,0,0,0],"gold":169,"neow_bonus":"THREE_RARE_CARDS","is_daily":false,"chose_seed":false,"campfire_upgraded":2,"win_rate":0.0,"timestamp":1611127905,"path_taken":["R","M","M","?","?","E","T","R","?","M","$","?","$","?","M","BOSS"],"items_purchased_type":["Card","Card","Card","Relic"],"build_version":"2020-12-22","purchased_purges":0,"victory":false,"max_hp_per_floor":[63,63,63,63,63,63,63,63,63,63,63,63,63,63,63,63,63,63],"relic_stats":{"counters":[9,29],"Orichalcum":[42],"obtain_stats":[{"bronze:BronzeCore":0,"Guardian:PocketSentry":13,"Orichalcum":7,"bronze:SilverBullet":6},{"bronze:BronzeCore":0,"Guardian:PocketSentry":7,"Orichalcum":4,"bronze:SilverBullet":4},{"bronze:BronzeCore":0,"Guardian:PocketSentry":23,"Orichalcum":14,"bronze:SilverBullet":14}]},"card_choices":[{"not_picked":["bronze:Break","bronze:AlphaBuild"],"picked":"bronze:BurnOut","floor":0},{"not_picked":["bronze:FollowUp","bronze:CutThrough"],"picked":"bronze:MaxOutput","floor":2},{"not_picked":["bronze:BronzeOrb","bronze:WhirlingStrike"],"picked":"bronze:Flail","floor":3},{"not_picked":["bronze:BitShift","bronze:Branch"],"picked":"bronze:DelayedSlice","floor":4},{"not_picked":["bronze:Deprecate","bronze:CloningBeam","bronze:CutThrough"],"picked":"SKIP","floor":6},{"not_picked":["bronze:GetLatest","bronze:WildBeam","bronze:OilSpill"],"picked":"SKIP","floor":10},{"not_picked":["bronze:Iterate","bronze:Branch"],"picked":"bronze:WhirlingStrike","floor":11},{"not_picked":["bronze:Shell","bronze:Branch"],"picked":"bronze:Boost","floor":13},{"not_picked":["bronze:Return","bronze:NullPointer"],"picked":"bronze:RecursiveStrike","floor":15}],"player_experience":1468222,"relics_obtained":[{"floor":6,"key":"bronze:SilverBullet"},{"floor":7,"key":"Orichalcum"}],"event_choices":[{"damage_healed":0,"gold_gain":0,"player_choice":"Grow","damage_taken":0,"max_hp_gain":0,"max_hp_loss":0,"event_name":"Living Wall","floor":9,"gold_loss":0,"cards_upgraded":["bronze:Flail"]}],"is_beta":false,"boss_relics":[],"items_purged_floors":[],"is_endless":false,"potions_floor_spawned":[2,4,10],"killed_by":"SI_SHIV_ARCHETYPE","ascension_level":0}}