{"host":"paldcvh53cshz2ra","time":1611127158,"event":{"mods":["BaseMod","Downfall","Marisa????????","Minty Spire (QoL Compilation)","Quick Restart","Robot Space Explorer","StSLib","The Cursed","The Forsaken","The Servant 0.9.4","The Wild Card"],"gold_per_floor":[99,199,214,214,314,314,341,360,373,389,409,409,428,428,444,540,590,590,608,619,619,639,639,665,679,679,779,796,796,812,812,830,926,926,926,945,962,118,138,138,138,138,158,158,170,170,170,186,205,205,205,205],"floor_reached":50,"language":"ENG","playtime":11809,"items_purged":[],"score":492,"play_id":"8278aaff-d9ac-47d6-a596-5204eff22599","local_time":"20210120081918","is_ascension_mode":false,"campfire_choices":[{"data":"champ:Taunt","floor":1.0,"key":"SMITH"},{"floor":6.0,"key":"REST"},{"data":"champ:ShieldWall","floor":12.0,"key":"SMITH"},{"data":"champ:LastStand","floor":18.0,"key":"SMITH"},{"data":"champ:BringItOn","floor":23.0,"key":"SMITH"},{"floor":26.0,"key":"REST"},{"floor":29.0,"key":"REST"},{"data":"champ:CrownThrow","floor":35.0,"key":"SMITH"},{"data":"champ:HoldFirm","floor":40.0,"key":"SMITH"},{"data":"champ:StanceDance","floor":42,"key":"SMITH"},{"floor":44,"key":"REST"},{"data":"champ:Shatter","floor":47,"key":"SMITH"}],"circlet_count":0,"master_deck":["champ:Strike","champ:Strike","champ:Strike","champ:Strike","champ:Defend","champ:Defend","champ:Execute+1","champ:Taunt+1","champ:CrookedStrike","champ:Endure+1","champ:Shatter+1","champ:RisingSlash","champ:ShieldWall+1","champ:BerserkersShout","champ:GutPunch","champ:CrownThrow","champ:Duel+1","champ:CalledShot","champ:LastStand+1","champ:CrownThrow+1","champ:Backstep+1","champ:RisingSlash+1","champ:BringItOn+1","champ:EnragedBash+1","champ:FancyFootwork","champ:RisingSlash","champ:FalseCounter+1","champ:VampiricStrike","champ:Encircle+1","champ:GutPunch+1","champ:CrownThrow+1","champ:HoldFirm+1","champ:StanceDance+1","champ:ArenaPreparation+1","champ:EnGarde+1","champ:EnGarde+1","champ:EnGarde+1","champ:EnGarde+1","champ:AdrenalArmor+1","champ:RecklessLeap+1","champ:Backstep+1"],"relics":["champ:ChampionCrown","Champion Belt","Oddly Smooth Stone","Tiny House","theForsaken:Lifeblossom","Black Star","Dead Branch","champ:GladiatorsBookOfMartialProwess","Orrery","Sundial"],"acts_visited":["Exordium","TheCity","TheBeyond"],"potions_floor_usage":[43,43,48,49],"damage_taken":[{"damage":55.0,"floor":2.0,"turns":6.0},{"damage":1.0,"enemies":"2 Louse","floor":3.0,"turns":2.0},{"damage":57.0,"enemies":"downfall:Heads","floor":5.0,"turns":7.0},{"damage":10.0,"enemies":"Small Slimes","floor":8.0,"turns":3.0},{"damage":10.0,"enemies":"Jaw Worm","floor":9.0,"turns":4.0},{"damage":35.0,"enemies":"Lots of Slimes","floor":10.0,"turns":5.0},{"damage":2.0,"enemies":"3 Louse","floor":11.0,"turns":3.0},{"damage":19.0,"enemies":"Gremlin Gang","floor":13.0,"turns":3.0},{"damage":0.0,"enemies":"2 Fungi Beasts","floor":15.0,"turns":2.0},{"damage":81.0,"enemies":"DF_ARCHETYPE_STREAMLINE","floor":16.0,"turns":10.0},{"damage":20.0,"enemies":"Shell Parasite","floor":19.0,"turns":5.0},{"damage":51.0,"enemies":"Centurion and Healer","floor":20.0,"turns":7.0},{"damage":59.0,"enemies":"Cultist and Chosen","floor":22.0,"turns":6.0},{"damage":20.0,"enemies":"Chosen and Byrds","floor":25.0,"turns":6.0},{"damage":55.0,"enemies":"Shelled Parasite and Fungi","floor":28.0,"turns":6.0},{"damage":23.0,"enemies":"Snake Plant","floor":30.0,"turns":4.0},{"damage":42.0,"enemies":"3 Cultists","floor":32.0,"turns":5.0},{"damage":82.0,"enemies":"SI_MIRROR_ARCHETYPE","floor":33.0,"turns":12.0},{"damage":0.0,"enemies":"Orb Walker","floor":36.0,"turns":3.0},{"damage":48.0,"enemies":"3 Shapes","floor":37.0,"turns":4.0},{"damage":25.0,"enemies":"downfall:FleeingMerchant","floor":38.0,"turns":4.0},{"damage":23.0,"enemies":"3 Darklings","floor":39.0,"turns":6.0},{"damage":61,"enemies":"Writhing Mass","floor":43,"turns":6},{"damage":50,"enemies":"4 Shapes","floor":45,"turns":6},{"damage":76,"enemies":"Maw","floor":48,"turns":7},{"damage":31,"enemies":"Jaw Worm Horde","floor":49,"turns":4},{"damage":304,"enemies":"IC_BLOCK_ARCHETYPE","floor":50,"turns":6}],"seed_played":"4013653163255562641","potions_obtained":[{"floor":2.0,"key":"ColorlessPotion"},{"floor":8.0,"key":"Strength Potion"},{"floor":9.0,"key":"Guardian:BlockOnCardUsePotion"},{"floor":11.0,"key":"sneckomod:MuddlingPotion"},{"floor":13.0,"key":"Weak Potion"},{"floor":17.0,"key":"Energy Potion"},{"floor":19.0,"key":"FairyPotion"},{"floor":28.0,"key":"AttackPotion"},{"floor":32.0,"key":"hexamod:SoulburnPotion"},{"floor":36.0,"key":"Weak Potion"},{"floor":39.0,"key":"BlessingOfTheForge"},{"floor":43,"key":"EssenceOfSteel"},{"floor":45,"key":"DistilledChaos"}],"is_trial":false,"path_per_floor":["R","?","M","?","?","R","T","M","M","M","M","R","M","?","M","B",null,"R","M","M","?","M","R","T","M","R","?","M","R","M","?","M","B",null,"R","M","M","$","M","R","T","R","M","R","M","?","R","M","M","B"],"character_chosen":"THE_CHAMP","items_purchased":["Dead Branch","champ:GladiatorsBookOfMartialProwess","champ:CounterPotion","hexamod:SoulburnPotion","Orrery"],"campfire_rested":4,"item_purchase_floors":[38,38,38,38,38],"current_hp_per_floor":[99,64,63,96,44,73,73,73,73,68,66,66,62,62,62,13,104,104,99,83,83,59,59,59,50,81,81,57,88,86,86,80,39,104,104,104,64,60,63,63,63,63,28,59,60,91,91,65,65,0,0,0],"gold":205,"neow_bonus":"TEN_PERCENT_HP_BONUS","is_daily":false,"chose_seed":false,"campfire_upgraded":8,"win_rate":0.0,"timestamp":1611127158,"path_taken":["R","?","M","?","?","R","T","M","M","M","M","R","M","?","M","BOSS","R","M","M","?","?","R","T","M","R","?","?","R","M","?","M","BOSS","R","M","M","$","M","R","T","R","M","R","M","?","R","M","M","BOSS"],"items_purchased_type":["Relic","Relic","Potion","Potion","Relic"],"build_version":"2020-12-22","purchased_purges":0,"victory":false,"max_hp_per_floor":[99,99,99,99,99,99,99,99,99,99,99,99,99,99,99,99,104,104,104,104,104,104,104,104,104,104,104,104,104,104,104,104,104,104,104,104,104,104,104,104,104,104,104,104,104,91,91,91,91,91,91,91],"card_choices":[{"not_picked":["champ:BladeFlurry","champ:CrownThrow"],"picked":"champ:CrookedStrike","floor":2.0},{"not_picked":["champ:Parry","champ:StanceDance"],"picked":"champ:Endure","floor":3.0},{"not_picked":["champ:FanOfKnives","champ:PreemptiveStrike"],"picked":"champ:RisingSlash","floor":5.0},{"not_picked":["champ:ShieldSlam","champ:EnGarde"],"picked":"champ:ShieldWall","floor":8.0},{"not_picked":["champ:EnragedBash","champ:SwordThrow"],"picked":"champ:BerserkersShout","floor":9.0},{"not_picked":["champ:EnGarde","champ:Haymaker"],"picked":"champ:GutPunch","floor":10.0},{"not_picked":["champ:SkillfulDodge","champ:SetATrap"],"picked":"champ:CrownThrow","floor":11.0},{"not_picked":["champ:StanceDance","champ:CrownThrow"],"picked":"champ:Duel","floor":13.0},{"not_picked":["champ:StanceDance","champ:PreemptiveStrike"],"picked":"champ:CalledShot","floor":15.0},{"not_picked":["champ:Improvising","champ:UltimateStance"],"picked":"champ:LastStand","floor":16.0},{"not_picked":["champ:ShieldWall","champ:Backstep"],"picked":"champ:CrownThrow","floor":17.0},{"not_picked":["champ:DefensiveShout","champ:EnGarde"],"picked":"champ:Backstep+1","floor":19.0},{"not_picked":["champ:SkillfulDodge","champ:EndlessRage"],"picked":"champ:RisingSlash+1","floor":20.0},{"not_picked":["champ:EnGarde","champ:FlashCut"],"picked":"champ:BringItOn","floor":22.0},{"not_picked":["champ:ShieldSlam","champ:CalledShot+1"],"picked":"champ:EnragedBash+1","floor":25.0},{"not_picked":["champ:Encircle","champ:EnragedBash"],"picked":"champ:FancyFootwork","floor":28.0},{"not_picked":["champ:RecklessLeap","champ:EnragedBash"],"picked":"champ:RisingSlash","floor":30.0},{"not_picked":["champ:HoldFirm","champ:Lariat"],"picked":"champ:FalseCounter+1","floor":32.0},{"not_picked":["champ:Improvising","champ:SteelEdge"],"picked":"champ:VampiricStrike","floor":33.0},{"not_picked":["champ:Lariat","champ:EnragedBash+1"],"picked":"champ:Encircle+1","floor":36.0},{"not_picked":["champ:ShieldSlam+1","champ:PerfectedStrike"],"picked":"champ:GutPunch+1","floor":37.0},{"not_picked":["champ:Haymaker+1","champ:PerfectedStrike"],"picked":"champ:CrownThrow+1","floor":38.0},{"not_picked":["champ:PerfectedStrike+1","champ:RapidStrikes+1"],"picked":"champ:HoldFirm","floor":38.0},{"not_picked":["champ:CrookedStrike+1","champ:FocusedDefense"],"picked":"champ:StanceDance","floor":38.0},{"not_picked":["champ:BringItOn","champ:Endure"],"picked":"champ:ArenaPreparation+1","floor":38.0},{"not_picked":["champ:RisingSlash","champ:FalseCounter+1"],"picked":"champ:EnGarde+1","floor":38.0},{"not_picked":["champ:Shatter","champ:CrownThrow"],"picked":"champ:EnGarde+1","floor":38.0},{"not_picked":["champ:RisingSlash+1","champ:RecklessLeap+1"],"picked":"champ:EnGarde+1","floor":39.0},{"not_picked":["champ:Shatter","champ:RisingSlash"],"picked":"champ:EnGarde+1","floor":43},{"not_picked":["champ:HeavySlash","champ:SetATrap+1"],"picked":"champ:AdrenalArmor+1","floor":45},{"not_picked":["champ:DeathBlow+1","champ:BringItOn"],"picked":"champ:RecklessLeap+1","floor":48},{"not_picked":["champ:AdrenalArmor+1","champ:BladeFlurry"],"picked":"champ:Backstep+1","floor":49}],"player_experience":2070397,"relics_obtained":[{"floor":2.0,"key":"Champion Belt"},{"floor":7.0,"key":"Oddly Smooth Stone"},{"floor":24.0,"key":"theForsaken:Lifeblossom"},{"floor":41.0,"key":"Sundial"}],"event_choices":[{"damage_healed":33.0,"max_hp_gain":0.0,"max_hp_loss":0.0,"gold_gain":0.0,"event_name":"Big Fish","player_choice":"Banana","floor":4.0,"gold_loss":0.0,"damage_taken":0.0},{"damage_healed":0.0,"max_hp_gain":0.0,"max_hp_loss":0.0,"gold_gain":0.0,"event_name":"Accursed Blacksmith","player_choice":"Forge","floor":21.0,"gold_loss":0.0,"damage_taken":0.0,"cards_upgraded":["champ:Duel"]}],"is_beta":false,"boss_relics":[{"not_picked":["SacredBark","Busted Crown"],"picked":"Tiny House"},{"not_picked":["Fusion Hammer","Empty Cage"],"picked":"Black Star"}],"items_purged_floors":[],"is_endless":false,"potions_floor_spawned":[2,8,9,11,13,19,28,32,36,39,43,45],"killed_by":"IC_BLOCK_ARCHETYPE","ascension_level":0}}