{"host":"8rqsnaeml9gxb0kp","time":1611130410,"event":{"mods":["AchievementEnabler","BaseMod","Dark Map","Minty Spire (QoL Compilation)","StSLib"],"gold_per_floor":[109,122,135,23,23,23,38,53,78,90,109,144,94,110,110,209,209,224,241,65,15,30,60,71,71,71,106,122,154,165,194,194,294,294,310,310,327,71,0,0,29,29,29,29,46,73,73,87,87,87],"floor_reached":51,"language":"ENG","playtime":2592,"items_purged":["Defend_R"],"score":1214,"play_id":"2b04084e-9d68-4275-8482-6d512fd36e72","local_time":"20210120001330","is_ascension_mode":true,"campfire_choices":[{"data":"Cleave","floor":6,"key":"SMITH"},{"data":"Cleave","floor":15,"key":"SMITH"},{"data":"Apotheosis","floor":25,"key":"SMITH"},{"floor":32,"key":"REST"},{"data":"Demon Form","floor":40,"key":"SMITH"},{"data":"Power Through","floor":42,"key":"SMITH"},{"data":"Power Through","floor":44,"key":"SMITH"},{"data":"Limit Break","floor":49,"key":"SMITH"}],"circlet_count":0,"master_deck":["Strike_R+1","Strike_R+1","Strike_R","Strike_R","Defend_R","Defend_R","Defend_R","Bash","Cleave+1","Iron Wave","Spot Weakness","Inflame","Clothesline","Headbutt","Thunderclap","Demon Form+1","Cleave+1","Power Through+1","Reaper","Clothesline","Power Through+1","Apotheosis+1","True Grit","Spot Weakness","Pommel Strike+1","Uppercut","Headbutt+1","Carnage+1","Headbutt+1","Shrug It Off+1","Limit Break+1","CurseOfTheBell","Bloodletting+1","Shockwave+1","Pummel+1","Parasite","Clothesline","Headbutt","Double Tap"],"relics":["Burning Blood","Bag of Preparation","Whetstone","Snecko Eye","Strawberry","Ornamental Fan","Oddly Smooth Stone","Calipers","Blood Vial","Calling Bell","Bag of Marbles","Shuriken","Bird Faced Urn","InkBottle","Red Mask","Regal Pillow","Dead Branch","Orichalcum","Pen Nib"],"acts_visited":["Exordium","TheCity","TheBeyond"],"potions_floor_usage":[12,27,28,29,29,30,50],"damage_taken":[{"damage":2,"enemies":"2 Louse","floor":1,"turns":4},{"damage":0,"enemies":"Small Slimes","floor":2,"turns":2},{"damage":1,"enemies":"Cultist","floor":3,"turns":3},{"damage":7,"enemies":"Looter","floor":7,"turns":3},{"damage":19,"enemies":"3 Louse","floor":8,"turns":3},{"damage":8,"enemies":"Blue Slaver","floor":10,"turns":3},{"damage":4,"enemies":"Looter","floor":11,"turns":3},{"damage":34,"enemies":"Gremlin Nob","floor":12,"turns":5},{"damage":8,"enemies":"Large Slime","floor":14,"turns":5},{"damage":0,"enemies":"Slime Boss","floor":16,"turns":7},{"damage":13,"enemies":"2 Thieves","floor":18,"turns":3},{"damage":23,"enemies":"Shell Parasite","floor":19,"turns":5},{"damage":4,"enemies":"Centurion and Healer","floor":22,"turns":4},{"damage":5,"enemies":"Slavers","floor":23,"turns":5},{"damage":3,"enemies":"Cultist and Chosen","floor":24,"turns":5},{"damage":31,"enemies":"Book of Stabbing","floor":27,"turns":5},{"damage":24,"enemies":"Snake Plant","floor":28,"turns":3},{"damage":41,"enemies":"Gremlin Leader","floor":29,"turns":4},{"damage":47,"enemies":"Shelled Parasite and Fungi","floor":30,"turns":6},{"damage":19,"enemies":"Book of Stabbing","floor":31,"turns":4},{"damage":0,"enemies":"Champ","floor":33,"turns":7},{"damage":23,"enemies":"3 Shapes","floor":35,"turns":6},{"damage":3,"enemies":"3 Darklings","floor":37,"turns":3},{"damage":6,"enemies":"Nemesis","floor":41,"turns":5},{"damage":19,"enemies":"Writhing Mass","floor":45,"turns":5},{"damage":38,"enemies":"Giant Head","floor":46,"turns":6},{"damage":0,"enemies":"Transient","floor":48,"turns":5},{"damage":18,"enemies":"Time Eater","floor":50,"turns":5}],"seed_played":"-3627173495501182060","potions_obtained":[{"floor":2,"key":"Energy Potion"},{"floor":3,"key":"Strength Potion"},{"floor":8,"key":"Swift Potion"},{"floor":16,"key":"PowerPotion"},{"floor":19,"key":"DuplicationPotion"},{"floor":27,"key":"FearPotion"},{"floor":29,"key":"ColorlessPotion"},{"floor":31,"key":"EssenceOfSteel"},{"floor":35,"key":"SpeedPotion"},{"floor":37,"key":"Explosive Potion"}],"is_trial":false,"path_per_floor":["M","M","M","$","?","R","M","M","T","M","M","E","?","M","R","B",null,"M","M","$","?","M","E","M","R","T","E","M","E","M","E","R","B",null,"M","?","M","$","?","R","E","R","T","R","M","E","T","M","R","B",null],"character_chosen":"IRONCLAD","items_purchased":["Inflame","Apotheosis","InkBottle"],"campfire_rested":1,"item_purchase_floors":[4,20,38],"current_hp_per_floor":[88,88,88,88,88,88,87,74,74,72,74,46,46,44,44,50,79,81,79,79,79,81,95,95,95,95,70,52,94,53,40,68,94,95,89,89,90,90,90,90,90,90,90,90,87,72,72,80,80,74],"gold":87,"neow_bonus":"TEN_PERCENT_HP_BONUS","is_daily":false,"chose_seed":false,"campfire_upgraded":7,"win_rate":0.0,"timestamp":1611130410,"path_taken":["M","M","M","$","?","R","M","M","T","M","M","E","?","M","R","BOSS","M","M","$","?","?","E","M","R","T","E","M","E","M","E","R","BOSS","M","?","M","$","?","R","E","R","T","R","M","E","?","M","R","BOSS"],"items_purchased_type":["Card","Card","Relic"],"build_version":"2020-12-22","purchased_purges":1,"victory":true,"max_hp_per_floor":[88,88,88,88,88,88,88,88,88,88,88,88,88,88,88,88,88,88,88,88,88,88,95,95,95,95,95,95,95,95,95,95,95,95,95,90,90,90,90,90,90,90,90,90,90,90,90,90,90,90],"card_choices":[{"not_picked":["Iron Wave","Wild Strike"],"picked":"Cleave","floor":1},{"not_picked":["Battle Trance","True Grit"],"picked":"Iron Wave","floor":2},{"not_picked":["Perfected Strike","Heavy Blade"],"picked":"Spot Weakness","floor":3},{"not_picked":["Sever Soul","Heavy Blade"],"picked":"Clothesline","floor":7},{"not_picked":["Pommel Strike","Entrench"],"picked":"Headbutt","floor":8},{"not_picked":["Iron Wave","Searing Blow"],"picked":"Thunderclap","floor":10},{"not_picked":["Sword Boomerang","Body Slam"],"picked":"Demon Form","floor":11},{"not_picked":["Twin Strike","Havoc"],"picked":"Cleave","floor":12},{"not_picked":["Twin Strike","Sword Boomerang"],"picked":"Power Through","floor":14},{"not_picked":["Barricade","Impervious"],"picked":"Reaper","floor":16},{"not_picked":["Headbutt","Iron Wave"],"picked":"Clothesline","floor":18},{"not_picked":["Body Slam","Dropkick+1"],"picked":"Power Through","floor":19},{"not_picked":["Evolve+1","Clash+1"],"picked":"True Grit","floor":22},{"not_picked":["Armaments","Wild Strike"],"picked":"Spot Weakness","floor":23},{"not_picked":["Barricade","Entrench"],"picked":"Pommel Strike+1","floor":24},{"not_picked":["Barricade","Fire Breathing"],"picked":"Uppercut","floor":27},{"not_picked":["Body Slam","Heavy Blade"],"picked":"Headbutt+1","floor":28},{"not_picked":["True Grit+1","Shrug It Off"],"picked":"Carnage+1","floor":29},{"not_picked":["Body Slam","Spot Weakness+1"],"picked":"Headbutt+1","floor":30},{"not_picked":["Pommel Strike","Heavy Blade+1"],"picked":"Shrug It Off+1","floor":31},{"not_picked":["Double Tap","Fiend Fire"],"picked":"Limit Break","floor":33},{"not_picked":["Disarm","Sever Soul"],"picked":"Bloodletting+1","floor":35},{"not_picked":["Perfected Strike+1","Headbutt+1"],"picked":"Shockwave+1","floor":37},{"not_picked":["Battle Trance","Body Slam"],"picked":"Pummel+1","floor":41},{"not_picked":["Sword Boomerang","Body Slam"],"picked":"Clothesline","floor":45},{"not_picked":["Infernal Blade+1","Cleave"],"picked":"Headbutt","floor":46},{"not_picked":["Metallicize","Sentinel"],"picked":"Double Tap","floor":48}],"player_experience":108318,"relics_obtained":[{"floor":9,"key":"Bag of Preparation"},{"floor":12,"key":"Whetstone"},{"floor":23,"key":"Strawberry"},{"floor":26,"key":"Ornamental Fan"},{"floor":27,"key":"Oddly Smooth Stone"},{"floor":29,"key":"Calipers"},{"floor":31,"key":"Blood Vial"},{"floor":34,"key":"Bag of Marbles"},{"floor":34,"key":"Shuriken"},{"floor":34,"key":"Bird Faced Urn"},{"floor":41,"key":"Regal Pillow"},{"floor":43,"key":"Dead Branch"},{"floor":46,"key":"Orichalcum"},{"floor":47,"key":"Pen Nib"}],"event_choices":[{"damage_healed":0,"gold_gain":0,"player_choice":"Ignored","damage_taken":0,"max_hp_gain":0,"max_hp_loss":0,"event_name":"Liars Game","floor":5,"gold_loss":0},{"cards_removed":["Strike_R"],"damage_healed":0,"gold_gain":0,"player_choice":"Card Removal","damage_taken":0,"max_hp_gain":0,"max_hp_loss":0,"event_name":"The Cleric","floor":13,"gold_loss":50},{"damage_healed":0,"gold_gain":0,"player_choice":"Bet on Murderer","damage_taken":0,"max_hp_gain":0,"max_hp_loss":0,"event_name":"The Joust","floor":21,"gold_loss":50},{"damage_healed":0,"gold_gain":0,"player_choice":"Max HP","damage_taken":0,"max_hp_gain":0,"max_hp_loss":5,"event_name":"Winding Halls","floor":36,"gold_loss":0},{"damage_healed":0,"gold_gain":0,"player_choice":"Paid","damage_taken":0,"relics_obtained":["Red Mask"],"max_hp_gain":0,"max_hp_loss":0,"event_name":"Tomb of Lord Red Mask","floor":39,"gold_loss":71}],"is_beta":false,"boss_relics":[{"not_picked":["Coffee Dripper","Runic Pyramid"],"picked":"Snecko Eye"},{"not_picked":["Velvet Choker","SacredBark"],"picked":"Calling Bell"}],"items_purged_floors":[4],"is_endless":false,"potions_floor_spawned":[2,3,8,11,16,19,27,29,31,35,37,41,45],"ascension_level":5}}