{"host":"zkr2i7yla699av24","time":1611155544,"event":{"mods":["100% Spire Juice","2.2 Compatiblity","AchievementEnabler","BaseMod","Better Altar","Better Sensory Stone","Better Skull","ChefMod","Downfall","Hermit","Marisa????????","Minty Spire (QoL Compilation)","MostiFishMod","Permanent Neow","Prisma Mod","READ ME - Guardian Mod","READ ME - Snecko Mod","Robot Space Explorer","StSLib","The Bug Knight","The Construct","The Cursed","The Disciple","The Hierophant","The Jungle","The Mystic","The Servant 0.9.4","TheFirefly"],"gold_per_floor":[109,109,129,79,89,119,119,152,152,258,258,269,299,310,310,405,405],"floor_reached":16,"language":"ENG","playtime":3632,"items_purged":[],"score":220,"play_id":"4cbbe221-75e2-41d3-bff3-0eff954e3a56","local_time":"20210120161224","is_ascension_mode":false,"campfire_choices":[{"data":"chefmod:Puree","floor":7,"key":"SMITH"},{"data":"chefmod:NewMenu","floor":11,"key":"SMITH"},{"data":"chefmod:NewMenu","floor":15,"key":"SMITH"}],"circlet_count":0,"master_deck":["chefmod:Strike","chefmod:QuickThaw","chefmod:Defend","chefmod:Defend","chefmod:Defend","chefmod:Defend","chefmod:TodaysSpecial","chefmod:SliceAndDice","chefmod:FreezeSolid","chefmod:NewMenu+1","chefmod:FireUp","chefmod:Puree+1","chefmod:NewMenu+1","chefmod:HotSoup+1","chefmod:Julienne+1","chefmod:TastyDistraction"],"relics":["chefmod:TrustyPot","DaveBox","SynthV:TestCard","SynthV:C4","Molten Egg 2","Blood Vial","Strawberry","Toy Ornithopter","Bronze Scales"],"acts_visited":["Exordium"],"potions_floor_usage":[6],"damage_taken":[{"damage":0,"enemies":"Small Slimes","floor":1,"turns":4},{"damage":1,"enemies":"Cultist","floor":3,"turns":3},{"damage":1,"enemies":"Jaw Worm","floor":5,"turns":4},{"damage":8,"enemies":"3 Sentries","floor":6,"turns":9},{"damage":0,"enemies":"HollowMod:MossKnight","floor":8,"turns":5},{"damage":0,"enemies":"3 Louse","floor":12,"turns":4},{"damage":0,"enemies":"3 Sentries","floor":13,"turns":5},{"damage":3,"enemies":"Lots of Slimes","floor":14,"turns":3},{"damage":9,"enemies":"Slime Boss","floor":16,"turns":10}],"seed_played":"2281514489370208873","potions_obtained":[{"floor":1,"key":"DistilledChaos"},{"floor":3,"key":"Fire Potion"},{"floor":14,"key":"champ:CounterPotion"}],"is_trial":false,"path_per_floor":["M","?","M","?","M","E","R","E","T","?","R","M","E","M","R","B"],"character_chosen":"THE_CHEF","items_purchased":[],"campfire_rested":0,"item_purchase_floors":[],"current_hp_per_floor":[76,76,75,75,74,66,66,66,66,30,30,32,34,33,33,26,26],"gold":405,"neow_bonus":"REMOVE_CARD","is_daily":false,"chose_seed":false,"campfire_upgraded":3,"win_rate":0.0,"timestamp":1611155544,"path_taken":["M","?","?","?","M","E","R","E","T","?","R","?","E","M","R","BOSS"],"items_purchased_type":[],"build_version":"2020-12-22","purchased_purges":0,"victory":false,"max_hp_per_floor":[76,76,76,76,76,76,76,76,76,83,83,83,83,83,83,83,83],"card_choices":[{"not_picked":["chefmod:HotSoup","chefmod:ZaruSoba"],"picked":"chefmod:SliceAndDice","floor":1},{"not_picked":["chefmod:ZaruSoba","chefmod:HotSoup","chefmod:SliceAndDice","chefmod:Bruschetta"],"picked":"chefmod:NewMenu","floor":3},{"not_picked":["chefmod:PrepCook","chefmod:DoubleChop","chefmod:Fillet","chefmod:ColdSteel"],"picked":"chefmod:FireUp","floor":5},{"not_picked":["chefmod:Cleavers","chefmod:Defrost","chefmod:Sorbet","chefmod:HotSoup"],"picked":"chefmod:Puree","floor":6},{"not_picked":["chefmod:SliceAndDice+1","chefmod:ColdSteel+1","chefmod:Defrost","chefmod:IceCreamCone"],"picked":"chefmod:NewMenu","floor":8},{"not_picked":["chefmod:IcePick+1","chefmod:FryPan+1","chefmod:ColdSteel+1","chefmod:Sorbet"],"picked":"chefmod:HotSoup+1","floor":12},{"not_picked":["chefmod:IcePick+1","chefmod:Chop+1","chefmod:ColdSteel+1","chefmod:Defrost"],"picked":"chefmod:Julienne+1","floor":13},{"not_picked":["chefmod:BaoBuns","chefmod:Gelato","chefmod:ZaruSoba","chefmod:IcePick+1","chefmod:FryPan+1"],"picked":"SKIP","floor":14},{"not_picked":["chefmod:RaidPantry","chefmod:TwoForOne","chefmod:DeepFreeze","chefmod:Canape"],"picked":"chefmod:TastyDistraction","floor":16}],"player_experience":139376,"relics_obtained":[{"floor":1,"key":"SynthV:TestCard"},{"floor":6,"key":"SynthV:C4"},{"floor":8,"key":"Molten Egg 2"},{"floor":9,"key":"Blood Vial"},{"floor":13,"key":"Bronze Scales"}],"event_choices":[{"damage_healed":0,"gold_gain":0,"cards_transformed":["chefmod:Strike"],"player_choice":"Transformed","damage_taken":0,"max_hp_gain":0,"max_hp_loss":0,"event_name":"Transmorgrifier","floor":2,"gold_loss":0,"cards_obtained":["chefmod:FreezeSolid"]},{"cards_removed":["chefmod:Strike"],"damage_healed":0,"gold_gain":0,"player_choice":"Card Removal","damage_taken":0,"max_hp_gain":0,"max_hp_loss":0,"event_name":"The Cleric","floor":4,"gold_loss":50},{"damage_healed":0,"gold_gain":106,"player_choice":"RE GO RE ","damage_taken":48,"relics_obtained":["Strawberry","Toy Ornithopter"],"max_hp_gain":0,"max_hp_loss":0,"event_name":"betterSkull:BetterSkull","floor":10,"gold_loss":0,"cards_upgraded":[]}],"is_beta":false,"boss_relics":[],"items_purged_floors":[],"is_endless":false,"potions_floor_spawned":[1,3,14],"killed_by":"Slime Boss","ascension_level":0}}