{"host":"lxihx0b6awoz2w1j","time":1611173142,"event":{"mods":["Act Like it!","BaseMod","Better Third Choice","CapriCore","Colored Powertips","Conspire","Fox Events","Gensokyo","Hermit","Hubris","Infinite Spire","JesterMod","Luminous","Marisa????????","Melee Mod","Minty Spire (QoL Compilation)","Prisma Mod","Quick Restart","Relic Stats","Replay The Spire","Shade Mod","Spicy Shops","StSLib","The Alterego","The Blue Laboratory","The Cursed","The Disciple","The Forsaken","The Gatherer","The Immortal","The Jungle","The Marked","The Runesmith","The Senshi","The Servant 0.9.4","The Spell Scribe","Waifu the Spire"],"gold_per_floor":[110,126,141,154,82,117,292,292,292,321,339,60,60,60,60,163,163,174,28,28,28,128,128,208,277,277,277,292,302,312,372,372,467,467,487,487,487],"floor_reached":36,"language":"ENG","playtime":1995,"items_purged":[],"score":439,"play_id":"67f8e343-784e-46db-8617-a82b49c663b3","local_time":"20210120210542","is_ascension_mode":true,"campfire_choices":[{"data":"DevaForm","floor":8.0,"key":"SMITH"},{"floor":15.0,"key":"DIG"},{"floor":23.0,"key":"REST"}],"circlet_count":0,"master_deck":["Strike_P","Strike_P","Strike_P","Strike_P","Defend_P","Defend_P","Defend_P","Defend_P","Eruption+1","Vigilance","EmptyFist","Perseverance","CrushJoints","BattleHymn","DevaForm+1","Doubt","SashWhip","ForeignInfluence","FlyingSleeves+1","Ragnarok+1","ClearTheMind","Necronomicurse","hubris:Fate","FlyingSleeves+1","Crescendo+1","infinitespire:Collect","ThirdEye","FlurryOfBlows","Prostrate","Evaluate","hubris:DuctTapeCard","LessonLearned+1","Doubt","Zap","Replay:LoomingThreat+1","Specialist","ReplayTheSpireMod:Black Plague+1","Pray"],"relics":["PureWater","hubris:MobiusCoin","hubris:PeanutButter","infinitespire:ShieldingShard","hubris:FunFungus","Golden Egg","Ring of Chaos","Bronze Scales","Necronomicon","hubris:Towel","infinitespire:Beetle Shell","hubris:DuctTape","theSenshi:FeatherClipsRelic","infinitespire:Cupcake","ReplayTheSpireMod:SealedPack"],"acts_visited":["Exordium","TheCity","TheBeyond"],"potions_floor_usage":[36],"damage_taken":[{"damage":0.0,"enemies":"Small Slimes","floor":1.0,"turns":2.0},{"damage":0.0,"enemies":"Jaw Worm","floor":2.0,"turns":3.0},{"damage":0.0,"enemies":"2 Louse","floor":3.0,"turns":2.0},{"damage":2.0,"enemies":"Looter","floor":4.0,"turns":3.0},{"damage":1.0,"enemies":"Replay:BlueRogue","floor":6.0,"turns":5.0},{"damage":6.0,"enemies":"Gremlin Nob","floor":10.0,"turns":4.0},{"damage":0.0,"enemies":"Exordium Thugs","floor":11.0,"turns":4.0},{"damage":7.0,"enemies":"The Guardian","floor":16.0,"turns":8.0},{"damage":0.0,"enemies":"Spheric Guardian","floor":18.0,"turns":4.0},{"damage":25.0,"enemies":"Nightmare","floor":24.0,"turns":7.0},{"damage":0.0,"enemies":"2 Thieves","floor":25.0,"turns":2.0},{"damage":0.0,"enemies":"Snecko","floor":28.0,"turns":2.0},{"damage":0.0,"enemies":"Snake Plant","floor":29.0,"turns":2.0},{"damage":0.0,"enemies":"Chosen and Byrds","floor":30.0,"turns":3.0},{"damage":1.0,"enemies":"conspire:HollyBat","floor":31.0,"turns":7.0},{"damage":10,"enemies":"Champ","floor":33,"turns":8},{"damage":0,"enemies":"3 Shapes","floor":35,"turns":3},{"damage":0,"enemies":"infinitespire:Three Voidlings","floor":36,"turns":4},{"damage":82,"enemies":"Nightmare_Alpha","floor":36,"turns":8}],"seed_played":"-9045451053889717809","potions_obtained":[{"floor":4.0,"key":"SteroidPotion"},{"floor":10.0,"key":"Explosive Potion"},{"floor":11.0,"key":"blueLaboratory:HeartbeatPotion"},{"floor":28.0,"key":"LifebloodPotion"},{"floor":32.0,"key":"blueLaboratory:FruitPreserves"}],"is_trial":false,"path_per_floor":["M","M","M","M","$","E","?","R","T","E","M","$","?","?","R","B",null,"M","$","?","?","?","R","NM","M","T","AVR","M","M","M","M","R","B",null,"M","?"],"character_chosen":"WATCHER","items_purchased":["BattleHymn","infinitespire:ShieldingShard","FlyingSleeves","Bronze Scales"],"campfire_rested":1,"item_purchase_floors":[5,12,12,19],"current_hp_per_floor":[72,72,72,70,70,69,69,69,69,63,63,63,45,45,45,42,72,72,72,56,56,56,72,51,51,51,51,57,63,69,72,72,72,72,72,0,0],"gold":487,"neow_bonus":"RANDOM_EVENT","is_daily":false,"chose_seed":false,"campfire_upgraded":1,"win_rate":0.0,"timestamp":1611173142,"path_taken":["M","M","M","M","$","E","?","R","T","E","M","$","?","?","R","BOSS","M","$","?","?","?","R","NM","M","T","AVR","?","M","?","M","R","BOSS","M","?"],"items_purchased_type":["Card","Relic","Card","Relic"],"build_version":"2020-12-22","purchased_purges":0,"victory":false,"max_hp_per_floor":[72,72,72,72,72,72,72,72,72,72,72,72,72,72,72,72,72,72,72,72,72,72,72,72,72,72,72,72,72,72,72,72,72,72,72,72,72],"relic_stats":{"counters":[19,81],"Bronze Scales":[99],"Necronomicon":[19],"obtain_stats":[{"hubris:MobiusCoin":6,"Golden Egg":15,"hubris:DuctTape":26,"Ring of Chaos":17,"infinitespire:Beetle Shell":24,"ReplayTheSpireMod:SealedPack":34,"theSenshi:FeatherClipsRelic":27,"hubris:Towel":21,"infinitespire:ShieldingShard":12,"Bronze Scales":19,"hubris:PeanutButter":9,"hubris:FunFungus":13,"Necronomicon":20,"PureWater":0,"infinitespire:Cupcake":27},{"hubris:MobiusCoin":5,"Golden Egg":7,"hubris:DuctTape":11,"Ring of Chaos":8,"infinitespire:Beetle Shell":10,"ReplayTheSpireMod:SealedPack":16,"theSenshi:FeatherClipsRelic":11,"hubris:Towel":9,"infinitespire:ShieldingShard":7,"Bronze Scales":9,"hubris:PeanutButter":5,"hubris:FunFungus":7,"Necronomicon":9,"PureWater":0,"infinitespire:Cupcake":11},{"hubris:MobiusCoin":15,"Golden Egg":23,"hubris:DuctTape":44,"Ring of Chaos":31,"infinitespire:Beetle Shell":42,"ReplayTheSpireMod:SealedPack":66,"theSenshi:FeatherClipsRelic":44,"hubris:Towel":35,"infinitespire:ShieldingShard":23,"Bronze Scales":35,"hubris:PeanutButter":15,"hubris:FunFungus":23,"Necronomicon":35,"PureWater":0,"infinitespire:Cupcake":44}]},"card_choices":[{"not_picked":["Study","Consecrate"],"picked":"EmptyFist","floor":1.0},{"not_picked":["Halt","Swivel"],"picked":"Perseverance","floor":2.0},{"not_picked":["Collect","JustLucky"],"picked":"CrushJoints","floor":3.0},{"not_picked":["Evaluate","Halt"],"picked":"Replay:DivineShield","floor":4.0},{"not_picked":["Crescendo","BowlingBash"],"picked":"DevaForm","floor":6.0},{"not_picked":["Replay:BluntJabs","EmptyMind"],"picked":"SashWhip","floor":10.0},{"not_picked":["InnerPeace","ReachHeaven"],"picked":"ForeignInfluence","floor":11.0},{"not_picked":["Scrawl","ConjureBlade"],"picked":"Ragnarok","floor":16.0},{"not_picked":["CutThroughFate","EmptyBody"],"picked":"ClearTheMind","floor":18.0},{"not_picked":["infinitespire:FinalStrike","ReplayTheSpireMod:Echoes of Time"],"picked":"hubris:Fate","floor":24.0},{"not_picked":["PathToVictory","Nirvana"],"picked":"FlyingSleeves+1","floor":24.0},{"not_picked":["Sanctity","InnerPeace"],"picked":"Crescendo+1","floor":25.0},{"not_picked":["CrushJoints","EmptyFist+1"],"picked":"ThirdEye","floor":28.0},{"not_picked":["FlyingSleeves","EmptyBody"],"picked":"FlurryOfBlows","floor":29.0},{"not_picked":["ClearTheMind","Replay:AllIn"],"picked":"Prostrate","floor":30.0},{"not_picked":["Replay:Hum","ReachHeaven"],"picked":"Evaluate","floor":31.0},{"not_picked":["Vault","DevaForm"],"picked":"LessonLearned","floor":33},{"not_picked":["Runesmith:Fortify","Vigilance"],"picked":"Zap","floor":34},{"not_picked":["DevaForm","ConjureBlade"],"picked":"Replay:LoomingThreat","floor":34},{"not_picked":["Discovery","Swift Strike"],"picked":"Specialist","floor":34},{"not_picked":["ReplayTheSpireMod:Haul","infinitespire:Oblivion"],"picked":"ReplayTheSpireMod:Black Plague","floor":34},{"not_picked":["ClearTheMind","ThirdEye"],"picked":"Pray","floor":35}],"player_experience":646378,"relics_obtained":[{"floor":6.0,"key":"hubris:MobiusCoin"},{"floor":9.0,"key":"hubris:PeanutButter"},{"floor":15.0,"key":"Golden Egg"},{"floor":20.0,"key":"Necronomicon"},{"floor":24.0,"key":"infinitespire:Beetle Shell"},{"floor":26.0,"key":"hubris:DuctTape"}],"event_choices":[{"damage_healed":0.0,"max_hp_gain":0.0,"max_hp_loss":0.0,"gold_gain":175.0,"event_name":"betterThird:BetterSerpent","player_choice":"AGREE","floor":7.0,"gold_loss":0.0,"damage_taken":117.0},{"damage_healed":0.0,"max_hp_gain":0.0,"max_hp_loss":0.0,"gold_gain":1.0,"event_name":"betterThird:BetterScrap","player_choice":"Relic ","floor":13.0,"gold_loss":0.0,"damage_taken":18.0,"cards_obtained":["Blood for Blood"]},{"damage_healed":0.0,"max_hp_gain":0.0,"max_hp_loss":0.0,"gold_gain":0.0,"event_name":"Cursed Tome","player_choice":"Obtained Book","floor":20.0,"gold_loss":0.0,"damage_taken":16.0},{"damage_healed":0.0,"max_hp_gain":0.0,"max_hp_loss":0.0,"gold_gain":100.0,"event_name":"Golden Shrine","player_choice":"Pray","floor":22.0,"gold_loss":0.0,"damage_taken":0.0}],"is_beta":false,"boss_relics":[{"not_picked":["Snecko Eye","SacredBark"],"picked":"Ring of Chaos"},{"not_picked":["Runesmith:UraniumAnvil","hubris:GrandSneckoEye"],"picked":"ReplayTheSpireMod:SealedPack"}],"items_purged_floors":[],"is_endless":true,"potions_floor_spawned":[4,10,11,16,18,28,33,36],"killed_by":"Nightmare_Alpha","ascension_level":1}}