{"host":"fkig9nrckec4xsh0","time":1611101146,"event":{"mods":["BaseMod","Colored Map","Minty Spire (QoL Compilation)","Quick Restart","Replay The Spire","StSLib"],"gold_per_floor":[365,365,365,365,384,384,414,439,512,523,523,523,523,22,47,97,97,201,201,218,143,222,222,247,282,301,301,378,408,420,420,420],"floor_reached":31,"language":"ENG","playtime":1270,"items_purged":["Strike_G"],"score":402,"play_id":"cef9f2a6-b293-4e6f-b4b7-f759e47be198","local_time":"20210119190546","is_ascension_mode":true,"campfire_choices":[{"data":"Cloak And Dagger","floor":6,"key":"SMITH"},{"floor":13,"key":"REST"},{"data":"Accuracy","floor":27,"key":"SMITH"}],"circlet_count":0,"master_deck":["Strike_G","Defend_G","Defend_G+1","Survivor","Neutralize","Blade Dance","Cloak And Dagger+1","Accuracy+1","Backflip","Infinite Blades+1","Blade Dance+1","ReplayTheSpireMod:Shiv Toss+1","Well Laid Plans+1","A Thousand Cuts+1","ReplayTheSpireMod:Exploit Weakness+1","A Thousand Cuts+1","Quick Slash+1","ReplayTheSpireMod:Scrap Shanks+1","Leg Sweep","Fluid Movement+1","Choke"],"relics":["Ring of the Snake","ReplayFunnel","Odd Mushroom","Kunai","Frozen Egg 2","Tough Bandages","War Paint","Astrolabe","Replay:Bottled Flurry","Bag of Marbles","Centennial Puzzle","White Beast Statue","Bottled Flame"],"acts_visited":["Exordium","TheCity"],"potions_floor_usage":[8,8,15,29,31,31,31],"damage_taken":[{"damage":6,"enemies":"2 Louse","floor":1,"turns":4},{"damage":8,"enemies":"Jaw Worm","floor":5,"turns":4},{"damage":31,"enemies":"Lagavulin","floor":7,"turns":8},{"damage":9,"enemies":"The Mushroom Lair","floor":8,"turns":5},{"damage":0,"enemies":"Small Slimes","floor":10,"turns":3},{"damage":5,"enemies":"3 Sentries","floor":15,"turns":4},{"damage":16,"enemies":"Hexaghost","floor":18,"turns":8},{"damage":14,"enemies":"Chosen","floor":20,"turns":4},{"damage":30,"enemies":"Gremlin Leader","floor":25,"turns":4},{"damage":5,"enemies":"Spheric Guardian","floor":26,"turns":3},{"damage":8,"enemies":"Book of Stabbing","floor":29,"turns":5},{"damage":12,"enemies":"Cultist and Chosen","floor":30,"turns":3},{"damage":13,"enemies":"Gremlin Leader","floor":31,"turns":2}],"seed_played":"-1417996224404291846","potions_obtained":[{"floor":5,"key":"Fire Potion"},{"floor":7,"key":"Block Potion"},{"floor":10,"key":"Adrenaline Potion"},{"floor":18,"key":"Reflective Coating"},{"floor":26,"key":"AttackPotion"},{"floor":29,"key":"GhostInAJar"},{"floor":30,"key":"AttackPotion"}],"is_trial":false,"path_per_floor":["M","?","?","?","M","R","E","?","T","M","PTL","PTL","R","$","E","T","R_BF","B",null,"M","?","T","?","T","E","M","R","T","E","M","E"],"character_chosen":"THE_SILENT","items_purchased":["Frozen Egg 2","Infinite Blades+1","Blade Dance","ReplayTheSpireMod:Shiv Toss"],"campfire_rested":1,"item_purchase_floors":[14,14,14,14],"current_hp_per_floor":[57,57,50,50,42,42,11,2,2,2,2,2,23,23,18,18,39,23,58,44,44,44,67,67,37,32,32,32,24,12,0,0],"gold":420,"neow_bonus":"TWO_FIFTY_GOLD","is_daily":false,"chose_seed":false,"campfire_upgraded":2,"win_rate":0.0,"timestamp":1611101146,"path_taken":["M","?","?","?","M","R","E","?","T","M","PTL","PTL","R","$","E","?","R_BF","BOSS","M","?","?","?","?","E","M","R","T","E","?","E"],"items_purchased_type":["Relic","Card","Card","Card"],"build_version":"2020-12-22","purchased_purges":1,"victory":false,"max_hp_per_floor":[70,70,70,70,70,70,70,70,70,70,70,70,70,70,70,70,70,70,70,70,70,70,70,70,70,70,70,70,70,70,70,70],"card_choices":[{"not_picked":["Dash","ReplayTheSpireMod:Speed Training"],"picked":"Blade Dance","floor":1},{"not_picked":["Concentrate","Dodge and Roll"],"picked":"Cloak And Dagger","floor":5},{"not_picked":["Grand Finale","Bane"],"picked":"Accuracy","floor":7},{"not_picked":["Dagger Spray","Heel Hook"],"picked":"Backflip","floor":8},{"not_picked":["Underhanded Strike","Flechettes","Setup"],"picked":"SKIP","floor":10},{"not_picked":["Acrobatics","Sucker Punch"],"picked":"Well Laid Plans+1","floor":15},{"not_picked":["Storm of Steel","Malaise"],"picked":"A Thousand Cuts+1","floor":18},{"not_picked":["Deadly Poison","Underhanded Strike","Skewer"],"picked":"SKIP","floor":20},{"not_picked":["Leg Sweep","Reflex"],"picked":"ReplayTheSpireMod:Scrap Shanks+1","floor":25},{"not_picked":["Bane+1","Dagger Spray"],"picked":"Leg Sweep","floor":26},{"not_picked":["Deadly Poison","Escape Plan+1"],"picked":"Fluid Movement+1","floor":29},{"not_picked":["Catalyst","Bane"],"picked":"Choke","floor":30}],"player_experience":361924,"relics_obtained":[{"floor":7,"key":"ReplayFunnel"},{"floor":8,"key":"Odd Mushroom"},{"floor":9,"key":"Kunai"},{"floor":15,"key":"Tough Bandages"},{"floor":16,"key":"War Paint"},{"floor":22,"key":"Replay:Bottled Flurry"},{"floor":24,"key":"Bag of Marbles"},{"floor":25,"key":"Centennial Puzzle"},{"floor":28,"key":"White Beast Statue"},{"floor":29,"key":"Bottled Flame"}],"event_choices":[{"cards_removed":["ReplayTheSpireMod:Splinters"],"damage_healed":0,"gold_gain":0,"player_choice":"Card Removal","damage_taken":7,"max_hp_gain":0,"max_hp_loss":0,"event_name":"Golden Wing","floor":3,"gold_loss":0},{"cards_removed":["Defend_G"],"damage_healed":0,"gold_gain":0,"player_choice":"Forget","damage_taken":0,"max_hp_gain":0,"max_hp_loss":0,"event_name":"Living Wall","floor":4,"gold_loss":0},{"damage_healed":0,"gold_gain":0,"player_choice":"Fought Mushrooms","damage_taken":0,"max_hp_gain":0,"max_hp_loss":0,"event_name":"Mushrooms","floor":8,"gold_loss":0},{"cards_removed":["Strike_G"],"damage_healed":0,"gold_gain":0,"player_choice":"Gave Gold","damage_taken":0,"max_hp_gain":0,"max_hp_loss":0,"event_name":"Beggar","floor":21,"gold_loss":75},{"damage_healed":23,"gold_gain":0,"player_choice":"Heal","damage_taken":0,"max_hp_gain":0,"max_hp_loss":0,"event_name":"The Library","floor":23,"gold_loss":0}],"is_beta":false,"boss_relics":[{"not_picked":["Pandora\u0027s Box","Runic Pyramid"],"picked":"Astrolabe"}],"items_purged_floors":[14],"is_endless":false,"potions_floor_spawned":[5,7,10,18,26,29,30],"killed_by":"Gremlin Leader","ascension_level":9}}