{"host":"g8zw5beq5mqt80bj","time":1611132630,"event":{"mods":["2.2 Compatiblity","AchievementEnabler","BaseMod","Colored Map","Colored Powertips","DeckTracker","Highlight Path","Minty Spire (QoL Compilation)","Quick Restart","Random Character Button","Rare Cards Sparkle"],"gold_per_floor":[109,18,93,111,61,95,95,107,107],"floor_reached":8,"language":"POL","playtime":389,"items_purged":[],"score":54,"play_id":"49762ffa-0521-4129-950c-0019d49083c7","local_time":"20210120095030","is_ascension_mode":false,"campfire_choices":[],"circlet_count":0,"master_deck":["Strike_P","Strike_P","Strike_P","Defend_P","Defend_P","Defend_P","Defend_P","Eruption","Vigilance","FlurryOfBlows","FollowUp","Indignation","CutThroughFate","FlurryOfBlows","Devotion"],"relics":["PureWater","WingedGreaves","MawBank"],"acts_visited":["Exordium"],"potions_floor_usage":[8],"damage_taken":[{"damage":0.0,"enemies":"Small Slimes","floor":1.0,"turns":2.0},{"damage":0.0,"enemies":"Jaw Worm","floor":4.0,"turns":2.0},{"damage":36.0,"enemies":"Gremlin Nob","floor":6.0,"turns":3.0},{"damage":28,"enemies":"3 Sentries","floor":8,"turns":6}],"seed_played":"4055213889969447675","potions_obtained":[{"floor":6.0,"key":"ColorlessPotion"}],"is_trial":false,"path_per_floor":["M","$","?","M","?","E","?","E"],"character_chosen":"WATCHER","items_purchased":["Indignation","CutThroughFate"],"campfire_rested":0,"item_purchase_floors":[2,2],"current_hp_per_floor":[72,72,61,61,61,25,18,0,0],"gold":107,"neow_bonus":"THREE_CARDS","is_daily":false,"chose_seed":false,"campfire_upgraded":0,"win_rate":0.0,"timestamp":1611132630,"path_taken":["M","$","?","M","?","E","?","E"],"items_purchased_type":["Card","Card"],"build_version":"2020-12-22","purchased_purges":0,"victory":false,"max_hp_per_floor":[72,72,72,72,72,72,72,72,72],"card_choices":[{"not_picked":["InnerPeace","CutThroughFate"],"picked":"FlurryOfBlows","floor":0.0},{"not_picked":["CutThroughFate","Crescendo"],"picked":"FollowUp","floor":1.0},{"not_picked":["Pray","Wireheading"],"picked":"FlurryOfBlows","floor":4.0},{"not_picked":["ClearTheMind","CutThroughFate"],"picked":"Devotion","floor":6.0}],"player_experience":109067,"relics_obtained":[{"floor":6.0,"key":"WingedGreaves"}],"event_choices":[{"damage_healed":0.0,"max_hp_gain":0.0,"max_hp_loss":0.0,"gold_gain":75.0,"event_name":"World of Goop","player_choice":"Gather Gold","floor":3.0,"gold_loss":0.0,"damage_taken":11.0},{"cards_removed":["Strike_P"],"damage_healed":0.0,"max_hp_gain":0.0,"max_hp_loss":0.0,"gold_gain":0.0,"event_name":"The Cleric","player_choice":"Card Removal","floor":5.0,"gold_loss":50.0,"damage_taken":0.0},{"damage_healed":0.0,"max_hp_gain":0.0,"max_hp_loss":0.0,"gold_gain":0.0,"event_name":"Scrap Ooze","player_choice":"Success","floor":7.0,"gold_loss":0.0,"damage_taken":7.0,"relics_obtained":["MawBank"]}],"is_beta":false,"boss_relics":[],"items_purged_floors":[],"is_endless":false,"potions_floor_spawned":[6],"killed_by":"3 Sentries","ascension_level":0}}