{"host":"dlqyscxstsnu98l1","time":1611121686,"event":{"mods":["AchievementEnabler","BaseMod","Bestiary","Colored Map","Colored Powertips","Conspire","GifTheSpireLib","Highlight Path","Minty Spire (QoL Compilation)","Random Character Button","Replay The Spire","SacredBarkPlus","StSLib"],"gold_per_floor":[115,24,24,59,78,78,3,3,3,3,3,17,35,65,65,170,170,182,182,182,122,142,142,172,172,219,219,134,148,148,148,148],"floor_reached":31,"language":"ENG","playtime":1732,"items_purged":["Strike_R"],"score":274,"play_id":"e4b6c8e7-a3a5-42ed-bb0e-16a23f080431","local_time":"20210119234806","is_ascension_mode":true,"campfire_choices":[{"data":"Barricade","floor":6,"key":"SMITH"},{"data":"Entrench","floor":8,"key":"SMITH"},{"data":"Good Instincts","floor":15,"key":"SMITH"},{"data":"Entrench","floor":23,"key":"SMITH"},{"data":"Juggernaut","floor":25,"key":"SMITH"},{"floor":27,"key":"RECALL"}],"circlet_count":0,"master_deck":["Strike_R","Strike_R","Strike_R","Strike_R+1","Defend_R","Defend_R","Defend_R","Defend_R+1","Bash","Barricade+1","Good Instincts+1","Entrench+1","Entrench+1","Juggernaut+1","Body Slam","Decay"],"relics":["Burning Blood","Mirror","ReplayTheSpireMod:Lightbulb","SacredBark","MealTicket","Juzu Bracelet","Girya"],"acts_visited":["Exordium","TheCity"],"potions_floor_usage":[14,16,16,29],"damage_taken":[{"damage":24,"enemies":"Small Slimes","floor":1,"turns":5},{"damage":0,"enemies":"conspire:MimicChest","floor":4,"turns":8},{"damage":5,"enemies":"2 Louse","floor":5,"turns":3},{"damage":0,"enemies":"Jaw Worm","floor":12,"turns":7},{"damage":0,"enemies":"2 Fungi Beasts","floor":13,"turns":6},{"damage":56,"enemies":"3 Sentries","floor":14,"turns":17},{"damage":7,"enemies":"Hexaghost","floor":16,"turns":22},{"damage":20,"enemies":"Spheric Guardian","floor":18,"turns":27},{"damage":0,"enemies":"conspire:FuzzyDice","floor":22,"turns":17},{"damage":25,"enemies":"conspire:SneckoGhost","floor":24,"turns":23},{"damage":51,"enemies":"Cultist and Chosen","floor":29,"turns":8},{"damage":18,"enemies":"Centurion and Healer","floor":31,"turns":2}],"seed_played":"-5840920410163444343","potions_obtained":[{"floor":4,"key":"ElixirPotion"},{"floor":12,"key":"FearPotion"},{"floor":13,"key":"Weak Potion"},{"floor":14,"key":"Elixir"},{"floor":24,"key":"PowerPotion"}],"is_trial":false,"path_per_floor":["M","$","?","?","M","R","$","R","T","?","$","M","M","E","R","B",null,"M","?","?","?","M","R","E","R","T","R","?","M","?","M"],"character_chosen":"IRONCLAD","items_purchased":["Good Instincts"],"campfire_rested":0,"item_purchase_floors":[2],"current_hp_per_floor":[62,62,46,52,53,53,53,53,53,79,79,80,80,30,30,29,80,66,66,66,66,72,72,53,53,53,53,53,8,8,0,0],"gold":148,"neow_bonus":"ONE_RANDOM_RARE_CARD","is_daily":false,"chose_seed":false,"campfire_upgraded":5,"win_rate":0.0,"timestamp":1611121686,"path_taken":["M","$","?","?","M","R","$","R","T","?","$","M","M","E","R","BOSS","M","?","?","?","M","R","E","R","T","R","?","M","?","M"],"items_purchased_type":["Card"],"build_version":"2020-12-22","purchased_purges":1,"victory":false,"max_hp_per_floor":[80,80,80,80,80,80,80,80,80,80,80,80,80,80,80,80,80,80,80,80,80,80,80,80,80,80,80,80,80,80,80,80],"card_choices":[{"not_picked":["Perfected Strike","Pommel Strike","Wild Strike"],"picked":"SKIP","floor":1},{"not_picked":["Flex","Armaments"],"picked":"Entrench","floor":4},{"not_picked":["Demonic Infusion","Heavy Blade","Pummel"],"picked":"SKIP","floor":5},{"not_picked":["Dark Embrace","Clash","Inflame"],"picked":"SKIP","floor":12},{"not_picked":["Replay:Undeath\u0027s Touch","True Grit","ReplayTheSpireMod:Strike From Hell"],"picked":"SKIP","floor":13},{"not_picked":["Armaments","Infernal Blade","True Grit"],"picked":"SKIP","floor":14},{"not_picked":["Flex+1","Battle Trance","conspire:ExplosiveBarrier"],"picked":"SKIP","floor":18},{"not_picked":["Perfected Strike","ReplayTheSpireMod:Stacked","ReplayTheSpireMod:Limb From Limb"],"picked":"SKIP","floor":22},{"not_picked":["Defy Death","Flex+1"],"picked":"Juggernaut","floor":24},{"not_picked":["Hemokinesis","Perfected Strike"],"picked":"Body Slam","floor":29}],"player_experience":86480,"relics_obtained":[{"floor":4,"key":"Mirror"},{"floor":14,"key":"ReplayTheSpireMod:Lightbulb"},{"floor":24,"key":"MealTicket"},{"floor":26,"key":"Juzu Bracelet"}],"event_choices":[{"damage_healed":0,"gold_gain":0,"player_choice":"Entered Light","damage_taken":16,"max_hp_gain":0,"max_hp_loss":0,"event_name":"Shining Light","floor":3,"gold_loss":0,"cards_upgraded":["Strike_R","Defend_R"]},{"damage_healed":26,"gold_gain":0,"player_choice":"Banana","damage_taken":0,"max_hp_gain":0,"max_hp_loss":0,"event_name":"Big Fish","floor":10,"gold_loss":0},{"damage_healed":0,"gold_gain":0,"player_choice":"Leave","damage_taken":0,"max_hp_gain":0,"max_hp_loss":0,"event_name":"conspire:Investor","floor":19,"gold_loss":0},{"damage_healed":0,"gold_gain":0,"player_choice":"Read","damage_taken":0,"max_hp_gain":0,"max_hp_loss":0,"event_name":"The Library","floor":20,"gold_loss":0,"cards_obtained":["Entrench"]},{"damage_healed":0,"gold_gain":0,"player_choice":"Obtained Relic","damage_taken":0,"relics_obtained":["Girya"],"max_hp_gain":0,"max_hp_loss":0,"event_name":"Addict","floor":28,"gold_loss":85},{"damage_healed":0,"gold_gain":0,"player_choice":"Smashed Altar","damage_taken":0,"max_hp_gain":0,"max_hp_loss":0,"event_name":"Forgotten Altar","floor":30,"gold_loss":0,"cards_obtained":["Decay"]}],"is_beta":false,"boss_relics":[{"not_picked":["Runic Cube","Busted Crown"],"picked":"SacredBark"}],"items_purged_floors":[7],"is_endless":false,"potions_floor_spawned":[4,12,13,14,24],"killed_by":"Centurion and Healer","ascension_level":2}}