{"host":"1hppsasng8mkn0s8","time":1611115844,"event":{"mods":["BaseMod","Downfall","Minty Spire (QoL Compilation)","StSLib"],"gold_per_floor":[99,110,110,129,147,180,250,264,283,301,321,350,50,68,88,189,189,189,209,221,221,221,248,248,248,266,276,276,276,276],"floor_reached":28,"language":"ZHS","playtime":2108,"items_purged":[],"score":271,"play_id":"bcc30004-74f9-44cc-8998-56c9863b273b","local_time":"20210120121044","is_ascension_mode":false,"campfire_choices":[{"floor":1,"key":"RECALL"},{"floor":13,"key":"REST"},{"data":"champ:CalledShot","floor":18,"key":"SMITH"},{"data":"champ:DancingMaster","floor":25,"key":"SMITH"}],"circlet_count":0,"master_deck":["champ:Strike","champ:Strike+1","champ:Strike","champ:Strike+1","champ:Defend","champ:Defend","champ:Defend","champ:Defend","champ:Execute","champ:Taunt","champ:FancyFootwork+1","champ:FocusedBerserking","champ:FalseCounter","champ:AdrenalArmor","champ:ArenaPreparation","champ:CrownThrow","champ:Shatter","champ:BerserkersShout","champ:BladeFlurry","champ:CalledShot+1","champ:VampiricStrike","champ:AdrenalArmor+1","champ:EnGarde","champ:DancingMaster+1","champ:FocusedBerserking"],"relics":["champ:ChampionCrown","Blood Vial","Odd Mushroom","downfall:HeartBlessingRed","downfall:HeartBlessingGreen","downfall:HeartBlessingBlue","bronze:MakeshiftBattery","Nilry\u0027s Codex","Mercury Hourglass","Whetstone"],"acts_visited":["Exordium","TheCity"],"potions_floor_usage":[16,16,16,26,27],"damage_taken":[{"damage":1,"enemies":"2 Louse","floor":2,"turns":4},{"damage":15,"enemies":"Cultist","floor":4,"turns":5},{"damage":25,"enemies":"Jaw Worm","floor":5,"turns":5},{"damage":90,"enemies":"3 Sentries","floor":6,"turns":14},{"damage":31,"enemies":"3 Louse","floor":8,"turns":5},{"damage":40,"enemies":"Blue Slaver","floor":9,"turns":4},{"damage":43,"enemies":"Red Slaver","floor":10,"turns":5},{"damage":27,"enemies":"3 Louse","floor":11,"turns":4},{"damage":57,"enemies":"The Mushroom Lair","floor":12,"turns":4},{"damage":37,"enemies":"Exordium Thugs","floor":14,"turns":5},{"damage":29,"enemies":"Blue Slaver","floor":15,"turns":4},{"damage":105,"enemies":"DF_ARCHETYPE_STREAMLINE","floor":16,"turns":12},{"damage":5,"enemies":"Spheric Guardian","floor":19,"turns":1},{"damage":35,"enemies":"Chosen","floor":20,"turns":4},{"damage":80,"enemies":"Book of Stabbing","floor":23,"turns":6},{"damage":25,"enemies":"Snecko","floor":26,"turns":5},{"damage":65,"enemies":"Shelled Parasite and Fungi","floor":27,"turns":5}],"seed_played":"5543412744353686178","potions_obtained":[{"floor":5,"key":"Guardian:BlockOnCardUsePotion"},{"floor":6,"key":"SpeedPotion"},{"floor":8,"key":"EssenceOfSteel"},{"floor":12,"key":"Fire Potion"},{"floor":16,"key":"CultistPotion"},{"floor":21,"key":"CultistPotion"},{"floor":23,"key":"Fire Potion"},{"floor":26,"key":"SpeedPotion"},{"floor":27,"key":"Swift Potion"}],"is_trial":false,"path_per_floor":["R","M","?","M","M","E","T","M","M","M","M","?","R","M","M","B",null,"R","M","M","?","?","E","T","R","M","M","?"],"character_chosen":"THE_CHAMP","items_purchased":[],"campfire_rested":1,"item_purchase_floors":[],"current_hp_per_floor":[99,98,98,98,93,43,43,44,46,45,40,15,57,52,50,7,109,109,109,109,109,93,70,70,70,62,29,0,0,0],"gold":276,"neow_bonus":"TEN_PERCENT_HP_BONUS","is_daily":false,"chose_seed":false,"campfire_upgraded":2,"win_rate":0.0,"timestamp":1611115844,"path_taken":["R","M","?","M","M","E","T","?","M","M","M","?","R","M","M","BOSS","R","M","M","?","?","E","T","R","M","M","?"],"items_purchased_type":[],"build_version":"2020-12-22","purchased_purges":0,"victory":false,"max_hp_per_floor":[99,99,99,99,99,99,99,99,99,99,99,99,109,109,109,109,109,109,109,109,109,109,109,109,109,109,109,109,109,109],"card_choices":[{"not_picked":["champ:EnGarde","champ:TornadoPunch"],"picked":"champ:FancyFootwork","floor":2},{"not_picked":["champ:Backstep","champ:GladiatorStyle"],"picked":"champ:FocusedBerserking","floor":4},{"not_picked":["champ:Circumvent","champ:Backstep"],"picked":"champ:FalseCounter","floor":5},{"not_picked":["champ:BringItOn","champ:BladeFlurry"],"picked":"champ:AdrenalArmor","floor":6},{"not_picked":["champ:RecklessLeap","champ:Backstep"],"picked":"champ:ArenaPreparation","floor":8},{"not_picked":["champ:GutPunch","champ:ShieldThrow"],"picked":"champ:CrownThrow","floor":9},{"not_picked":["champ:FalseCounter","champ:AdrenalArmor"],"picked":"champ:Shatter","floor":10},{"not_picked":["champ:Circumvent","champ:EnGarde"],"picked":"champ:BerserkersShout","floor":11},{"not_picked":["champ:RisingSlash","champ:FlashCut"],"picked":"champ:BladeFlurry","floor":14},{"not_picked":["champ:CrownThrow","champ:TornadoPunch"],"picked":"champ:CalledShot","floor":15},{"not_picked":["champ:Devastate","champ:UltimateStance"],"picked":"champ:VampiricStrike","floor":16},{"not_picked":["champ:Haymaker","champ:IronFortress"],"picked":"champ:AdrenalArmor+1","floor":19},{"not_picked":["champ:Duel","champ:PerfectedStrike+1"],"picked":"champ:EnGarde","floor":20},{"not_picked":["champ:FanOfKnives+1","champ:CheapShot"],"picked":"champ:DancingMaster","floor":23},{"not_picked":["champ:HeartStrike","champ:GladiatorStyle"],"picked":"champ:FocusedBerserking","floor":26},{"not_picked":["champ:EnragedBash","champ:Lariat","champ:PreemptiveStrike+1"],"picked":"SKIP","floor":27}],"player_experience":203715,"relics_obtained":[{"floor":6,"key":"Blood Vial"},{"floor":12,"key":"Odd Mushroom"},{"floor":22,"key":"Nilry\u0027s Codex"},{"floor":23,"key":"Mercury Hourglass"},{"floor":24,"key":"Whetstone"}],"event_choices":[{"damage_healed":0,"gold_gain":0,"player_choice":"Fought Mushrooms","damage_taken":0,"max_hp_gain":0,"max_hp_loss":0,"event_name":"Mushrooms","floor":12,"gold_loss":0}],"is_beta":false,"boss_relics":[{"not_picked":["Cursed Key","Coffee Dripper"],"picked":"bronze:MakeshiftBattery"}],"items_purged_floors":[],"is_endless":false,"potions_floor_spawned":[5,6,8,12,16,23,26,27],"ascension_level":0}}