{"host":"pmmuxs046gii331m","time":1611171897,"event":{"mods":["AchievementEnabler","BaseMod","Colored Powertips","Downfall","Gold Saver","Minty Spire (QoL Compilation)","Permanent Neow","Quick Restart","StSLib"],"gold_per_floor":[484,502,518,518,668,668,668,468,468,479,496,496,178,195,211,307,307,307,319,334,233,233,333,333,351,364,374,385,385,416,426,445,445,445,445],"floor_reached":33,"language":"ENG","playtime":5162,"items_purged":["hexamod:Defend","hexamod:Strike"],"score":263,"play_id":"d4e2cfad-c441-41e6-8b23-1ed6cf2e5cb2","local_time":"20210120144457","is_ascension_mode":false,"campfire_choices":[{"data":"hexamod:Float","floor":1,"key":"SMITH"},{"floor":6,"key":"RECALL"},{"data":"hexamod:Sear","floor":8,"key":"SMITH"},{"data":"hexamod:SearingWound","floor":18,"key":"SMITH"}],"circlet_count":0,"master_deck":["hexamod:Strike","hexamod:Strike","hexamod:Defend","hexamod:Defend","hexamod:Defend","hexamod:Sear+1","hexamod:Float+1","hexamod:SpectersWail","hexamod:AdvancingGuard","hexamod:ThermalTransfer","hexamod:EmpoweredFlame","hexamod:ThermalTransfer","hexamod:SearingWound+1","hexamod:HauntingEcho","hexamod:StepThrough","hexamod:SoulSteal","hexamod:FlamesFromBeyond","hexamod:ShieldOfDarkness+1"],"relics":["hexamod:SpiritBrand","downfall:HeartBlessingRed","downfall:HeartBlessingBlue","Membership Card","hexamod:MatchstickCase","Busted Crown","Frozen Egg 2","Oddly Smooth Stone"],"acts_visited":["Exordium","TheCity"],"potions_floor_usage":[16,16,21,30,33],"damage_taken":[{"damage":5,"enemies":"2 Louse","floor":2,"turns":3},{"damage":0,"enemies":"Small Slimes","floor":3,"turns":4},{"damage":6,"enemies":"Jaw Worm","floor":10,"turns":3},{"damage":11,"enemies":"Large Slime","floor":11,"turns":4},{"damage":0,"enemies":"downfall:FleeingMerchant","floor":13,"turns":4},{"damage":6,"enemies":"Exordium Wildlife","floor":14,"turns":3},{"damage":2,"enemies":"Blue Slaver","floor":15,"turns":3},{"damage":46,"enemies":"DF_ARCHETYPE_STREAMLINE","floor":16,"turns":11},{"damage":4,"enemies":"3 Byrds","floor":19,"turns":5},{"damage":0,"enemies":"Chosen","floor":20,"turns":3},{"damage":5,"enemies":"downfall:FleeingMerchant","floor":21,"turns":4},{"damage":0,"enemies":"Centurion and Healer","floor":25,"turns":3},{"damage":9,"enemies":"Cultist and Chosen","floor":26,"turns":5},{"damage":0,"enemies":"Snecko","floor":27,"turns":5},{"damage":0,"enemies":"Chosen and Byrds","floor":28,"turns":4},{"damage":36,"enemies":"Slavers","floor":30,"turns":3},{"damage":8,"enemies":"Snake Plant","floor":31,"turns":3},{"damage":0,"enemies":"Cultist and Chosen","floor":32,"turns":4},{"damage":24,"enemies":"SI_MIRROR_ARCHETYPE","floor":33,"turns":6}],"seed_played":"5701144096393039446","potions_obtained":[{"floor":3,"key":"SteroidPotion"},{"floor":10,"key":"SteroidPotion"},{"floor":16,"key":"champ:CounterPotion"},{"floor":26,"key":"Swift Potion"},{"floor":28,"key":"PowerPotion"},{"floor":30,"key":"BlessingOfTheForge"},{"floor":31,"key":"Block Potion"}],"is_trial":false,"path_per_floor":["R","M","M","?","?","R","T","R","?","M","M","?","$","M","M","B",null,"R","M","M","$","?","?","T","M","M","M","M","?","E","M","M","B"],"character_chosen":"THE_SPIRIT","items_purchased":["Membership Card","hexamod:MatchstickCase","hexamod:EmpoweredFlame","hexamod:ThermalTransfer","hexamod:SoulSteal"],"campfire_rested":0,"item_purchase_floors":[13,13,13,13,21],"current_hp_per_floor":[70,65,65,65,65,65,65,75,75,69,58,58,58,52,50,4,80,80,76,76,71,71,71,71,71,62,62,62,62,26,18,18,0,0,0],"gold":445,"neow_bonus":"REMOVE_CARD","is_daily":false,"chose_seed":false,"campfire_upgraded":3,"win_rate":0.0,"timestamp":1611171897,"path_taken":["R","M","M","?","?","R","T","R","?","?","M","?","?","M","M","BOSS","R","M","M","$","?","?","T","M","?","M","M","?","E","M","M","BOSS"],"items_purchased_type":["Relic","Relic","Card","Card","Card"],"build_version":"2020-12-22","purchased_purges":2,"victory":false,"max_hp_per_floor":[70,70,70,70,70,70,70,80,80,80,80,80,80,80,80,80,80,80,80,80,80,80,80,80,80,80,80,80,80,80,80,80,80,80,80],"card_choices":[{"not_picked":["hexamod:GhostLash","hexamod:BacktrackSmack","hexamod:NecessarySacrifice"],"picked":"SKIP","floor":2},{"not_picked":["hexamod:Hexaguard","hexamod:NightmareGuise"],"picked":"hexamod:SpectersWail","floor":3},{"not_picked":["hexamod:ThermalTransfer","hexamod:ExtraCrispy","hexamod:RetreatToShadows"],"picked":"SKIP","floor":10},{"not_picked":["hexamod:HauntingEcho","hexamod:Firestarter"],"picked":"hexamod:AdvancingGuard","floor":11},{"not_picked":["hexamod:GiftsFromTheDead","hexamod:HeatShield"],"picked":"hexamod:ThermalTransfer","floor":13},{"not_picked":["hexamod:NightmareGuise","hexamod:InspiringFlames","hexamod:HeatCrush"],"picked":"SKIP","floor":14},{"not_picked":["hexamod:ShieldOfDarkness","hexamod:GhostShield","hexamod:SwordOfDarkness"],"picked":"SKIP","floor":15},{"not_picked":["hexamod:FifthSeal","hexamod:HexaLevel"],"picked":"hexamod:SearingWound","floor":16},{"not_picked":[],"picked":"hexamod:HauntingEcho","floor":19},{"not_picked":[],"picked":"hexamod:StepThrough","floor":20},{"not_picked":["hexamod:NightmareStrike+1"],"picked":"SKIP","floor":21},{"not_picked":["hexamod:AdvancingGuard"],"picked":"SKIP","floor":25},{"not_picked":["hexamod:NightmareStrike+1"],"picked":"SKIP","floor":26},{"not_picked":["hexamod:NightmareGuise+1"],"picked":"SKIP","floor":27},{"not_picked":[],"picked":"hexamod:FlamesFromBeyond","floor":28},{"not_picked":["hexamod:NightmareGuise"],"picked":"SKIP","floor":30},{"not_picked":[],"picked":"hexamod:ShieldOfDarkness+1","floor":31},{"not_picked":["hexamod:ThermalTransfer"],"picked":"SKIP","floor":32}],"player_experience":357298,"relics_obtained":[{"floor":24,"key":"Frozen Egg 2"},{"floor":30,"key":"Oddly Smooth Stone"}],"event_choices":[{"cards_removed":["downfall:Icky"],"damage_healed":0,"gold_gain":0,"player_choice":"Card Removal","damage_taken":0,"max_hp_gain":0,"max_hp_loss":0,"event_name":"The Cleric","floor":12,"gold_loss":0},{"damage_healed":0,"gold_gain":0,"player_choice":"Ignored","damage_taken":0,"max_hp_gain":0,"max_hp_loss":0,"event_name":"Vampires","floor":22,"gold_loss":0}],"is_beta":false,"boss_relics":[{"not_picked":["Runic Pyramid","Astrolabe"],"picked":"Busted Crown"}],"items_purged_floors":[13,21],"is_endless":false,"potions_floor_spawned":[3,10,16,26,28,30,31],"killed_by":"SI_MIRROR_ARCHETYPE","ascension_level":0}}