{"host":"9op7xyky91xc1g6p","time":1611132725,"event":{"mods":["Act Like it!","Astrologer","Bartender","BaseMod","Beaked The Cultist","Better Altar","Better Note","Better Sensory Stone","Better Skull","Better Third Choice","Better Vampires","BshForSts","CapriCore","Energized Spire","Gensokyo","Hallownest","Hermit","Infinite Spire","Koishi","Magitek Elite","Marisa????????","Minty Spire (QoL Compilation)","Random Character Button","Remilia??????","Retaliation","Robot Space Explorer","Shade Mod","SpireExporter+","StSLib","The Animator","The Disciple","The Elementalist","The Hierophant","The Immortal","The Marked","The Mystic","The Poker Player","The Runesmith","The Spell Scribe","TheBandit","Trackpad","Yuyuko","??????REMEMod"],"gold_per_floor":[115,115,135,135,135,175,175,213,213,213,262,262,297,74,74,229,229,259,259,289,311,311,311,384,384,384],"floor_reached":25,"language":"ENG","playtime":2040,"items_purged":[],"score":229,"play_id":"bbbc1aab-cb1c-419c-bba1-6c66bb589600","local_time":"20210120005205","is_ascension_mode":false,"campfire_choices":[{"data":"Runesmith:BackupBattery","floor":7,"key":"SMITH"},{"floor":10,"key":"REST"},{"floor":15,"key":"REST"},{"floor":23,"key":"REST"}],"circlet_count":0,"master_deck":["Runesmith:Strike_RS","Runesmith:Strike_RS","Runesmith:Strike_RS","Runesmith:Strike_RS","Runesmith:Defend_RS+1","Runesmith:Defend_RS","Runesmith:Defend_RS","Runesmith:Defend_RS","Runesmith:CraftFirestone","Runesmith:Fortify","Runesmith:EarthShield","Runesmith:CreatorForm","Runesmith:BackupBattery+1","Runesmith:Permafrost+1","Runesmith:MakeshiftArmor","Runesmith:StaticCage+1","Runesmith:HeatExchange","Runesmith:CraftMagma","Runesmith:DuctTape+1","Runesmith:RuneHurl+1","Runesmith:ChiselStab+1","Runesmith:HeatedChisel","Runesmith:HeatedChisel"],"relics":["Runesmith:BrokenRuby","REME_ComplimentaryCards","Bag of Marbles","trackpad:ByrdBGone","Golden Idol","Frozen Egg 2","REME_ArchaeologicalTools","Oddly Smooth Stone","Angel_Ring","Runesmith:AutoHammer","energizedSpire:OgreHead","War Paint","Tintinnabulum","Tiny Chest","Pen Nib","Sundial"],"acts_visited":["Exordium","Gensokyo:Gensokyoer"],"potions_floor_usage":[6,8,8,24,24,25],"damage_taken":[{"damage":4,"enemies":"Cultist","floor":1,"turns":4},{"damage":0,"enemies":"Small Slimes","floor":3,"turns":3},{"damage":13,"enemies":"Lagavulin","floor":6,"turns":8},{"damage":25,"enemies":"Gremlin Nob","floor":8,"turns":4},{"damage":1,"enemies":"Jaw Worm","floor":11,"turns":3},{"damage":16,"enemies":"Gremlin Gang","floor":13,"turns":7},{"damage":3,"enemies":"Hexaghost","floor":16,"turns":9},{"damage":2,"enemies":"Gensokyo:CosmicMonolith","floor":18,"turns":7},{"damage":8,"enemies":"Gensokyo:AngelMirror","floor":20,"turns":6},{"damage":0,"enemies":"Gensokyo:Swordslinger","floor":21,"turns":6},{"damage":11,"enemies":"Gensokyo:Reisen","floor":24,"turns":8},{"damage":44,"enemies":"Gensokyo:3_Gloops","floor":25,"turns":4}],"seed_played":"1318731529398037700","potions_obtained":[{"floor":2,"key":"SkillPotion"},{"floor":2,"key":"Swift Potion"},{"floor":2,"key":"DistilledChaos"},{"floor":6,"key":"LiquidMemories"},{"floor":11,"key":"ColorlessPotion"},{"floor":16,"key":"SneckoOil"},{"floor":20,"key":"AttackPotion"},{"floor":21,"key":"SteroidPotion"}],"is_trial":false,"path_per_floor":["M","?","M","?","?","E","R","E","T","R","M","?","M","$","R","B",null,"M","?","M","M","AVR","R","E","M"],"character_chosen":"RUNESMITH_CLASS","items_purchased":["Runesmith:AutoHammer","Runesmith:HeatExchange","Runesmith:CraftMagma"],"campfire_rested":3,"item_purchase_floors":[14,14,14],"current_hp_per_floor":[66,66,66,66,49,36,36,11,11,32,31,31,20,20,41,38,70,68,22,20,21,22,44,34,0,0],"gold":384,"neow_bonus":"RANDOM_COMMON_RELIC","is_daily":false,"chose_seed":false,"campfire_upgraded":1,"win_rate":0.0,"timestamp":1611132725,"path_taken":["M","?","?","?","?","E","R","E","T","R","M","?","?","$","R","BOSS","M","?","M","M","AVR","R","E","M"],"items_purchased_type":["Relic","Card","Card"],"build_version":"2020-12-22","purchased_purges":0,"victory":false,"max_hp_per_floor":[70,70,70,70,70,70,70,70,70,70,70,70,70,70,70,70,70,70,70,70,70,70,70,70,70,70],"card_choices":[{"not_picked":["Runesmith:Refine","Runesmith:CraftProtectio"],"picked":"Runesmith:EarthShield","floor":1},{"not_picked":["Runesmith:FieryHammer","Runesmith:Attraction"],"picked":"Runesmith:CreatorForm","floor":3},{"not_picked":["Runesmith:HammerThrow","Runesmith:PerfectChisel"],"picked":"Runesmith:BackupBattery","floor":6},{"not_picked":["Runesmith:Terraform","Runesmith:RuneHurl"],"picked":"Runesmith:Permafrost+1","floor":8},{"not_picked":["Runesmith:HammerAndChisel","Runesmith:CraftReservo"],"picked":"Runesmith:MakeshiftArmor","floor":11},{"not_picked":["Runesmith:ShiftingStrike","Runesmith:MakeshiftArmor"],"picked":"Runesmith:StaticCage","floor":13},{"not_picked":["Runesmith:CreatorForm+1","Runesmith:LightningRod"],"picked":"Runesmith:DuctTape+1","floor":16},{"not_picked":["Runesmith:EarthShield","Runesmith:WhiteBalance+1"],"picked":"Runesmith:RuneHurl+1","floor":18},{"not_picked":["Runesmith:ShiftingStrike+1","Runesmith:Discharge"],"picked":"Runesmith:ChiselStab+1","floor":20},{"not_picked":["Runesmith:MakeshiftArmor","Runesmith:Firestorm+1"],"picked":"Runesmith:HeatedChisel","floor":21},{"not_picked":["Runesmith:CraftMagma","Runesmith:ShiftingStrike"],"picked":"Runesmith:HeatedChisel","floor":24}],"player_experience":383207,"relics_obtained":[{"floor":6,"key":"Frozen Egg 2"},{"floor":8,"key":"REME_ArchaeologicalTools"},{"floor":9,"key":"Oddly Smooth Stone"},{"floor":24,"key":"Sundial"}],"event_choices":[{"damage_healed":0,"gold_gain":0,"player_choice":"Got Potions","damage_taken":0,"max_hp_gain":0,"max_hp_loss":0,"event_name":"Lab","floor":2,"gold_loss":0},{"damage_healed":0,"gold_gain":0,"player_choice":"Take Damage","damage_taken":17,"relics_obtained":["Golden Idol"],"max_hp_gain":0,"max_hp_loss":0,"event_name":"Golden Idol","floor":5,"gold_loss":0},{"damage_healed":0,"gold_gain":0,"player_choice":"Gave Potion","damage_taken":0,"relics_obtained":["Angel_Ring"],"max_hp_gain":0,"max_hp_loss":0,"event_name":"WeMeetAgain","floor":12,"gold_loss":0},{"damage_healed":0,"gold_gain":0,"player_choice":"RE RE RE ","damage_taken":52,"relics_obtained":["War Paint","Tintinnabulum","Tiny Chest"],"max_hp_gain":0,"max_hp_loss":0,"event_name":"betterSkull:BetterSkull","floor":19,"gold_loss":0,"cards_upgraded":[]}],"is_beta":false,"boss_relics":[{"not_picked":["SacredBark","Calling Bell"],"picked":"energizedSpire:OgreHead"}],"items_purged_floors":[],"is_endless":false,"potions_floor_spawned":[6,11,16,20,21],"killed_by":"Gensokyo:3_Gloops","ascension_level":0}}