{"host":"1p8eqzpvl5sxeu5t","time":1611113489,"event":{"mods":["BaseMod","Bestiary","Block Reminder","Colored Map","Colored Powertips","Curses Come First","Downfall","Highlight Path","Minty Spire (QoL Compilation)","Relic Stats","StSLib","The IronCluck","Waifu the Spire","everything is the same but u backflip on backflip","slay the spire mod where everything is the same but ironclad has a cowboy hat"],"gold_per_floor":[99,111,123,135,135,166,166,198,348,383,383,283,301,313,325,325,325,325],"floor_reached":16,"language":"ENG","playtime":929,"items_purged":[],"score":122,"play_id":"7f9d6fed-5c37-4580-952b-10bfe6ef6008","local_time":"20210120113129","is_ascension_mode":false,"campfire_choices":[{"data":"bronze:Goto","floor":1,"key":"SMITH"},{"floor":12,"key":"REST"}],"circlet_count":0,"master_deck":["bronze:Strike","bronze:Strike","bronze:Strike","bronze:Strike","bronze:Defend","bronze:Defend+1","bronze:Defend","bronze:Defend","bronze:Replicate","bronze:Goto+1","bronze:Boost+1","bronze:Turbo","bronze:WhirlingStrike","bronze:Overload","downfall:Icky","bronze:FineTuning","bronze:AlphaBuild","PanicButton"],"relics":["bronze:BronzeCore","InkBottle","HornCleat","War Paint","Shovel","downfall:HeartBlessingGreen"],"acts_visited":["Exordium"],"potions_floor_usage":[8,16,16],"damage_taken":[{"damage":4,"enemies":"2 Louse","floor":2,"turns":4},{"damage":0,"enemies":"Small Slimes","floor":3,"turns":4},{"damage":0,"enemies":"Jaw Worm","floor":4,"turns":5},{"damage":24,"enemies":"Gremlin Nob","floor":6,"turns":5},{"damage":8,"enemies":"Lagavulin","floor":8,"turns":7},{"damage":25,"enemies":"Gremlin Nob","floor":10,"turns":5},{"damage":4,"enemies":"Exordium Thugs","floor":13,"turns":4},{"damage":12,"enemies":"Gremlin Gang","floor":14,"turns":7},{"damage":0,"enemies":"Lots of Slimes","floor":15,"turns":2},{"damage":26,"enemies":"SI_SHIV_ARCHETYPE","floor":16,"turns":8}],"seed_played":"-1547167126810299677","potions_obtained":[{"floor":2,"key":"bronze:CleanCodePotion"},{"floor":6,"key":"DistilledChaos"},{"floor":13,"key":"LiquidMemories"},{"floor":15,"key":"LiquidBronze"}],"is_trial":false,"path_per_floor":["R","M","M","M","?","E","T","E","?","E","?","R","M","M","M","B"],"character_chosen":"THE_AUTOMATON","items_purchased":[],"campfire_rested":1,"item_purchase_floors":[],"current_hp_per_floor":[77,73,73,73,73,49,49,41,41,16,16,39,35,23,23,0,0,0],"gold":325,"neow_bonus":"TEN_PERCENT_HP_BONUS","is_daily":false,"chose_seed":false,"campfire_upgraded":1,"win_rate":0.0,"timestamp":1611113489,"path_taken":["R","M","M","M","?","E","T","E","?","E","?","R","?","M","M","BOSS"],"items_purchased_type":[],"build_version":"2020-12-22","purchased_purges":0,"victory":false,"max_hp_per_floor":[77,77,77,77,77,77,77,77,77,77,77,77,77,77,77,77,77,77],"relic_stats":{"Shovel":0,"counters":[10,51],"War Paint":["bronze:Defend","bronze:Boost"],"obtain_stats":[{"bronze:BronzeCore":0,"HornCleat":7,"Shovel":10,"downfall:HeartBlessingGreen":12,"War Paint":8,"InkBottle":6},{"bronze:BronzeCore":0,"HornCleat":4,"Shovel":6,"downfall:HeartBlessingGreen":6,"War Paint":5,"InkBottle":4},{"bronze:BronzeCore":0,"HornCleat":18,"Shovel":30,"downfall:HeartBlessingGreen":30,"War Paint":25,"InkBottle":18}],"InkBottle":[9]},"card_choices":[{"not_picked":["bronze:BugBarrage","bronze:Iterate"],"picked":"bronze:Boost","floor":2},{"not_picked":["bronze:BugBarrage","bronze:Branch"],"picked":"bronze:Turbo","floor":3},{"not_picked":["bronze:Shield","bronze:OilSpill"],"picked":"bronze:WhirlingStrike","floor":4},{"not_picked":["bronze:GetLatest","bronze:HyperBeam"],"picked":"bronze:Overload","floor":6},{"not_picked":["bronze:Overheat","bronze:OilSpill","bronze:Shield"],"picked":"SKIP","floor":8},{"not_picked":["bronze:Shell","bronze:Allocate"],"picked":"bronze:FineTuning","floor":10},{"not_picked":["bronze:WildBeam","bronze:FineTuning","bronze:BitShift"],"picked":"SKIP","floor":13},{"not_picked":["bronze:WildBeam","bronze:BuggyMess","bronze:OilSpill"],"picked":"SKIP","floor":14},{"not_picked":["bronze:Philosophize","bronze:Branch","bronze:ForceShield"],"picked":"SKIP","floor":15}],"player_experience":838816,"relics_obtained":[{"floor":6,"key":"InkBottle"},{"floor":7,"key":"HornCleat"},{"floor":8,"key":"War Paint"},{"floor":10,"key":"Shovel"}],"event_choices":[],"is_beta":false,"boss_relics":[],"items_purged_floors":[],"is_endless":false,"potions_floor_spawned":[2,6,13,15],"killed_by":"SI_SHIV_ARCHETYPE","ascension_level":0}}