{"host":"4lxzgdqpvzyot39g","time":1611172197,"event":{"mods":["100% Spire Juice","Abigail Mod","Act Like it!","Aspiration","BaseMod","Beaked The Cultist","Better Altar","Better Match","Better Note","Better Sensory Stone","Better Skull","Better Third Choice","CCEM","Colored Map","Colored Powertips","Conspire","Dark Map","Displayed Cursed Tome","Dota2Spire","Energized Spire","Fox Events","Friendly Minions","Gensokyo","GifTheSpireLib","Halation","Hallownest","Hermit","Highlight Path","HololiveMod","Hubris","Infinite Spire","Jedi Mod","JesterMod","Mari Mod (Legacy)","Mari\u0027s V1 Patch","MarisaÅiñ∂âJÅ@ñÇóùçπÅj","Minty Spire (QoL Compilation)","Prisma Mod","Quarter Circle Forward PUNCH!","Relic Filter","Replay The Spire","Robot Space Explorer","SCP261 Mod","Small Relic Pack","Spicy Shops","Spikes Relics","Spire Arcade","StS++","StSLib","Stuff the Spire","The Alterego","The Blue Laboratory","The Bug Knight","The Cursed","The Fake Hero","The Marked","The Servant 0.9.4","The Wild Card","Trackpad","Waifu the Spire","WarShipGirlsR/??è≠èóR mod","vexMod","Åy?ï®?îvÅzREMEMod"],"gold_per_floor":[516,40,40,51,51,77,91,123,123,153,153,179,104,114,114,189,189,209,226,226,226,226,251,271,286,286,300,300,81,6,18,18,90,90,104,123,82,82,97,125,139,139,165,196,196,206,217,236,236,236,236,236,276,308,308],"floor_reached":56,"language":"ENG","playtime":3293,"items_purged":["luka_mod:Surrender","luka_mod:Edging","luka_mod:Wait","luka_mod:Wait"],"score":2191,"play_id":"37a91898-17d0-42ea-bceb-ae2f566e551b","local_time":"20210120144957","is_ascension_mode":true,"campfire_choices":[{"data":"luka_mod:StrikeLukaOne","floor":15.0,"key":"SMITH"},{"data":"luka_mod:Erubetie","floor":28.0,"key":"SMITH"},{"data":"luka_mod:Tamamo","floor":32,"key":"SMITH"},{"floor":42,"key":"RECALL"},{"data":"luka_mod:Granberia","floor":49,"key":"SMITH"},{"data":"luka_mod:Tamamo","floor":52,"key":"SMITH"}],"circlet_count":0,"master_deck":["AscendersBane","luka_mod:StrikeLukaOne+1","luka_mod:StrikeLukaTwo","luka_mod:StrikeLukaThree+1","luka_mod:StrikeLukaFour","luka_mod:StrikeLukaFive","luka_mod:StrikeLukaSix","luka_mod:Guard+1","luka_mod:Meditation","luka_mod:Salamander","luka_mod:CriticalHit","luka_mod:SmallBody","luka_mod:Erubetie+1","luka_mod:Granberia+1","luka_mod:CriticalHit","luka_mod:Tamamo+1","luka_mod:Salamander","luka_mod:Tamamo+1","luka_mod:StrikeLuka","luka_mod:Sylph"],"relics":["luka_mod:KeepsakeRing","REME_ComplimentaryCards","NeowsBlessing","Replay:Ringing Soul","halation:PeacePiece","Blood Vial","Sundial","aspiration:TomeofQuesting","Replay:Mystery Machine","Strawberry","Hallownest:BankAccountRelic","aspiration:SecretTechniqueScroll","Centennial Puzzle","StSpp:WoodenPendulum","Busted Crown","ReplayFunnel","Pen Nib","infinitespire:Lucky Rock","TungstenRod","SnailShell"],"acts_visited":["Hallownest:Greenpath","TheCity","Gensokyo:Gensokyoest","TheEnding"],"potions_floor_usage":[44,44,55,55],"damage_taken":[{"damage":0.0,"enemies":"Hallownest:2_Baldur","floor":1.0,"turns":1.0},{"damage":3.0,"enemies":"Hallownest:2_Tiktiks_and_1_Crawlid","floor":4.0,"turns":2.0},{"damage":0.0,"enemies":"Hallownest:eliteVengeflyKing","floor":6.0,"turns":1.0},{"damage":12.0,"enemies":"Hallownest:monsterHuskGuard","floor":7.0,"turns":5.0},{"damage":16.0,"enemies":"Hallownest:eliteCrystalGuardian","floor":8.0,"turns":5.0},{"damage":32.0,"enemies":"Hallownest:eliteVengeflyKing","floor":10.0,"turns":7.0},{"damage":0.0,"enemies":"Hallownest:eliteMossKnight","floor":12.0,"turns":4.0},{"damage":18.0,"enemies":"Hallownest:Wandering_and_Horned","floor":14.0,"turns":5.0},{"damage":40.0,"enemies":"Hallownest:BossFalseKnight","floor":16.0,"turns":8.0},{"damage":8.0,"enemies":"Chosen","floor":18.0,"turns":5.0},{"damage":0.0,"enemies":"Sentry and Sphere","floor":19.0,"turns":5.0},{"damage":21.0,"enemies":"REME_1_Revenger","floor":23.0,"turns":4.0},{"damage":24.0,"enemies":"Snake Plant","floor":24.0,"turns":4.0},{"damage":11.0,"enemies":"Snecko","floor":25.0,"turns":7.0},{"damage":12.0,"enemies":"Cultist and Chosen","floor":27.0,"turns":4.0},{"damage":14,"enemies":"Centurion and Healer","floor":31,"turns":4},{"damage":0,"enemies":"Automaton","floor":33,"turns":7},{"damage":0,"enemies":"Gensokyo:AncientGuardian","floor":35,"turns":6},{"damage":10,"enemies":"Gensokyo:3_Bats","floor":36,"turns":4},{"damage":21,"enemies":"Gensokyo:Rafflesia","floor":39,"turns":7},{"damage":11,"enemies":"Gensokyo:Doremy","floor":40,"turns":5},{"damage":42,"enemies":"Gensokyo:Sharpion","floor":41,"turns":5},{"damage":0,"enemies":"Gensokyo:Marisa","floor":44,"turns":4},{"damage":0,"enemies":"Gensokyo:AtlasGolem","floor":46,"turns":4},{"damage":0,"enemies":"Gensokyo:Dusk_and_Dawn","floor":47,"turns":4},{"damage":12,"enemies":"Gensokyo:4_Bats","floor":48,"turns":4},{"damage":0,"enemies":"Gensokyo:Scarlet_Devils","floor":50,"turns":5},{"damage":30,"enemies":"Shield and Spear","floor":54,"turns":4},{"damage":76,"enemies":"The Heart","floor":55,"turns":8}],"seed_played":"8435915154668061747","potions_obtained":[{"floor":4.0,"key":"blueLaboratory:FrostheartPotion"},{"floor":6.0,"key":"jedi:StrikingPotion"},{"floor":8.0,"key":"DistilledChaos"},{"floor":16.0,"key":"PowerPotion"},{"floor":27.0,"key":"blueLaboratory:ExaltedPotion"},{"floor":33,"key":"Dexterity Potion"},{"floor":39,"key":"blueLaboratory:ImpenetrablePotion"},{"floor":44,"key":"Adrenaline Potion"},{"floor":47,"key":"conspire:TimeTravelPotion"}],"is_trial":false,"path_per_floor":["M","$","?","M","?","E","M","E","T","E","?","E","?","M","R","B",null,"M","M","AVR","?","?","E","M","M","T","M","R","$","?","M","R","B",null,"M","M","COS","?","M","E","M","R","T","E","?","M","M","M","R","B",null,"R","$","E","B",null],"character_chosen":"LUKA_CLASS","items_purchased":["Replay:Ringing Soul","luka_mod:Salamander","halation:PeacePiece","luka_mod:Salamander"],"campfire_rested":0,"item_purchase_floors":[2,2,2,29],"current_hp_per_floor":[34,37,9,8,8,10,43,44,44,47,47,54,54,54,54,57,57,49,60,63,63,63,45,56,66,66,69,69,72,72,58,58,75,75,75,65,68,68,78,78,70,70,70,72,76,78,80,84,84,84,84,84,84,54,83],"gold":308,"neow_bonus":"THREE_ENEMY_KILL","is_daily":false,"chose_seed":false,"campfire_upgraded":5,"win_rate":0.0,"timestamp":1611172197,"path_taken":["M","$","?","?","?","E","M","E","T","E","?","E","?","M","R","BOSS","M","M","AVR","?","?","E","M","M","T","M","R","$","?","?","R","BOSS","M","?","COS","?","M","E","M","R","T","E","?","?","M","M","R","BOSS","R","$","E","BOSS"],"items_purchased_type":["Relic","Card","Relic","Card"],"build_version":"2020-12-22","purchased_purges":4,"victory":true,"max_hp_per_floor":[38,41,41,41,41,41,44,44,44,47,47,54,54,54,54,57,57,57,60,63,63,63,66,66,66,66,69,69,72,72,72,72,75,75,75,75,78,78,78,78,81,81,81,81,81,81,81,84,84,84,84,84,84,84,84],"card_choices":[{"not_picked":["luka_mod:Intense","luka_mod:Request","luka_mod:EarthSlash"],"picked":"SKIP","floor":1.0},{"not_picked":["luka_mod:StressRelief","luka_mod:BladeOfStillWater","luka_mod:GuardTraining"],"picked":"SKIP","floor":4.0},{"not_picked":["luka_mod:PrayToIlias","luka_mod:IliasesJudgement","luka_mod:Overexert"],"picked":"SKIP","floor":6.0},{"not_picked":["luka_mod:Request","luka_mod:DemonSkullBeheading"],"picked":"luka_mod:CriticalHit","floor":7.0},{"not_picked":["luka_mod:Overexert","luka_mod:Struggle","luka_mod:Intense"],"picked":"SKIP","floor":8.0},{"not_picked":["luka_mod:Optimistic","luka_mod:Intense"],"picked":"luka_mod:SmallBody","floor":10.0},{"not_picked":["luka_mod:Struggle","luka_mod:BladeOfStillWater","luka_mod:StressRelief"],"picked":"SKIP","floor":12.0},{"not_picked":["luka_mod:LightningSwordFlash","luka_mod:RestrictedStrike","luka_mod:WindSlash"],"picked":"SKIP","floor":14.0},{"not_picked":["luka_mod:Tamamo","luka_mod:Granberia"],"picked":"luka_mod:Erubetie","floor":16.0},{"not_picked":["luka_mod:DemonDecapitation","luka_mod:FireSlash","luka_mod:DemonSkullBeheading"],"picked":"SKIP","floor":18.0},{"not_picked":["luka_mod:Intense+1","luka_mod:PerfectTiming"],"picked":"luka_mod:Granberia","floor":19.0},{"not_picked":["luka_mod:GuardedStrike","luka_mod:DemonDecapitation+1"],"picked":"luka_mod:CriticalHit","floor":23.0},{"not_picked":["luka_mod:GuardedStrike","luka_mod:DeathSwordChaosStar","luka_mod:Struggle"],"picked":"SKIP","floor":24.0},{"not_picked":["luka_mod:Struggle","luka_mod:DemonDecapitation","luka_mod:Calm"],"picked":"SKIP","floor":25.0},{"not_picked":["luka_mod:GuardedStrike","luka_mod:Intense","luka_mod:EndlessGuard","luka_mod:FireSlash"],"picked":"luka_mod:Tamamo","floor":27.0},{"not_picked":["luka_mod:WaterSlash","luka_mod:GuardTraining","luka_mod:HeroicStrike","luka_mod:DemonSkullBeheading","luka_mod:DemonDecapitation"],"picked":"SKIP","floor":31},{"not_picked":["luka_mod:Ora","luka_mod:SpoilerDance","luka_mod:Daystar","luka_mod:NoDebuffs"],"picked":"luka_mod:Tamamo","floor":33},{"not_picked":["luka_mod:Feel","luka_mod:WindSlash","luka_mod:GuardedStrike+1"],"picked":"SKIP","floor":35},{"not_picked":["luka_mod:IliasesJudgement","luka_mod:TouchFluffyTail","luka_mod:BegIlias"],"picked":"SKIP","floor":36},{"not_picked":["luka_mod:StressRelief","luka_mod:Overexert","luka_mod:Feel"],"picked":"SKIP","floor":39},{"not_picked":["luka_mod:DemonSkullBeheading","luka_mod:BladeOfStillWater","luka_mod:IliasesJudgement"],"picked":"SKIP","floor":40},{"not_picked":["luka_mod:DemonSkullBeheading","luka_mod:WaterSlash+1"],"picked":"luka_mod:StrikeLuka","floor":41},{"not_picked":["luka_mod:Overexert","luka_mod:ThunderThrust","luka_mod:Intense"],"picked":"SKIP","floor":44},{"not_picked":["luka_mod:IliasesJudgement","luka_mod:BegIlias+1","luka_mod:DeathSwordChaosStar"],"picked":"SKIP","floor":46},{"not_picked":["luka_mod:HeroicStrike+1","luka_mod:Optimistic","luka_mod:Request"],"picked":"SKIP","floor":47},{"not_picked":["luka_mod:DemonDecapitation","luka_mod:FireSlash"],"picked":"luka_mod:Sylph","floor":48},{"not_picked":["luka_mod:IliasesJudgement","luka_mod:LightningSwordFlash","luka_mod:AlicesGuard"],"picked":"SKIP","floor":54}],"player_experience":1101389,"relics_obtained":[{"floor":6.0,"key":"Sundial"},{"floor":8.0,"key":"aspiration:TomeofQuesting"},{"floor":10.0,"key":"Replay:Mystery Machine"},{"floor":12.0,"key":"Strawberry"},{"floor":23.0,"key":"Centennial Puzzle"},{"floor":26.0,"key":"StSpp:WoodenPendulum"},{"floor":40,"key":"Pen Nib"},{"floor":43,"key":"infinitespire:Lucky Rock"},{"floor":44,"key":"TungstenRod"},{"floor":54,"key":"SnailShell"}],"event_choices":[{"damage_healed":0.0,"max_hp_gain":0.0,"max_hp_loss":0.0,"gold_gain":0.0,"event_name":"betterSkull:BetterSkull","player_choice":"RE UP UP ","floor":3.0,"gold_loss":0.0,"damage_taken":34.0,"cards_upgraded":["luka_mod:Guard","luka_mod:StrikeLukaThree"],"relics_obtained":["Blood Vial"]},{"damage_healed":0.0,"max_hp_gain":0.0,"max_hp_loss":0.0,"gold_gain":1.0,"event_name":"betterStone:BetterStone","player_choice":"1","floor":5.0,"gold_loss":0.0,"damage_taken":0.0},{"cards_removed":["luka_mod:FlailWildly"],"damage_healed":0,"gold_gain":0,"player_choice":"Gave Gold","damage_taken":0,"max_hp_gain":0,"max_hp_loss":0,"event_name":"Beggar","floor":30,"gold_loss":75}],"is_beta":false,"boss_relics":[{"not_picked":["Dota2Spire:Bloodstone","Calling Bell"],"picked":"aspiration:SecretTechniqueScroll"},{"not_picked":["Replay:Ancient Bell","StuffTheSpire:RunicConfusion"],"picked":"Busted Crown"}],"items_purged_floors":[2,20,29,29],"is_endless":false,"potions_floor_spawned":[4,6,8,10,16,18,19,27,33,39,44,47],"ascension_level":15}}