{"host":"few9iyaxiywls251","time":1611157936,"event":{"mods":["BaseMod","Bestiary","Curses Come First","Highlight Path","Minty Spire (QoL Compilation)","Shop Mod","StSLib","The Marked"],"gold_per_floor":[112,132,4,16,27,27,62,74,98,75,132,165,165,200,200,200,200],"floor_reached":16,"language":"ENG","playtime":7577,"items_purged":["Defend_P"],"score":145,"play_id":"b9c066d6-f9fa-4473-8744-e438294fa51e","local_time":"20210120095216","is_ascension_mode":false,"campfire_choices":[{"data":"Eruption","floor":6,"key":"SMITH"},{"data":"Blasphemy","floor":15,"key":"SMITH"}],"circlet_count":0,"master_deck":["Strike_P","Strike_P","Strike_P","Strike_P+1","Defend_P","Defend_P","Eruption+1","Vigilance","SashWhip","EmptyBody","Crescendo","Wallop+1","FollowUp","FlurryOfBlows","CutThroughFate","EmptyFist","Blasphemy+1"],"relics":["PureWater","Whetstone","Akabeko","Bag of Marbles","Regal Pillow","HornCleat"],"acts_visited":["Exordium"],"potions_floor_usage":[11,16,16,16,16],"damage_taken":[{"damage":0,"enemies":"Cultist","floor":1,"turns":2},{"damage":2,"enemies":"Small Slimes","floor":2,"turns":2},{"damage":0,"enemies":"2 Louse","floor":4,"turns":2},{"damage":11,"enemies":"Lots of Slimes","floor":5,"turns":3},{"damage":15,"enemies":"Lagavulin","floor":7,"turns":7},{"damage":0,"enemies":"2 Fungi Beasts","floor":8,"turns":1},{"damage":18,"enemies":"3 Sentries","floor":11,"turns":3},{"damage":18,"enemies":"3 Sentries","floor":12,"turns":3},{"damage":0,"enemies":"Lagavulin","floor":14,"turns":2},{"damage":100003,"enemies":"Hexaghost","floor":16,"turns":5}],"seed_played":"2745131843263814284","potions_obtained":[{"floor":2,"key":"EssenceOfSteel"},{"floor":8,"key":"GamblersBrew"},{"floor":11,"key":"EntropicBrew"},{"floor":12,"key":"SkillPotion"}],"is_trial":false,"path_per_floor":["M","M","$","M","M","R","E","M","T","$","?","E","?","E","R","B"],"character_chosen":"WATCHER","items_purchased":["Crescendo","FlurryOfBlows"],"campfire_rested":0,"item_purchase_floors":[3,10],"current_hp_per_floor":[72,70,70,70,59,59,44,44,44,44,26,8,8,8,8,0,0],"gold":200,"neow_bonus":"TRANSFORM_CARD","is_daily":false,"chose_seed":false,"campfire_upgraded":2,"win_rate":0.0,"timestamp":1611157936,"path_taken":["M","M","$","M","M","R","E","M","T","$","?","E","?","E","R","BOSS"],"items_purchased_type":["Card","Card"],"build_version":"2020-12-22","purchased_purges":1,"victory":false,"max_hp_per_floor":[72,72,72,72,72,72,72,72,72,72,72,72,72,72,72,72,72],"card_choices":[{"not_picked":["Consecrate","SashWhip"],"picked":"EmptyBody","floor":1},{"not_picked":["ForeignInfluence","Prostrate","FlyingSleeves"],"picked":"SKIP","floor":2},{"not_picked":["EmptyBody","PathToVictory","FlyingSleeves"],"picked":"SKIP","floor":4},{"not_picked":["ClearTheMind","Alpha"],"picked":"Wallop","floor":5},{"not_picked":["JustLucky","Halt"],"picked":"FollowUp","floor":7},{"not_picked":["ForeignInfluence","PathToVictory","Consecrate"],"picked":"SKIP","floor":8},{"not_picked":["Evaluate","EmptyBody"],"picked":"CutThroughFate","floor":11},{"not_picked":["ClearTheMind","FlurryOfBlows"],"picked":"EmptyFist","floor":12},{"not_picked":["FlyingSleeves","FollowUp"],"picked":"Blasphemy","floor":14}],"player_experience":124180,"relics_obtained":[{"floor":7,"key":"Whetstone"},{"floor":9,"key":"Akabeko"},{"floor":11,"key":"Bag of Marbles"},{"floor":12,"key":"Regal Pillow"},{"floor":14,"key":"HornCleat"}],"event_choices":[{"damage_healed":0,"gold_gain":0,"player_choice":"Searched \u00271\u0027 times","damage_taken":0,"max_hp_gain":0,"max_hp_loss":0,"event_name":"Dead Adventurer","floor":11,"gold_loss":0},{"damage_healed":0,"gold_gain":0,"player_choice":"Ignored","damage_taken":0,"max_hp_gain":0,"max_hp_loss":0,"event_name":"Liars Game","floor":13,"gold_loss":0}],"is_beta":false,"boss_relics":[],"items_purged_floors":[3],"is_endless":false,"potions_floor_spawned":[2,8,11,12],"killed_by":"Hexaghost","ascension_level":0}}