{"host":"dt8tt9y5uobrbn6j","time":1611115360,"event":{"mods":["Act Like it!","Aspiration","BaseMod","Better Third Choice","BetterRewards","Card Forge","Colored Powertips","Conspire","Hubris","Infinite Spire","Minty Spire (QoL Compilation)","Quick Restart","Relic Stats","Replay The Spire","Retaliation","Shop Mod","StSLib","vexMod","óô»ðÖ¸ÄÏ"],"gold_per_floor":[127,41,41,64,64,101,125,125,204,249,270,284,307,337,337,424,1090,1118,838,868,868,903,940,952,1003,1095,1107,1151,1163,1204,1239,1251,1342,1354,1491,1503,1193,1093,1205,1315,1315,1393,1526,1526,1661,1807,1807,1815,1827,1827,1427,1110,1220,1224],"floor_reached":56,"language":"ZHS","playtime":4138,"items_purged":["Strike_P","Strike_P","Defend_P","Defend_P","Strike_P","Defend_P","Eruption"],"score":5474,"play_id":"3c315829-dfd6-4957-9dbb-3ad0dc7f87be","local_time":"20210120120240","is_ascension_mode":true,"campfire_choices":[{"floor":8.0,"key":"DIG"},{"floor":15.0,"key":"DIG"},{"data":"SignatureMove","floor":24.0,"key":"SMITH"},{"floor":27.0,"key":"DIG"},{"floor":32.0,"key":"DIG"},{"floor":41.0,"key":"RECALL"},{"floor":48.0,"key":"DIG"}],"circlet_count":0,"master_deck":["AscendersBane","Strike_P+1","Defend_P","Vigilance","Wallop+1","Prostrate+1","Sanctity","ClearTheMind+1","SpiritShield+1","Adaptation","Replay:AllIn+1","ForeignInfluence+1","DevaForm","FearNoEvil","Crescendo+1","Survey Options+1","Collect+1","Worship+1","infinitespire:TheBestDefense+1","ThirdEye+1","Omniscience+1","Secret Technique+1","MentalFortress+1","Purity+1"],"relics":["PureWater","Hammer of Thor","Seething Fire","Anvil of the Gods","aspiration:ChemicalBlood","hubris:PeanutButter","Replay:Wax Seal","hubris:OldNail","Shovel","Incense Burner","Pet Ghost","hubris:DeckOfHolding","Membership Card","Replay:Bandana","hubris:Teleporter","Lee\u0027s Waffle","MealTicket","hubris:64BitClover","WingedGreaves","Omamori","conspire:Flyswatter","infinitespire:Broken Mirror","Toxic Egg 2","vexMod:CardConverter","Bird Faced Urn","Gremlin Food","vexMod:RockOfEvil","vexMod:FocusSash","Orrery","ReplayTheSpireMod:Lightbulb","MawBank","Kunai","Frozen Egg 2","Anchor","Replay:Towering Pillar of Hats","ReplayTheSpireMod:TigerMarble","CloakClasp","Sozu","infinitespire:EvilPickle","hubris:Towel","Gremlin Horn","infinitespire:Lucky Rock","Calipers","Pantograph","infinitespire:EmpoweringShard","aspiration:TomeofQuesting","Whetstone","Nunchaku","vexMod:MemoryStick","hubris:Reverence","MerchantsRug","ReplayTheSpireMod:CursedCoin","TeardropLocket","hubris:SphereOfDissonance","Sundial"],"acts_visited":["Exordium","TheCity","TheBeyond","TheEnding"],"potions_floor_usage":[],"damage_taken":[{"damage":0.0,"enemies":"Cultist","floor":1.0,"turns":3.0},{"damage":0.0,"enemies":"2 Louse","floor":4.0,"turns":2.0},{"damage":0.0,"enemies":"Gremlin Nob","floor":6.0,"turns":3.0},{"damage":0.0,"enemies":"Jaw Worm","floor":7.0,"turns":2.0},{"damage":0.0,"enemies":"3 Sentries","floor":10.0,"turns":7.0},{"damage":0.0,"enemies":"Red Slaver","floor":11.0,"turns":2.0},{"damage":0.0,"enemies":"2 Fungi Beasts","floor":12.0,"turns":2.0},{"damage":0.0,"enemies":"Large Slime","floor":13.0,"turns":6.0},{"damage":0.0,"enemies":"Lagavulin","floor":14.0,"turns":6.0},{"damage":0.0,"enemies":"Slime Boss","floor":16.0,"turns":10.0},{"damage":0.0,"enemies":"Spheric Guardian","floor":18.0,"turns":4.0},{"damage":0.0,"enemies":"2 Thieves","floor":20.0,"turns":2.0},{"damage":0.0,"enemies":"Snake Plant","floor":22.0,"turns":1.0},{"damage":0.0,"enemies":"Replay:Snechameleon","floor":23.0,"turns":4.0},{"damage":11.0,"enemies":"Slavers","floor":25.0,"turns":4.0},{"damage":63.0,"enemies":"Nightmare","floor":28.0,"turns":9.0},{"damage":0.0,"enemies":"Book of Stabbing","floor":30.0,"turns":5.0},{"damage":4.0,"enemies":"Snecko","floor":31.0,"turns":5.0},{"damage":0.0,"enemies":"Pondfish","floor":33.0,"turns":8.0},{"damage":14.0,"enemies":"3 Shapes","floor":35.0,"turns":4.0},{"damage":0.0,"enemies":"R_Hoarder","floor":39.0,"turns":5.0},{"damage":0.0,"enemies":"Nemesis","floor":40.0,"turns":5.0},{"damage":0.0,"enemies":"Giant Head","floor":43.0,"turns":3.0},{"damage":0.0,"enemies":"Nightmare","floor":45.0,"turns":4.0},{"damage":0.0,"enemies":"Giant Head","floor":47.0,"turns":2.0},{"damage":0.0,"enemies":"Time Eater","floor":49.0,"turns":5.0},{"damage":0.0,"enemies":"Donu and Deca","floor":50.0,"turns":4.0},{"damage":0.0,"enemies":"Shield and Spear","floor":54.0,"turns":1.0},{"damage":13,"enemies":"The Heart","floor":55,"turns":9}],"seed_played":"401610752093213767","potions_obtained":[{"floor":4.0,"key":"Strength Potion"},{"floor":6.0,"key":"Adrenaline Potion"},{"floor":7.0,"key":"Elixir"},{"floor":10.0,"key":"Dexterity Potion"},{"floor":22.0,"key":"BlessingOfTheForge"},{"floor":23.0,"key":"Milkshake"},{"floor":25.0,"key":"Dexterity Potion"},{"floor":28.0,"key":"SteroidPotion"},{"floor":30.0,"key":"Ancient Potion"},{"floor":31.0,"key":"SkillPotion"}],"is_trial":false,"path_per_floor":["M","$","?","M","$","E","M","R","T","E","M","M","M","E","R","B",null,"M","$","M","?","M","E","R","E","T","R","NM","AVR","E","M","R","B",null,"M","?","$","NS","E","E","R","T","E","?","NM","E","R","B","B",null,"R","$","E","B",null],"character_chosen":"WATCHER","items_purchased":["aspiration:ChemicalBlood","hubris:PeanutButter","Replay:Wax Seal","hubris:OldNail","Shovel","Incense Burner","Pet Ghost","hubris:DeckOfHolding","Membership Card","Replay:Bandana","Wallop","Lee\u0027s Waffle","MealTicket","Prostrate+1","Omamori","vexMod:FocusSash","Orrery","Survey Options+1","Gremlin Horn","Secret Technique+1","vexMod:MemoryStick","hubris:Reverence","MerchantsRug","ReplayTheSpireMod:CursedCoin","TeardropLocket","hubris:SphereOfDissonance","MentalFortress+1","Purity+1"],"campfire_rested":0,"item_purchase_floors":[0,0,0,0,0,0,0,0,0,0,0,0,0,0,2,19,19,19,37,37,52,52,52,53,53,53,53,53],"current_hp_per_floor":[75,75,64,64,75,75,75,75,75,75,75,75,75,75,75,77,77,77,87,89,89,91,93,93,84,84,84,29,29,33,33,33,39,84,76,76,93,93,98,102,102,102,102,102,102,102,102,102,102,102,102,106,106,93],"gold":1224,"neow_bonus":"","is_daily":false,"chose_seed":false,"campfire_upgraded":1,"win_rate":0.0,"timestamp":1611115360,"path_taken":["M","?","?","?","$","E","M","R","T","E","M","M","M","E","R","BOSS","M","$","M","?","M","E","R","E","T","R","NM","AVR","E","M","R","BOSS","M","?","$","NS","E","E","R","T","E","?","NM","E","R","BOSS","BOSS","R","$","E","BOSS"],"items_purchased_type":["Relic","Relic","Relic","Relic","Relic","Relic","Relic","Relic","Relic","Relic","Card","Relic","Relic","Card","Relic","Relic","Relic","Card","Relic","Card","Relic","Relic","Relic","Relic","Relic","Relic","Card","Card"],"build_version":"2020-12-22","purchased_purges":7,"victory":true,"max_hp_per_floor":[75,75,75,75,75,75,75,75,75,75,75,75,75,75,75,77,77,77,87,89,89,91,93,93,93,93,93,97,97,97,97,97,99,99,99,99,101,101,102,102,102,102,102,102,102,102,102,102,102,102,102,106,106,106],"relic_stats":{"Lee\u0027s Waffle":56,"Gremlin Horn":[2,2],"counters":[96,348],"CloakClasp":[226],"Whetstone":["Wallop","Strike_P"],"MawBank":168,"Sozu":1,"Nunchaku":[4],"Shovel":5,"Sundial":[2],"Bird Faced Urn":[28],"Pantograph":28,"MealTicket":26,"Kunai":[30],"obtain_stats":[{"vexMod:MemoryStick":0,"Whetstone":47,"vexMod:RockOfEvil":17,"Replay:Wanted Poster":8,"vexMod:InvisibilityCloak":25,"conspire:GlowingRock":0,"vexMod:CardConverter":14,"Sundial":54,"hubris:DeckOfHolding":0,"MealTicket":0,"Kunai":25,"Replay:Wax Seal":0,"MerchantsRug":0,"conspire:TreasureMap":0,"ReplayTheSpireMod:Ring of Addiction":37,"Counterbalance":49,"vexMod:MysteryBossChallenge":34,"hubris:SphereOfDissonance":53,"aspiration:FrozenJewel":42,"vexMod:GhostlyGear":0,"infinitespire:EvilPickle":34,"infinitespire:Broken Mirror":43,"Bird Faced Urn":15,"hubris:TenFootPole":10,"hubris:Reverence":0,"conspire:Flyswatter":6,"Regal Pillow":0,"aspiration:Lifesprig":40,"King of Hearts":14,"hubris:EmptyBottle":0,"Burning Blood":0,"Pet Ghost":0,"Shovel":0,"hubris:CuriousFeather":23,"WingedGreaves":0,"Chemical X":0,"InkBottle":9,"aspiration:ChemicalBlood":0,"Potion Belt":37,"Lee\u0027s Waffle":0,"hubris:64BitClover":0,"Omamori":2,"Seething Fire":0,"infinitespire:Lucky Rock":39,"Frozen Egg 2":26,"hubris:Towel":36,"MawBank":23,"Orrery":19,"ReplayTheSpireMod:Lightbulb":48,"hubris:BottledRain":0,"Ice Cream":44,"hubris:CrystalStatue":25,"Calipers":40,"Gremlin Horn":37,"Vajra":43,"Hammer of Thor":0,"Sozu":34,"conspire:DecoderRing":55,"Philosopher\u0027s Stone":17,"Iron Hammer":13,"Toxic Egg 2":10,"conspire:Dentures":42,"hubris:Teleporter":0,"vexMod:ScavengeHelm":23,"ReplayTheSpireMod:CursedCoin":0,"infinitespire:Beetle Shell":7,"War Paint":54,"aspiration:HiddenCompartment":48,"hubris:Zylophone":30,"Replay:Baseball":41,"Anvil of the Gods":0,"Simple Rune":6,"hubris:PeanutButter":0,"ReplayTheSpireMod:TigerMarble":31,"Black Star":34,"infinitespire:EmpoweringShard":3,"ReplayTheSpireMod:DimensionalGlitch":24,"ReplayTheSpireMod:Ring of Exchange":37,"SacredBark":37,"aspiration:TomeofQuesting":0,"hubris:SlimyHat":0,"Incense Burner":0,"CloakClasp":32,"TeardropLocket":53,"Empty Cage":34,"aspiration:StickyExplosives_weak":0,"Replay:Bandana":55,"Nunchaku":48,"hubris:Icosahedron":19,"Gambling Chip":0,"Pantograph":0,"Red Skull":26,"Gremlin Food":40,"hubris:DisguiseKit":13,"BargainBundle":0,"Replay:Towering Pillar of Hats":28,"aspiration:FetidBarrel":29,"hubris:MedicalManual":0,"vexMod:FocusSash":19,"Orichalcum":55,"Medical Kit":0,"White Beast Statue":11,"Peace Pipe":0,"Anchor":27,"ChewingGum":17,"Another Sword":0,"Membership Card":20,"PureWater":0,"FossilizedHelix":0,"hubris:OldNail":0},{"vexMod:MemoryStick":35,"Whetstone":92,"vexMod:RockOfEvil":77,"Replay:Wanted Poster":41,"vexMod:InvisibilityCloak":50,"conspire:GlowingRock":0,"vexMod:CardConverter":76,"Sundial":95,"hubris:DeckOfHolding":35,"MealTicket":67,"Kunai":82,"Replay:Wax Seal":35,"MerchantsRug":0,"conspire:TreasureMap":35,"ReplayTheSpireMod:Ring of Addiction":23,"Counterbalance":31,"vexMod:MysteryBossChallenge":21,"hubris:SphereOfDissonance":94,"aspiration:FrozenJewel":26,"vexMod:GhostlyGear":35,"infinitespire:EvilPickle":86,"infinitespire:Broken Mirror":26,"Bird Faced Urn":76,"hubris:TenFootPole":7,"hubris:Reverence":0,"conspire:Flyswatter":70,"Regal Pillow":0,"aspiration:Lifesprig":25,"King of Hearts":10,"hubris:EmptyBottle":35,"Burning Blood":0,"Pet Ghost":67,"Shovel":67,"hubris:CuriousFeather":49,"WingedGreaves":67,"Chemical X":35,"InkBottle":6,"aspiration:ChemicalBlood":67,"Potion Belt":23,"Lee\u0027s Waffle":67,"hubris:64BitClover":67,"Omamori":68,"Seething Fire":0,"infinitespire:Lucky Rock":88,"Frozen Egg 2":82,"hubris:Towel":87,"MawBank":81,"Orrery":78,"ReplayTheSpireMod:Lightbulb":30,"hubris:BottledRain":0,"Ice Cream":60,"hubris:CrystalStatue":16,"Calipers":89,"Gremlin Horn":87,"Vajra":59,"Hammer of Thor":0,"Sozu":86,"conspire:DecoderRing":66,"Philosopher\u0027s Stone":46,"Iron Hammer":9,"Toxic Egg 2":72,"conspire:Dentures":26,"hubris:Teleporter":67,"vexMod:ScavengeHelm":15,"ReplayTheSpireMod:CursedCoin":35,"infinitespire:Beetle Shell":5,"War Paint":33,"aspiration:HiddenCompartment":30,"hubris:Zylophone":52,"Replay:Baseball":58,"Anvil of the Gods":0,"Simple Rune":40,"hubris:PeanutButter":67,"ReplayTheSpireMod:TigerMarble":20,"Black Star":21,"infinitespire:EmpoweringShard":38,"ReplayTheSpireMod:DimensionalGlitch":49,"ReplayTheSpireMod:Ring of Exchange":23,"SacredBark":23,"aspiration:TomeofQuesting":0,"hubris:SlimyHat":35,"Incense Burner":67,"CloakClasp":85,"TeardropLocket":94,"Empty Cage":54,"aspiration:StickyExplosives_weak":0,"Replay:Bandana":34,"Nunchaku":92,"hubris:Icosahedron":47,"Gambling Chip":35,"Pantograph":35,"Red Skull":50,"Gremlin Food":25,"hubris:DisguiseKit":45,"BargainBundle":0,"Replay:Towering Pillar of Hats":83,"aspiration:FetidBarrel":19,"hubris:MedicalManual":35,"vexMod:FocusSash":78,"Orichalcum":34,"Medical Kit":0,"White Beast Statue":43,"Peace Pipe":35,"Anchor":82,"ChewingGum":11,"Another Sword":0,"Membership Card":12,"PureWater":0,"FossilizedHelix":35,"hubris:OldNail":67},{"vexMod:MemoryStick":114,"Whetstone":329,"vexMod:RockOfEvil":264,"Replay:Wanted Poster":131,"vexMod:InvisibilityCloak":160,"conspire:GlowingRock":0,"vexMod:CardConverter":254,"Sundial":339,"hubris:DeckOfHolding":114,"MealTicket":221,"Kunai":279,"Replay:Wax Seal":114,"MerchantsRug":0,"conspire:TreasureMap":114,"ReplayTheSpireMod:Ring of Addiction":76,"Counterbalance":99,"vexMod:MysteryBossChallenge":74,"hubris:SphereOfDissonance":338,"aspiration:FrozenJewel":84,"vexMod:GhostlyGear":114,"infinitespire:EvilPickle":306,"infinitespire:Broken Mirror":84,"Bird Faced Urn":254,"hubris:TenFootPole":23,"hubris:Reverence":0,"conspire:Flyswatter":229,"Regal Pillow":0,"aspiration:Lifesprig":80,"King of Hearts":30,"hubris:EmptyBottle":114,"Burning Blood":0,"Pet Ghost":221,"Shovel":221,"hubris:CuriousFeather":157,"WingedGreaves":221,"Chemical X":114,"InkBottle":18,"aspiration:ChemicalBlood":221,"Potion Belt":76,"Lee\u0027s Waffle":221,"hubris:64BitClover":221,"Omamori":224,"Seething Fire":0,"infinitespire:Lucky Rock":315,"Frozen Egg 2":279,"hubris:Towel":310,"MawBank":275,"Orrery":268,"ReplayTheSpireMod:Lightbulb":95,"hubris:BottledRain":0,"Ice Cream":196,"hubris:CrystalStatue":55,"Calipers":320,"Gremlin Horn":310,"Vajra":191,"Hammer of Thor":0,"Sozu":306,"conspire:DecoderRing":215,"Philosopher\u0027s Stone":146,"Iron Hammer":27,"Toxic Egg 2":238,"conspire:Dentures":84,"hubris:Teleporter":221,"vexMod:ScavengeHelm":50,"ReplayTheSpireMod:CursedCoin":114,"infinitespire:Beetle Shell":15,"War Paint":108,"aspiration:HiddenCompartment":95,"hubris:Zylophone":168,"Replay:Baseball":190,"Anvil of the Gods":0,"Simple Rune":128,"hubris:PeanutButter":221,"ReplayTheSpireMod:TigerMarble":71,"Black Star":74,"infinitespire:EmpoweringShard":123,"ReplayTheSpireMod:DimensionalGlitch":157,"ReplayTheSpireMod:Ring of Exchange":76,"SacredBark":76,"aspiration:TomeofQuesting":0,"hubris:SlimyHat":114,"Incense Burner":221,"CloakClasp":298,"TeardropLocket":338,"Empty Cage":179,"aspiration:StickyExplosives_weak":0,"Replay:Bandana":109,"Nunchaku":329,"hubris:Icosahedron":149,"Gambling Chip":114,"Pantograph":114,"Red Skull":160,"Gremlin Food":80,"hubris:DisguiseKit":141,"BargainBundle":0,"Replay:Towering Pillar of Hats":288,"aspiration:FetidBarrel":66,"hubris:MedicalManual":114,"vexMod:FocusSash":268,"Orichalcum":109,"Medical Kit":0,"White Beast Statue":137,"Peace Pipe":114,"Anchor":279,"ChewingGum":34,"Another Sword":0,"Membership Card":37,"PureWater":0,"FossilizedHelix":114,"hubris:OldNail":221}]},"card_choices":[{"not_picked":["Vengeance","EmptyFist","JustLucky"],"picked":"SKIP","floor":1.0},{"not_picked":["Vengeance","EmptyFist"],"picked":"Sanctity","floor":4.0},{"not_picked":["CarveReality","WheelKick"],"picked":"Indignation","floor":6.0},{"not_picked":["BowlingBash","TalkToTheHand","Replay:AtTheReady"],"picked":"SKIP","floor":7.0},{"not_picked":["Weave","CutThroughFate"],"picked":"Indignation+1","floor":10.0},{"not_picked":["SandsOfTime","Halt+1"],"picked":"ClearTheMind+1","floor":11.0},{"not_picked":["CutThroughFate","BattleHymn"],"picked":"SpiritShield+1","floor":12.0},{"not_picked":["CrushJoints","PathToVictory+1"],"picked":"Adaptation","floor":13.0},{"not_picked":["ClearTheMind+1","Protect+1","FlyingSleeves"],"picked":"SKIP","floor":14.0},{"not_picked":["DeusExMachina+1","DevaForm"],"picked":"Replay:AllIn+1","floor":16.0},{"not_picked":["Protect+1","FollowUp","Evaluate+1"],"picked":"SKIP","floor":18.0},{"not_picked":["Replay:AtTheReady+1","FollowUp"],"picked":"ForeignInfluence+1","floor":19.0},{"not_picked":["EmptyBody+1","JustLucky"],"picked":"DevaForm","floor":19.0},{"not_picked":["Weave","BowlingBash+1"],"picked":"FearNoEvil","floor":19.0},{"not_picked":["Replay:AtTheReady+1","Fasting2"],"picked":"Crescendo+1","floor":19.0},{"not_picked":["Protect+1","ClearTheMind+1"],"picked":"Collect+1","floor":20.0},{"not_picked":["Replay:DivineShield+1","CutThroughFate"],"picked":"Worship+1","floor":22.0},{"not_picked":["Consecrate","Replay:LoomingThreat"],"picked":"SignatureMove","floor":23.0},{"not_picked":["BowlingBash","ClearTheMind+1","Fasting2"],"picked":"SKIP","floor":25.0},{"not_picked":["ReplayTheSpireMod:Chaos Vortex","hubris:Fate"],"picked":"infinitespire:TheBestDefense","floor":28.0},{"not_picked":["CrushJoints","BowlingBash+1"],"picked":"ThirdEye+1","floor":28.0},{"not_picked":["WaveOfTheHand+1","CutThroughFate","Crescendo+1"],"picked":"SKIP","floor":30.0},{"not_picked":["Evaluate+1","Replay:AtTheReady+1","Perseverance+1"],"picked":"SKIP","floor":31.0},{"not_picked":["Replay:AllIn+1","Devotion+1"],"picked":"Omniscience+1","floor":33.0},{"not_picked":["WindmillStrike+1","Replay:Cycle+1","Replay:BluntJabs"],"picked":"SKIP","floor":35.0},{"not_picked":["BowlingBash","SashWhip","Replay:BluntJabs+1"],"picked":"SKIP","floor":39.0},{"not_picked":["Adaptation+1","Tantrum+1","EmptyBody+1"],"picked":"SKIP","floor":40.0},{"not_picked":["Protect+1","Adaptation+1","EmptyBody+1"],"picked":"SKIP","floor":43.0},{"not_picked":["SpiritShield+1","JustLucky","Replay:ManipulateFuture+1"],"picked":"SKIP","floor":45.0},{"not_picked":["Evaluate+1","FlurryOfBlows","Study+1"],"picked":"SKIP","floor":47.0},{"not_picked":["Weave","Devotion+1","FlurryOfBlows"],"picked":"SKIP","floor":54.0}],"player_experience":841504,"relics_obtained":[{"floor":6.0,"key":"conspire:Flyswatter"},{"floor":8.0,"key":"infinitespire:Broken Mirror"},{"floor":10.0,"key":"Toxic Egg 2"},{"floor":14.0,"key":"vexMod:CardConverter"},{"floor":15.0,"key":"Bird Faced Urn"},{"floor":16.0,"key":"Gremlin Food"},{"floor":23.0,"key":"MawBank"},{"floor":25.0,"key":"Kunai"},{"floor":26.0,"key":"Frozen Egg 2"},{"floor":27.0,"key":"Anchor"},{"floor":28.0,"key":"Replay:Towering Pillar of Hats"},{"floor":30.0,"key":"ReplayTheSpireMod:TigerMarble"},{"floor":32.0,"key":"CloakClasp"},{"floor":39.0,"key":"infinitespire:Lucky Rock"},{"floor":40.0,"key":"Calipers"},{"floor":42.0,"key":"Pantograph"},{"floor":43.0,"key":"infinitespire:EmpoweringShard"},{"floor":45.0,"key":"aspiration:TomeofQuesting"},{"floor":47.0,"key":"Whetstone"},{"floor":48.0,"key":"Nunchaku"},{"floor":54.0,"key":"Sundial"}],"event_choices":[{"damage_healed":0.0,"max_hp_gain":0.0,"max_hp_loss":0.0,"gold_gain":0.0,"event_name":"Wheel of Change","player_choice":"Damaged","floor":3.0,"gold_loss":0.0,"damage_taken":11.0},{"damage_healed":0.0,"max_hp_gain":0.0,"max_hp_loss":0.0,"gold_gain":0.0,"event_name":"Tomb of Lord Red Mask","player_choice":"Ignored","floor":44.0,"gold_loss":0.0,"damage_taken":0.0}],"is_beta":false,"boss_relics":[{"not_picked":["Kintsugi","conspire:SpecialSausage"],"picked":"vexMod:RockOfEvil"},{"not_picked":["vexMod:EndlessSickness","Replay:Ancient Bell"],"picked":"Sozu"}],"items_purged_floors":[0,0,0,19,37,52,53],"is_endless":false,"potions_floor_spawned":[4,6,7,10,12,22,23,25,28,30,35,40,54],"ascension_level":20}}