{"host":"1qxljlv0g0hslid3","time":1611114419,"event":{"mods":["2.2 Compatiblity","AchievementEnabler","Act Like it!","Astrologer","BaseMod","Beaked The Cultist","BetterRewards","Clawfect","Conspire","Custom Start","Dio Mod","Elementarium","Energized Spire","Googly Eyes","GungeonMod","Hallownest","Hermit","Hero for Fun","Hubris","Infinite Spire","Lobotomy","LobotomyExtend","Magitek Elite","Marisa????????","Minty Spire (QoL Compilation)","Prisma Mod","Remilia??????","Replay The Spire","Shop Mod","StSLib","The Administrix","The Animator","The Bug Knight","The Cursed","The Death Knight","The Elementalist","The Hierophant","The Jungle","The Necromancer","The Runesmith","The Senshi","The Servant 0.9.4","Wandering Minibosses","everything is the same but u backflip on backflip","slay the spire mod where everything is the same but ironclad has a cowboy hat"],"gold_per_floor":[116,131,131,143,0,0,31,62,88,88,102,5,37,29,29,134,134,134,134],"floor_reached":18,"language":"ENG","playtime":1292,"items_purged":[],"score":178,"play_id":"65b17f06-c5cf-4c98-966f-43757a88e47a","local_time":"20210119214659","is_ascension_mode":false,"campfire_choices":[{"data":"Bite","floor":6,"key":"SMITH"},{"data":"dioMod:GoodbyeJojo","floor":10,"key":"SMITH"},{"floor":15,"key":"REST"}],"circlet_count":0,"master_deck":["dioMod:Strike","dioMod:Strike","dioMod:Strike","dioMod:Strike","Bite+1","dioMod:Defend","dioMod:Defend","dioMod:Defend","dioMod:Defend","CherryBlossoms","RedShoes","LittlePrince","dioMod:DaggerToss","Porccubus","dioMod:GoodbyeJojo+1","dioMod:VengefulMuda","Alriune","Scorched","dioMod:RoadRoller","dioMod:Muda","Laetitia","dioMod:ComposedMuda","dioMod:Refresh","NakedNest"],"relics":["dioMod:VampireBlood","CogitoBucket","LetterFromLob","Hallownest:DreamNailRelic","Hallownest:BankAccountRelic","Blood Vial","hubris:Spice","DemoMod:Metronome","ResearcherNote","Tintinnabulum","hubris:Backtick","Shuriken"],"acts_visited":["Hallownest:Greenpath","Hallownest:CityofTears"],"potions_floor_usage":[7,16,16],"damage_taken":[{"damage":20,"enemies":"Hallownest:2_Tiktiks_and_1_Crawlid","floor":1,"turns":4},{"damage":14,"enemies":"Hallownest:monsterHuskGuard","floor":2,"turns":6},{"damage":7,"enemies":"Hallownest:2_Baldur","floor":4,"turns":5},{"damage":34,"enemies":"Hallownest:eliteVengeflyKing","floor":7,"turns":8},{"damage":21,"enemies":"Hallownest:eliteCrystalGuardian","floor":8,"turns":5},{"damage":24,"enemies":"Hallownest:monsterMossCharger","floor":11,"turns":4},{"damage":43,"enemies":"Hallownest:eliteVengeflyKing","floor":13,"turns":4},{"damage":36,"enemies":"Hallownest:BossBrokenVessel","floor":16,"turns":6},{"damage":54,"enemies":"Hallownest:Guard_and_Sentry","floor":18,"turns":4}],"seed_played":"-6944928154604644254","potions_obtained":[{"floor":1,"key":"AttackPotion"},{"floor":2,"key":"SpeedPotion"},{"floor":4,"key":"Energy Potion"},{"floor":13,"key":"dioMod:HumanBlood"},{"floor":16,"key":"PowerPotion"}],"is_trial":false,"path_per_floor":["M","M","?","M","?","R","E","?","T","R","M","$","E","$","R","B",null,"M"],"character_chosen":"THE_DEFAULT","items_purchased":["dioMod:RoadRoller","dioMod:ComposedMuda"],"campfire_rested":1,"item_purchase_floors":[12,14],"current_hp_per_floor":[64,59,59,62,62,62,54,52,52,52,44,44,12,13,38,26,83,35,35],"gold":134,"neow_bonus":"","is_daily":false,"chose_seed":false,"campfire_upgraded":2,"win_rate":0.0,"timestamp":1611114419,"path_taken":["M","M","?","?","?","R","E","?","T","R","M","$","E","?","R","BOSS","M"],"items_purchased_type":["Card","Card"],"build_version":"2020-12-22","purchased_purges":0,"victory":false,"max_hp_per_floor":[75,75,75,75,75,75,75,83,83,83,83,83,83,83,83,83,83,83,83],"card_choices":[{"not_picked":["OSAHOGD","Bloodbath"],"picked":"CherryBlossoms","floor":1},{"not_picked":["dioMod:BlendIn","dioMod:CutDeep","dioMod:BloodSuck"],"picked":"SKIP","floor":1},{"not_picked":["WallGazer","UniverseFragment"],"picked":"RedShoes","floor":2},{"not_picked":["dioMod:CautiousMuda","dioMod:BlendIn","dioMod:Minions"],"picked":"SKIP","floor":2},{"not_picked":["Scarecrow","MHz"],"picked":"LittlePrince","floor":4},{"not_picked":["dioMod:BlendIn","dioMod:FlyAway"],"picked":"dioMod:DaggerToss","floor":4},{"not_picked":["BlackSwan","Wellcheers"],"picked":"Porccubus","floor":7},{"not_picked":["dioMod:DarkRebirth","dioMod:StreetSign"],"picked":"dioMod:GoodbyeJojo","floor":7},{"not_picked":["dioMod:Minions","dioMod:GoodbyeJojo"],"picked":"dioMod:VengefulMuda","floor":8},{"not_picked":["Wellcheers","OSAHOGD"],"picked":"Alriune","floor":8},{"not_picked":["PunishingBird","OSAHOGD"],"picked":"Scorched","floor":11},{"not_picked":["dioMod:TripleThreat","dioMod:DisarmingVoice","dioMod:DaggerToss"],"picked":"SKIP","floor":11},{"not_picked":["dioMod:LaserVision","dioMod:BloodShield"],"picked":"dioMod:Muda","floor":13},{"not_picked":["MHz","Wellcheers","DreamingCurrent"],"picked":"Singing Bowl","floor":13},{"not_picked":["UniverseFragment","BigBird"],"picked":"Laetitia","floor":13},{"not_picked":["dioMod:PhantomBlood","dioMod:UltimateSacrifice"],"picked":"dioMod:Refresh","floor":16},{"not_picked":["FairyFestival","Murderer"],"picked":"NakedNest","floor":16}],"player_experience":548631,"relics_obtained":[{"floor":1,"key":"LetterFromLob"},{"floor":7,"key":"Blood Vial"},{"floor":8,"key":"hubris:Spice"},{"floor":9,"key":"DemoMod:Metronome"},{"floor":13,"key":"Tintinnabulum"}],"event_choices":[],"is_beta":false,"boss_relics":[{"not_picked":["infinitespire:Cupcake","hubris:Spice"],"picked":"hubris:Backtick"}],"items_purged_floors":[],"is_endless":false,"potions_floor_spawned":[1,2,4,13,16],"killed_by":"Hallownest:Guard_and_Sentry","ascension_level":0}}