{"host":"wmg3fl10arlg3jig","time":1611106166,"event":{"mods":["BaseMod","Better Match","Better Note","BetterRewards","Colored Powertips","MarisaÅiñ∂âJÅ@ñÇóùçπÅj","Mimic Mod","Minty Spire (QoL Compilation)","Permanent Neow","Quick Restart","Shop Mod","StSLib","Td1madao Mod","The Animator","The Jungle"],"gold_per_floor":[15,165,165,90,110,135,135,165,242,242,272,272,283,350,350,426,426,426,98,98,98,48,48,48,48,48,48,48,48,48,48,48,48,48,48,48,48,48,48,48,48,48,48,48,48,48,48,48,48,48,48,48,8,8,8,8],"floor_reached":55,"language":"ENG","playtime":1599,"items_purged":["Doubt","Defend_MRS","Defend_MRS"],"score":1397,"play_id":"58c0e739-480d-4e7e-984e-760e0b85de9b","local_time":"20210119192926","is_ascension_mode":true,"campfire_choices":[{"floor":7.0,"key":"REST"},{"data":"ManaRampage","floor":10.0,"key":"SMITH"},{"floor":15.0,"key":"REST"},{"floor":23.0,"key":"REST"},{"data":"ManaRampage","floor":25.0,"key":"SMITH"},{"floor":28.0,"key":"REST"},{"floor":32.0,"key":"RECALL"},{"floor":41.0,"key":"REST"},{"floor":47,"key":"REST"},{"floor":49,"key":"REST"},{"floor":52,"key":"REST"}],"circlet_count":0,"master_deck":["AscendersBane","Strike_MRS","Strike_MRS","Strike_MRS+1","Strike_MRS","MasterSpark","UpSweep+1","GrandCross","ChargingUp+1","MysteriousBeam+1","ManaRampage+1","MeteoricShower","ManaRampage+1","MysteriousBeam+1","MysteriousBeam+1","DarkSpark+1"],"relics":["MiniHakkero","Tiny Chest","Smiling Mask","Molten Egg 2","SsserpentHead","Ectoplasm","Toy Ornithopter","Matryoshka","Mercury Hourglass","Strawberry","War Paint","Black Star","Regal Pillow","Orichalcum","Bird Faced Urn","PreservedInsect","Lantern","Oddly Smooth Stone","HandmadeGrimoire"],"acts_visited":["Exordium","TheCity","TheBeyond","TheEnding"],"potions_floor_usage":[45,55],"damage_taken":[{"damage":7.0,"enemies":"Jaw Worm","floor":1.0,"turns":2.0},{"damage":5.0,"enemies":"Small Slimes","floor":5.0,"turns":2.0},{"damage":20.0,"enemies":"3 Sentries","floor":6.0,"turns":4.0},{"damage":0.0,"enemies":"Lagavulin","floor":8.0,"turns":3.0},{"damage":8.0,"enemies":"Gremlin Nob","floor":11.0,"turns":3.0},{"damage":0.0,"enemies":"Cultist","floor":13.0,"turns":2.0},{"damage":0.0,"enemies":"2 Fungi Beasts","floor":14.0,"turns":2.0},{"damage":29.0,"enemies":"The Guardian","floor":16.0,"turns":5.0},{"damage":18.0,"enemies":"3 Byrds","floor":18.0,"turns":3.0},{"damage":0.0,"enemies":"Spheric Guardian","floor":24.0,"turns":1.0},{"damage":14.0,"enemies":"Centurion and Healer","floor":27.0,"turns":2.0},{"damage":4.0,"enemies":"Gremlin Leader","floor":29.0,"turns":2.0},{"damage":0.0,"enemies":"3 Cultists","floor":31.0,"turns":2.0},{"damage":53.0,"enemies":"Champ","floor":33.0,"turns":5.0},{"damage":44.0,"enemies":"3 Shapes","floor":35.0,"turns":2.0},{"damage":10.0,"enemies":"Orb Walker","floor":38.0,"turns":2.0},{"damage":47.0,"enemies":"Giant Head","floor":40.0,"turns":5.0},{"damage":29.0,"enemies":"Maw","floor":42.0,"turns":5.0},{"damage":5.0,"enemies":"3 Darklings","floor":44.0,"turns":2.0},{"damage":25,"enemies":"Transient","floor":45,"turns":6},{"damage":5,"enemies":"Sphere and 2 Shapes","floor":46,"turns":3},{"damage":26,"enemies":"Spire Growth","floor":48,"turns":3},{"damage":39,"enemies":"Time Eater","floor":50,"turns":4},{"damage":44,"enemies":"Shield and Spear","floor":54,"turns":3},{"damage":76,"enemies":"The Heart","floor":55,"turns":2}],"seed_played":"902971385433152226","potions_obtained":[{"floor":6.0,"key":"ColorlessPotion"},{"floor":11.0,"key":"Weak Potion"},{"floor":18.0,"key":"SteroidPotion"},{"floor":35.0,"key":"BottledSpark"},{"floor":42.0,"key":"AttackPotion"},{"floor":44.0,"key":"SpeedPotion"},{"floor":54,"key":"SteroidPotion"}],"is_trial":false,"path_per_floor":["M","?","?","$","M","E","R","E","T","R","E","?","M","M","R","B",null,"M","$","?","T","$","R","M","R","T","M","R","E","?","M","R","B",null,"M","?","T","M","?","E","R","M","T","M","M","M","R","M","R","B",null,"R","$","E","B"],"character_chosen":"MARISA","items_purchased":["Toy Ornithopter","FairyPotion","DarkSpark+1"],"campfire_rested":8,"item_purchase_floors":[19,19,53],"current_hp_per_floor":[56,56,35,35,30,10,31,31,31,31,23,23,23,23,44,15,56,38,38,18,18,18,40,40,40,47,38,62,58,58,58,58,5,63,19,19,19,9,9,24,63,34,34,34,14,9,48,22,61,22,67,82,82,38,0,0],"gold":8,"neow_bonus":"TRANSFORM_TWO_CARDS","is_daily":false,"chose_seed":false,"campfire_upgraded":2,"win_rate":0.0,"timestamp":1611106166,"path_taken":["M","?","?","$","M","E","R","E","T","R","E","?","M","?","R","BOSS","M","$","?","?","$","R","M","R","T","M","R","E","?","?","R","BOSS","M","?","?","M","?","E","R","M","T","M","M","?","R","M","R","BOSS","R","$","E","BOSS"],"items_purchased_type":["Relic","Potion","Card"],"build_version":"2020-12-22","purchased_purges":3,"victory":false,"max_hp_per_floor":[70,70,70,70,70,70,70,70,70,70,70,70,70,70,70,70,70,70,70,75,75,75,75,75,75,82,82,82,82,82,82,82,82,82,82,82,82,82,82,82,82,82,82,82,82,82,82,82,82,82,82,82,82,82,82,82],"card_choices":[{"not_picked":["SporeBomb","GalacticHalo"],"picked":"MysteriousBeam","floor":1.0},{"not_picked":["AsteroidBelt","Acceleration"],"picked":"ManaRampage","floor":5.0},{"not_picked":["NonDirectionalLaser","CollectingQuirk","AbsoluteMagnitude"],"picked":"SKIP","floor":6.0},{"not_picked":["PowerUp","MagicChant"],"picked":"MeteoricShower","floor":8.0},{"not_picked":["DarkSpark+1","6A+1","WitchLeyline+1"],"picked":"SKIP","floor":13.0},{"not_picked":["LuminesStrike+1","AsteroidBelt","DC+1"],"picked":"SKIP","floor":14.0},{"not_picked":["MillisecondPulsars","EscapeVelocity"],"picked":"ManaRampage","floor":16.0},{"not_picked":["NonDirectionalLaser+1","DarkSpark+1"],"picked":"MysteriousBeam+1","floor":18.0},{"not_picked":["SuperPerseids+1","AsteroidBelt","GalacticHalo"],"picked":"SKIP","floor":24.0},{"not_picked":["MaximisePower","SporeBomb"],"picked":"MysteriousBeam+1","floor":27.0},{"not_picked":["EventHorizon","UnstableBomb+1","SuperPerseids"],"picked":"SKIP","floor":29.0},{"not_picked":["AsteroidBelt","MilkyWay","Acceleration"],"picked":"SKIP","floor":31.0},{"not_picked":["DoubleSpark+1","MysteriousBeam+1","DarkMatter"],"picked":"SKIP","floor":35.0},{"not_picked":["WitchOfGreed","MagicChant","MagicAbsorber"],"picked":"SKIP","floor":38.0},{"not_picked":["Orbital","GravityBeat+1","PowerUp"],"picked":"SKIP","floor":40.0},{"not_picked":["Robbery+1","GravityBeat+1","WitchLeyline+1"],"picked":"SKIP","floor":42.0},{"not_picked":["LuminesStrike+1","MysteriousBeam+1","FairyDestructionRay+1"],"picked":"SKIP","floor":44.0},{"not_picked":["ShootingEcho+1","EnergyRecoil","GasGiant"],"picked":"SKIP","floor":45},{"not_picked":["Singularity","OneTimeOff","SuperPerseids"],"picked":"SKIP","floor":46},{"not_picked":["LuminesStrike+1","NonDirectionalLaser+1","MilkyWay"],"picked":"SKIP","floor":48},{"not_picked":["PropBag","AsteroidBelt","MeteoricShower+1"],"picked":"SKIP","floor":54}],"player_experience":262081,"relics_obtained":[{"floor":6.0,"key":"Tiny Chest"},{"floor":8.0,"key":"Smiling Mask"},{"floor":11.0,"key":"Molten Egg 2"},{"floor":21.0,"key":"Matryoshka"},{"floor":26.0,"key":"Mercury Hourglass"},{"floor":26.0,"key":"Strawberry"},{"floor":29.0,"key":"War Paint"},{"floor":37.0,"key":"Regal Pillow"},{"floor":37.0,"key":"Orichalcum"},{"floor":40.0,"key":"Bird Faced Urn"},{"floor":40.0,"key":"PreservedInsect"},{"floor":43.0,"key":"Lantern"},{"floor":54,"key":"Oddly Smooth Stone"},{"floor":54,"key":"HandmadeGrimoire"}],"event_choices":[{"damage_healed":0.0,"max_hp_gain":0.0,"max_hp_loss":0.0,"gold_gain":150.0,"event_name":"Liars Game","player_choice":"AGREE","floor":2.0,"gold_loss":0.0,"damage_taken":0.0,"cards_obtained":["Doubt"]},{"damage_healed":0.0,"max_hp_gain":0.0,"max_hp_loss":0.0,"gold_gain":0.0,"event_name":"Shining Light","player_choice":"Entered Light","floor":3.0,"gold_loss":0.0,"damage_taken":21.0,"cards_upgraded":["Strike_MRS","UpSweep"]},{"damage_healed":0.0,"max_hp_gain":0.0,"max_hp_loss":0.0,"gold_gain":0.0,"event_name":"FaceTrader","player_choice":"Trade","floor":12.0,"gold_loss":0.0,"damage_taken":0.0,"relics_obtained":["SsserpentHead"]},{"damage_healed":0.0,"max_hp_gain":5.0,"max_hp_loss":0.0,"gold_gain":0.0,"event_name":"Forgotten Altar","player_choice":"Shed Blood","floor":20.0,"gold_loss":0.0,"damage_taken":25.0},{"damage_healed":0.0,"max_hp_gain":0.0,"max_hp_loss":0.0,"gold_gain":0.0,"event_name":"Accursed Blacksmith","player_choice":"Forge","floor":30.0,"gold_loss":0.0,"damage_taken":0.0,"cards_upgraded":["MysteriousBeam"]},{"damage_healed":0.0,"max_hp_gain":0.0,"max_hp_loss":0.0,"gold_gain":0.0,"event_name":"SensoryStone","player_choice":"Memory 1","floor":36.0,"gold_loss":0.0,"damage_taken":0.0},{"damage_healed":0.0,"max_hp_gain":0.0,"max_hp_loss":0.0,"gold_gain":0.0,"event_name":"Mysterious Sphere","player_choice":"Ignored","floor":39.0,"gold_loss":0.0,"damage_taken":0.0}],"is_beta":false,"boss_relics":[{"not_picked":["Sozu","Velvet Choker"],"picked":"Ectoplasm"},{"not_picked":["Tiny House","Empty Cage"],"picked":"Black Star"}],"items_purged_floors":[4,19,22],"is_endless":false,"potions_floor_spawned":[6,11,13,18,35,38,42,44,54],"killed_by":"The Heart","ascension_level":18}}