{"host":"wnty67d4nhrob9mt","time":1611181624,"event":{"mods":["BaseMod","Block Reminder","Infinite Spire","Minty Spire (QoL Compilation)","Permanent Neow","Quick Restart","Relic Stats","Replay The Spire","StSLib","The Jungle"],"gold_per_floor":[114,189,189,154,169,184,214,229,229,244,244,274,289,304,304,304,304],"floor_reached":16,"language":"TUR","playtime":1285,"items_purged":[],"score":164,"play_id":"af0d0c2e-2099-44c3-b1e0-77378b7514fd","local_time":"20210121012704","daily_mods":["Shiny","Red Cards","DeadlyEvents"],"is_ascension_mode":false,"campfire_choices":[{"floor":11,"key":"REST"},{"floor":15,"key":"REST"}],"circlet_count":0,"master_deck":["Double Tap","Demon Form","Fiend Fire","Eclipse","Berserk","Impervious","Juggernaut","Brutality","Demonic Infusion","Exhume","Offering","Bludgeon","Feed","Replay:Many Hands","Limit Break","Corruption","Barricade","Hemogenesis","Reaper","Immolate","ReplayTheSpireMod:Necrosis","Corpse Explosion","Die Die Die","Atom Bomb","ReplayTheSpireMod:From All Sides","Adrenaline","Envenom","Doppelganger","Burst","Wraith Form v2","Tools of the Trade","After Image","Poison Darts","A Thousand Cuts","Venomology","Replay:Bag of Tricks","Malaise","Phantasmal Killer","Night Terror","infinitespire:Neurotoxin","Unload","Bullet Time","Storm of Steel","Glass Knife","Grand Finale","Dodge and Roll","Noxious Fumes","Sword Boomerang","Bane","Rupture","Thunderclap","Sucker Punch","Entrench","Armaments"],"relics":["Ring of the Snake","Potion Belt","Akabeko","Nunchaku"],"acts_visited":["Exordium"],"potions_floor_usage":[10,12,16,16,16],"damage_taken":[{"damage":12,"enemies":"2 Louse","floor":1,"turns":2},{"damage":0,"enemies":"Small Slimes","floor":5,"turns":1},{"damage":1,"enemies":"Cultist","floor":6,"turns":3},{"damage":25,"enemies":"3 Sentries","floor":7,"turns":5},{"damage":6,"enemies":"3 Louse","floor":8,"turns":3},{"damage":21,"enemies":"Red Slaver","floor":10,"turns":3},{"damage":26,"enemies":"Lagavulin","floor":12,"turns":6},{"damage":9,"enemies":"2 Fungi Beasts","floor":13,"turns":3},{"damage":0,"enemies":"Exordium Thugs","floor":14,"turns":2},{"damage":36,"enemies":"Slime Boss","floor":16,"turns":5}],"seed_played":"-1760728548950895142","potions_obtained":[{"floor":1,"key":"Strength Potion"},{"floor":6,"key":"Elixir"},{"floor":8,"key":"DistilledChaos"},{"floor":13,"key":"Block Potion"}],"is_trial":false,"path_per_floor":["M","?","?","?","M","M","E","M","T","M","R","E","M","M","R","B"],"character_chosen":"THE_SILENT","items_purchased":[],"campfire_rested":2,"item_purchase_floors":[],"current_hp_per_floor":[58,47,47,64,64,63,44,38,38,23,47,21,12,12,36,0,0],"gold":304,"neow_bonus":"","is_daily":true,"chose_seed":false,"campfire_upgraded":0,"win_rate":0.0,"timestamp":1611181624,"path_taken":["M","?","?","?","M","?","E","?","T","M","R","?","M","M","R","BOSS"],"items_purchased_type":[],"build_version":"2020-12-22","purchased_purges":0,"victory":false,"max_hp_per_floor":[70,70,70,70,70,70,76,76,76,82,82,82,82,82,82,82,82],"relic_stats":{"Nunchaku":[0],"counters":[10,33],"obtain_stats":[{"Potion Belt":7,"Nunchaku":12,"Akabeko":9,"Ring of the Snake":0},{"Potion Belt":4,"Nunchaku":7,"Akabeko":5,"Ring of the Snake":0},{"Potion Belt":11,"Nunchaku":23,"Akabeko":14,"Ring of the Snake":0}],"Ring of the Snake":[20]},"card_choices":[{"not_picked":["Caltrops","Wild Strike"],"picked":"Dodge and Roll","floor":1},{"not_picked":["Backflip","Thunderclap"],"picked":"Noxious Fumes","floor":5},{"not_picked":["Intimidate","Prepared"],"picked":"Sword Boomerang","floor":6},{"not_picked":["True Grit","infinitespire:OneForAll"],"picked":"Bane","floor":7},{"not_picked":["Warcry","Evolve"],"picked":"Rupture","floor":8},{"not_picked":["Doppelganger","Deadly Poison"],"picked":"Thunderclap","floor":10},{"not_picked":["Cleave","Clash"],"picked":"Sucker Punch","floor":12},{"not_picked":["Feel No Pain","Reckless Charge"],"picked":"Entrench","floor":13},{"not_picked":["Poisoned Stab","ReplayReversal"],"picked":"Armaments","floor":14}],"player_experience":193381,"relics_obtained":[{"floor":7,"key":"Potion Belt"},{"floor":9,"key":"Akabeko"},{"floor":12,"key":"Nunchaku"}],"event_choices":[{"damage_healed":0,"gold_gain":75,"player_choice":"Gather Gold","damage_taken":11,"max_hp_gain":0,"max_hp_loss":0,"event_name":"World of Goop","floor":2,"gold_loss":0},{"damage_healed":0,"gold_gain":0,"player_choice":"Ignored","damage_taken":0,"max_hp_gain":0,"max_hp_loss":0,"event_name":"Liars Game","floor":3,"gold_loss":0},{"damage_healed":17,"gold_gain":0,"player_choice":"Healed","damage_taken":0,"max_hp_gain":0,"max_hp_loss":0,"event_name":"The Cleric","floor":4,"gold_loss":35}],"is_beta":false,"boss_relics":[],"items_purged_floors":[],"is_endless":false,"potions_floor_spawned":[1,6,8,13],"killed_by":"Slime Boss","ascension_level":0}}