{"host":"y193d0agu1dp5x1y","time":1611135614,"event":{"mods":["AchievementEnabler","BaseMod","Googly Eyes","Minty Spire (QoL Compilation)"],"gold_per_floor":[119,119,44,44,62,62,76,91,91,91,91,108,121,135,135,233,233,246,257,271,148,148,148],"floor_reached":22,"language":"ENG","playtime":1613,"items_purged":["Strike_P"],"score":205,"play_id":"7c79b2ee-300f-4f28-9821-e3bb919dbcd9","local_time":"20210120034014","is_ascension_mode":false,"campfire_choices":[{"data":"Halt","floor":6.0,"key":"SMITH"},{"data":"Vigilance","floor":11.0,"key":"SMITH"},{"floor":15,"key":"RECALL"}],"circlet_count":0,"master_deck":["Strike_P","Strike_P","Defend_P","Defend_P","Defend_P","Defend_P","Eruption+1","Vigilance+1","Halt+1","BowlingBash","Consecrate","DevaForm","CurseOfTheBell","SashWhip+1","TalkToTheHand","FollowUp","Protect","Evaluate"],"relics":["Philosopher\u0027s Stone","StoneCalendar","Calling Bell","PreservedInsect","Pear","CaptainsWheel"],"acts_visited":["Exordium","TheCity"],"potions_floor_usage":[16],"damage_taken":[{"damage":0.0,"enemies":"Jaw Worm","floor":1.0,"turns":5.0},{"damage":0.0,"enemies":"Cultist","floor":5.0,"turns":3.0},{"damage":0.0,"enemies":"2 Louse","floor":7.0,"turns":3.0},{"damage":0.0,"enemies":"Exordium Wildlife","floor":8.0,"turns":3.0},{"damage":6.0,"enemies":"Lots of Slimes","floor":12.0,"turns":6.0},{"damage":10.0,"enemies":"Exordium Thugs","floor":13.0,"turns":5.0},{"damage":1,"enemies":"Blue Slaver","floor":14,"turns":3},{"damage":43,"enemies":"The Guardian","floor":16,"turns":12},{"damage":17,"enemies":"3 Byrds","floor":18,"turns":6},{"damage":23,"enemies":"Spheric Guardian","floor":19,"turns":6},{"damage":34,"enemies":"Snake Plant","floor":20,"turns":6},{"damage":14,"enemies":"Shelled Parasite and Fungi","floor":22,"turns":1}],"seed_played":"9156037073855992244","potions_obtained":[{"floor":5.0,"key":"PowerPotion"},{"floor":7.0,"key":"Fruit Juice"},{"floor":8.0,"key":"Fire Potion"},{"floor":12.0,"key":"StancePotion"},{"floor":14,"key":"Dexterity Potion"},{"floor":20,"key":"SteroidPotion"}],"is_trial":false,"path_per_floor":["M","?","$","T","M","R","M","M","T","?","R","M","M","M","R","B",null,"M","M","M","$","M"],"character_chosen":"WATCHER","items_purchased":["FollowUp","Protect","Evaluate"],"campfire_rested":0,"item_purchase_floors":[21,21,21],"current_hp_per_floor":[72,72,72,72,72,72,72,77,77,70,70,64,54,53,53,10,87,70,47,13,13,0,0],"gold":148,"neow_bonus":"BOSS_RELIC","is_daily":false,"chose_seed":false,"campfire_upgraded":2,"win_rate":0.0,"timestamp":1611135614,"path_taken":["M","?","$","?","M","R","M","M","T","?","R","?","M","M","R","BOSS","M","?","?","?","M"],"items_purchased_type":["Card","Card","Card"],"build_version":"2020-12-22","purchased_purges":1,"victory":false,"max_hp_per_floor":[72,72,72,72,72,72,72,77,77,77,77,77,77,77,77,77,87,87,87,87,87,87,87],"card_choices":[{"not_picked":["Crescendo","FollowUp"],"picked":"Halt","floor":1.0},{"not_picked":["EmptyBody","Indignation","Crescendo"],"picked":"SKIP","floor":5.0},{"not_picked":["PathToVictory","Worship","Tantrum"],"picked":"SKIP","floor":7.0},{"not_picked":["Prostrate","FlyingSleeves","MentalFortress"],"picked":"SKIP","floor":8.0},{"not_picked":["Pray","Halt"],"picked":"BowlingBash","floor":12.0},{"not_picked":["Tantrum","FollowUp"],"picked":"Consecrate","floor":13.0},{"not_picked":["Perseverance","Prostrate","BowlingBash"],"picked":"SKIP","floor":14},{"not_picked":["Brilliance","Judgement"],"picked":"DevaForm","floor":16},{"not_picked":["Worship","FearNoEvil","Protect"],"picked":"SKIP","floor":18},{"not_picked":["ThirdEye","EmptyFist"],"picked":"SashWhip+1","floor":19},{"not_picked":["MentalFortress","CutThroughFate+1"],"picked":"TalkToTheHand","floor":20}],"player_experience":136492,"relics_obtained":[{"floor":4.0,"key":"StoneCalendar"},{"floor":17,"key":"PreservedInsect"},{"floor":17,"key":"Pear"},{"floor":17,"key":"CaptainsWheel"}],"event_choices":[{"damage_healed":0.0,"max_hp_gain":0.0,"max_hp_loss":0.0,"gold_gain":0.0,"event_name":"Upgrade Shrine","player_choice":"Upgraded","floor":2.0,"gold_loss":0.0,"damage_taken":0.0,"cards_upgraded":["Eruption"]},{"cards_removed":["Strike_P"],"damage_healed":0.0,"max_hp_gain":0.0,"max_hp_loss":0.0,"gold_gain":0.0,"event_name":"Golden Wing","player_choice":"Card Removal","floor":10.0,"gold_loss":0.0,"damage_taken":7.0}],"is_beta":false,"boss_relics":[{"not_picked":["Cursed Key","SlaversCollar"],"picked":"Calling Bell"}],"items_purged_floors":[3],"is_endless":false,"potions_floor_spawned":[5,7,8,12,14,20],"killed_by":"Shelled Parasite and Fungi","ascension_level":0}}