{"host":"c6u7e77myxvw4d0m","time":1611129598,"event":{"mods":["AchievementEnabler","BaseMod","Bestiary","Colored Map","Colored Powertips","Minty Spire (QoL Compilation)","Rare Cards Sparkle","Relic Stats","everything is the same but u backflip on backflip"],"gold_per_floor":[119,134,153,153,78,113,15,15,15,49,49,78,78,110,110,184,184,195,195,215,215,225,225,225],"floor_reached":23,"language":"ENG","playtime":1404,"items_purged":["Strike_G"],"score":507,"play_id":"add5b8ea-092f-4b30-aeeb-45c97a5bf5d8","local_time":"20210120095958","is_ascension_mode":true,"campfire_choices":[{"data":"Riddle With Holes","floor":8,"key":"SMITH"},{"floor":11,"key":"REST"},{"floor":15,"key":"REST"}],"circlet_count":0,"master_deck":["AscendersBane","Strike_G","Strike_G","Strike_G","Defend_G","Defend_G","Defend_G","Defend_G","Defend_G+1","Survivor","Neutralize+1","Riddle With Holes+1","Underhanded Strike","Crippling Poison+1","Envenom","Prepared","Riddle With Holes","Phantasmal Killer","Backflip","Leg Sweep","Caltrops+1"],"relics":["Snecko Eye","Ornamental Fan","Question Card","Ancient Tea Set","War Paint","StoneCalendar","Busted Crown"],"acts_visited":["Exordium","TheCity"],"potions_floor_usage":[6,10,10,14,20,20,21,22,22],"damage_taken":[{"damage":11,"enemies":"Cultist","floor":1,"turns":4},{"damage":2,"enemies":"Jaw Worm","floor":2,"turns":3},{"damage":3,"enemies":"Small Slimes","floor":3,"turns":4},{"damage":37,"enemies":"3 Sentries","floor":6,"turns":12},{"damage":0,"enemies":"Gremlin Nob","floor":10,"turns":3},{"damage":23,"enemies":"3 Sentries","floor":12,"turns":8},{"damage":0,"enemies":"Gremlin Nob","floor":14,"turns":3},{"damage":9,"enemies":"Hexaghost","floor":16,"turns":6},{"damage":11,"enemies":"Chosen","floor":18,"turns":5},{"damage":1,"enemies":"Shell Parasite","floor":20,"turns":5},{"damage":13,"enemies":"Cultist and Chosen","floor":22,"turns":7},{"damage":47,"enemies":"Slavers","floor":23,"turns":4}],"seed_played":"-7848633800012182325","potions_obtained":[{"floor":1,"key":"Swift Potion"},{"floor":3,"key":"Regen Potion"},{"floor":12,"key":"Poison Potion"},{"floor":14,"key":"SpeedPotion"},{"floor":16,"key":"Swift Potion"},{"floor":20,"key":"DistilledChaos"},{"floor":21,"key":"Fruit Juice"},{"floor":21,"key":"Weak Potion"}],"is_trial":false,"path_per_floor":["M","M","M","?","$","E","$","R","T","E","R","E","?","E","R","B",null,"M","?","M","?","M","E"],"character_chosen":"THE_SILENT","items_purchased":["Crippling Poison","FearPotion"],"campfire_rested":2,"item_purchase_floors":[7,7],"current_hp_per_floor":[48,46,43,43,43,21,21,21,21,21,40,17,17,17,36,27,56,45,45,44,49,36,0,0],"gold":225,"neow_bonus":"BOSS_RELIC","is_daily":false,"chose_seed":false,"campfire_upgraded":1,"win_rate":0.0,"timestamp":1611129598,"path_taken":["M","M","M","?","?","E","$","R","T","E","R","E","?","E","R","BOSS","M","?","M","?","M","E"],"items_purchased_type":["Card","Potion"],"build_version":"2020-12-22","purchased_purges":1,"victory":false,"max_hp_per_floor":[66,66,66,66,66,66,66,66,66,66,66,66,66,66,66,66,66,66,66,66,71,71,71,71],"relic_stats":{"Busted Crown":6,"counters":[12,64],"Ornamental Fan":[16],"Snecko Eye":[83,106,105,89],"StoneCalendar":[0],"War Paint":["Crippling Poison","Defend_G"],"Question Card":7,"obtain_stats":[{"Busted Crown":17,"Ornamental Fan":6,"Snecko Eye":0,"StoneCalendar":14,"War Paint":12,"Question Card":9,"Ancient Tea Set":10,"Ring of the Snake":0},{"Busted Crown":8,"Ornamental Fan":4,"Snecko Eye":0,"StoneCalendar":7,"War Paint":6,"Question Card":4,"Ancient Tea Set":5,"Ring of the Snake":0},{"Busted Crown":43,"Ornamental Fan":23,"Snecko Eye":0,"StoneCalendar":37,"War Paint":34,"Question Card":23,"Ancient Tea Set":26,"Ring of the Snake":0}]},"card_choices":[{"not_picked":["Dagger Spray","Noxious Fumes"],"picked":"Riddle With Holes","floor":1},{"not_picked":["Deflect","Bane","Blade Dance"],"picked":"SKIP","floor":2},{"not_picked":["Sucker Punch","Reflex","Deflect"],"picked":"SKIP","floor":3},{"not_picked":["Cloak And Dagger","Concentrate"],"picked":"Underhanded Strike","floor":6},{"not_picked":["Footwork","Underhanded Strike","Cloak And Dagger"],"picked":"Envenom","floor":10},{"not_picked":["Dagger Throw","Outmaneuver","Slice"],"picked":"Prepared","floor":12},{"not_picked":["Prepared","Crippling Poison","Backstab"],"picked":"Riddle With Holes","floor":14},{"not_picked":["A Thousand Cuts","Venomology","Burst"],"picked":"Phantasmal Killer","floor":16},{"not_picked":["Deadly Poison"],"picked":"Backflip","floor":18},{"not_picked":["Outmaneuver"],"picked":"Leg Sweep","floor":20},{"not_picked":["PiercingWail"],"picked":"Caltrops+1","floor":22}],"player_experience":419263,"relics_obtained":[{"floor":6,"key":"Ornamental Fan"},{"floor":9,"key":"Question Card"},{"floor":10,"key":"Ancient Tea Set"},{"floor":12,"key":"War Paint"},{"floor":14,"key":"StoneCalendar"}],"event_choices":[{"cards_removed":["Strike_G"],"damage_healed":0,"gold_gain":0,"player_choice":"Purged","damage_taken":0,"max_hp_gain":0,"max_hp_loss":0,"event_name":"Purifier","floor":4,"gold_loss":0},{"damage_healed":0,"gold_gain":0,"player_choice":"Grow","damage_taken":0,"max_hp_gain":0,"max_hp_loss":0,"event_name":"Living Wall","floor":13,"gold_loss":0,"cards_upgraded":["Neutralize"]},{"damage_healed":0,"gold_gain":0,"player_choice":"Ignored","damage_taken":0,"max_hp_gain":0,"max_hp_loss":0,"event_name":"Ghosts","floor":19,"gold_loss":0},{"damage_healed":0,"gold_gain":0,"player_choice":"Got Potions","damage_taken":0,"max_hp_gain":0,"max_hp_loss":0,"event_name":"Lab","floor":21,"gold_loss":0}],"is_beta":false,"boss_relics":[{"not_picked":["Cursed Key","Empty Cage"],"picked":"Busted Crown"}],"items_purged_floors":[5],"is_endless":false,"potions_floor_spawned":[1,3,12,14,16,20],"killed_by":"Slavers","ascension_level":18}}