{"host":"d85gwtocd8go8gx0","time":1611124834,"event":{"mods":["AchievementEnabler","BaseMod","Better Altar","Better Skull","Better Third Choice","Block Reminder","Colored Powertips","Curses Come First","Dark Map","Filter the Spire","Highlight Path","Minty Spire (QoL Compilation)","Permanent Neow","Quick Restart","RNG Fix","Shop Mod","StSLib","SuperFastMode","UnlockEverythingMod"],"gold_per_floor":[115,115,80,3,17,52,67,67,67],"floor_reached":8,"language":"ENG","playtime":308,"items_purged":[],"score":112,"play_id":"35caac6d-20b7-443d-abec-8d96b0838be5","local_time":"20210119224034","is_ascension_mode":true,"campfire_choices":[],"circlet_count":0,"master_deck":["AscendersBane","Strike_P","Strike_P","Strike_P","Strike_P","Defend_P","Defend_P","Defend_P","Defend_P","Eruption+1","Vigilance","FlurryOfBlows","EmptyMind","Crescendo","JustLucky","EmptyBody"],"relics":["PureWater","Pantograph"],"acts_visited":["Exordium"],"potions_floor_usage":[8],"damage_taken":[{"damage":2.0,"enemies":"Jaw Worm","floor":1.0,"turns":3.0},{"damage":0,"enemies":"Cultist","floor":5,"turns":2},{"damage":47,"enemies":"3 Sentries","floor":6,"turns":7},{"damage":0,"enemies":"Small Slimes","floor":7,"turns":3},{"damage":21,"enemies":"Gremlin Nob","floor":8,"turns":2}],"seed_played":"-1803534823120083886","potions_obtained":[{"floor":7,"key":"SteroidPotion"}],"is_trial":false,"path_per_floor":["M","?","?","$","M","E","M","E"],"character_chosen":"WATCHER","items_purchased":["EmptyMind"],"campfire_rested":0,"item_purchase_floors":[4],"current_hp_per_floor":[59,59,68,68,68,21,21,0,0],"gold":67,"neow_bonus":"UPGRADE_CARD","is_daily":false,"chose_seed":false,"campfire_upgraded":0,"win_rate":0.0,"timestamp":1611124834,"path_taken":["M","?","?","$","?","E","?","E"],"items_purchased_type":["Card"],"build_version":"2020-12-22","purchased_purges":0,"victory":false,"max_hp_per_floor":[68,68,68,68,68,68,68,68,68],"card_choices":[{"not_picked":["Halt","Evaluate"],"picked":"FlurryOfBlows","floor":1},{"not_picked":["ClearTheMind","BowlingBash"],"picked":"Crescendo","floor":5},{"not_picked":["Indignation","Prostrate"],"picked":"JustLucky","floor":6},{"not_picked":["Protect","JustLucky"],"picked":"EmptyBody","floor":7}],"player_experience":18171,"relics_obtained":[{"floor":6,"key":"Pantograph"}],"event_choices":[{"damage_healed":0,"gold_gain":0,"player_choice":"Ignored","damage_taken":0,"max_hp_gain":0,"max_hp_loss":0,"event_name":"Golden Wing","floor":2,"gold_loss":0},{"damage_healed":17,"gold_gain":0,"player_choice":"Healed","damage_taken":0,"max_hp_gain":0,"max_hp_loss":0,"event_name":"The Cleric","floor":3,"gold_loss":35}],"is_beta":false,"boss_relics":[],"items_purged_floors":[],"is_endless":false,"potions_floor_spawned":[7],"killed_by":"Gremlin Nob","ascension_level":20}}