{"host":"0tv4c0zqspoploqh","time":1611166982,"event":{"mods":["Aspiration","BaseMod","Colored Map","Colored Powertips","Conspire","Downfall","Hubris","Minty Spire (QoL Compilation)","StSLib","The Cursed","The Hierophant","The Judge"],"gold_per_floor":[99,115,128,140,158,188,213,226,236,254,254,254,287,287,300,398,398,198,209,8,8,22,22,49,61,93,93,105,132,144,157,176,275,275,175,189,17,17,2,0,23,23,53,53,53,53],"floor_reached":44,"language":"ENG","playtime":7189,"items_purged":[],"score":517,"play_id":"edd7ea74-9fce-4a7f-a9ce-134459a13b7c","local_time":"20210120192302","is_ascension_mode":false,"campfire_choices":[{"data":"hexamod:Float","floor":1.0,"key":"SMITH"},{"floor":12.0,"key":"REST"},{"floor":18.0,"key":"RECALL"},{"data":"expansioncontent:QuickStudy","floor":23.0,"key":"SMITH"},{"data":"hexamod:GhostOfSpireFuture","floor":27.0,"key":"SMITH"},{"data":"Dark Embrace","floor":35.0,"key":"SMITH"},{"data":"hexamod:GhostOfSpirePast","floor":42,"key":"SMITH"}],"circlet_count":0,"master_deck":["hexamod:Strike","hexamod:Strike","hexamod:Strike","hexamod:Strike","hexamod:Defend","hexamod:Defend","hexamod:Defend","hexamod:Defend+1","hexamod:Sear","hexamod:Float+1","hexamod:ThermalTransfer","hexamod:InspiringFlames","hexamod:EtherealExpedition","hexamod:SkipABeat+1","hexamod:ThermalTransfer","hexamod:PowerFromBeyond","hexamod:ShieldOfDarkness","hexamod:PhantomCloak","hexamod:Haunt","hexamod:DynamicBlow","hexamod:WildfireWeapon","True Grit","expansioncontent:QuickStudy+1","Metallicize","hexamod:GhostOfSpireFuture+1","Sword Boomerang+1","Dark Embrace+1","hexamod:GhostOfSpirePast+1","hexamod:GhostOfSpirePresent","Ghostly Armor+1","hexamod:EtherealExpedition+1","hexamod:ParanormalForm"],"relics":["hexamod:SpiritBrand","Du-Vu Doll","Ornamental Fan","aspiration:IroncladSkillbook","downfall:HeartBlessingGreen","downfall:HeartBlessingBlue","Nloth\u0027s Gift","Smiling Mask","aspiration:StickyExplosives_weak","War Paint","conspire:RoyalGoblet","downfall:HeartBlessingRed","Frozen Eye","Blood Vial","conspire:Flyswatter"],"acts_visited":["Exordium","TheCity","TheBeyond"],"potions_floor_usage":[43,43],"damage_taken":[{"damage":0.0,"enemies":"conspire:RoseBush","floor":2.0,"turns":3.0},{"damage":0.0,"enemies":"Small Slimes","floor":3.0,"turns":3.0},{"damage":0.0,"enemies":"2 Louse","floor":4.0,"turns":3.0},{"damage":0.0,"enemies":"Gremlin Gang","floor":5.0,"turns":7.0},{"damage":49.0,"enemies":"Gremlin Nob","floor":6.0,"turns":6.0},{"damage":0.0,"enemies":"Exordium Thugs","floor":8.0,"turns":4.0},{"damage":8.0,"enemies":"3 Louse","floor":9.0,"turns":3.0},{"damage":4.0,"enemies":"Exordium Wildlife","floor":10.0,"turns":4.0},{"damage":9.0,"enemies":"Lagavulin","floor":13.0,"turns":10.0},{"damage":5.0,"enemies":"Blue Slaver","floor":15.0,"turns":5.0},{"damage":48.0,"enemies":"SI_SHIV_ARCHETYPE","floor":16.0,"turns":14.0},{"damage":10.0,"enemies":"conspire:FuzzyDice","floor":19.0,"turns":10.0},{"damage":0.0,"enemies":"downfall:FleeingMerchant","floor":20.0,"turns":4.0},{"damage":14.0,"enemies":"Chosen","floor":22.0,"turns":5.0},{"damage":3.0,"enemies":"conspire:HollyBat","floor":25.0,"turns":10.0},{"damage":21.0,"enemies":"Book of Stabbing","floor":26.0,"turns":8.0},{"damage":11.0,"enemies":"3 Cultists","floor":28.0,"turns":6.0},{"damage":44.0,"enemies":"Gremlin Leader","floor":29.0,"turns":12.0},{"damage":19.0,"enemies":"Snake Plant","floor":30.0,"turns":7.0},{"damage":0.0,"enemies":"conspire:HollyBat","floor":31.0,"turns":8.0},{"damage":12.0,"enemies":"Centurion and Healer","floor":32.0,"turns":9.0},{"damage":23.0,"enemies":"IC_MUSHROOM_ARCHETYPE","floor":33.0,"turns":15.0},{"damage":1,"enemies":"Orb Walker","floor":36,"turns":4},{"damage":10,"enemies":"downfall:FleeingMerchant","floor":37,"turns":4},{"damage":5,"enemies":"downfall:FleeingMerchant","floor":39,"turns":4},{"damage":2,"enemies":"downfall:FleeingMerchant","floor":40,"turns":4},{"damage":69,"enemies":"Giant Head","floor":43,"turns":12},{"damage":29,"enemies":"3 Shapes","floor":44,"turns":3}],"seed_played":"-3165642561701298087","potions_obtained":[{"floor":4.0,"key":"champ:CounterPotion"},{"floor":5.0,"key":"DuplicationPotion"},{"floor":6.0,"key":"ColorlessPotion"},{"floor":10.0,"key":"hexamod:SoulburnPotion"},{"floor":16.0,"key":"hexamod:EctoCoolerPotion"},{"floor":25.0,"key":"Regen Potion"},{"floor":28.0,"key":"SteroidPotion"},{"floor":30.0,"key":"Dexterity Potion"},{"floor":32.0,"key":"Block Potion"},{"floor":33.0,"key":"Block Potion"},{"floor":43,"key":"hexamod:InfernoChargePotion"}],"is_trial":false,"path_per_floor":["R","M","M","M","M","E","T","M","M","M","?","R","E","?","M","B",null,"R","M","$","?","M","R","T","M","E","R","M","E","M","M","M","B",null,"R","M","?","?","$","$","T","R","E","M"],"character_chosen":"THE_SPIRIT","items_purchased":["expansioncontent:QuickStudy","Frozen Eye"],"campfire_rested":1,"item_purchase_floors":[20,37],"current_hp_per_floor":[77,77,77,77,77,28,28,28,20,16,16,39,30,35,30,50,82,92,86,90,90,80,80,80,81,64,64,57,17,34,38,45,26,92,92,92,86,86,85,87,87,87,24,0,0,0],"gold":53,"neow_bonus":"TEN_PERCENT_HP_BONUS","is_daily":false,"chose_seed":false,"campfire_upgraded":5,"win_rate":0.0,"timestamp":1611166982,"path_taken":["R","M","M","M","M","E","T","M","M","M","?","R","E","?","M","BOSS","R","M","$","?","M","R","T","M","E","R","?","E","M","M","M","BOSS","R","M","?","?","?","$","T","R","E","M"],"items_purchased_type":["Card","Relic"],"build_version":"2020-12-22","purchased_purges":0,"victory":false,"max_hp_per_floor":[77,77,77,77,77,77,77,77,77,77,77,77,77,82,82,82,82,92,92,92,92,92,92,92,92,92,92,92,92,92,92,92,92,92,92,92,92,92,92,92,92,92,92,92,92,92],"card_choices":[{"not_picked":["hexamod:FlamesFromBeyond","hexamod:AdvancingGuard"],"picked":"hexamod:ThermalTransfer","floor":2.0},{"not_picked":["hexamod:NightmareGuise","hexamod:RecurringNightmare"],"picked":"hexamod:InspiringFlames","floor":3.0},{"not_picked":["hexamod:BacktrackSmack","hexamod:Firestarter"],"picked":"hexamod:EtherealExpedition","floor":4.0},{"not_picked":["hexamod:ShieldOfDarkness","hexamod:SoulSteal"],"picked":"hexamod:SkipABeat","floor":5.0},{"not_picked":["hexamod:InspiringFlames","hexamod:ShieldOfDarkness"],"picked":"hexamod:ThermalTransfer","floor":6.0},{"not_picked":["hexamod:FastForward","hexamod:SpectersWail"],"picked":"hexamod:PowerFromBeyond","floor":8.0},{"not_picked":["hexamod:FastForward","hexamod:FlamesFromBeyond"],"picked":"hexamod:ShieldOfDarkness","floor":9.0},{"not_picked":["hexamod:VolcanoVisage","hexamod:SpectralSpark"],"picked":"hexamod:PhantomCloak","floor":10.0},{"not_picked":["hexamod:BacktrackSmack","hexamod:NightmareStrike"],"picked":"hexamod:Haunt","floor":13.0},{"not_picked":["hexamod:SuperheatedStrike","hexamod:NightmareStrike"],"picked":"hexamod:DynamicBlow","floor":15.0},{"not_picked":["hexamod:TurnItUp","hexamod:Toasty"],"picked":"hexamod:WildfireWeapon","floor":16.0},{"not_picked":["Cleave","Armaments","Clash"],"picked":"True Grit","floor":19.0},{"not_picked":["Flex","Havoc","Evolve+1","hexamod:SpectralSpark"],"picked":"SKIP","floor":20.0},{"not_picked":["Impervious","hexamod:GhostShield","Headbutt","Intimidate"],"picked":"SKIP","floor":22.0},{"not_picked":["hexamod:Firestarter","Rampage","Perfected Strike"],"picked":"Metallicize","floor":25.0},{"not_picked":["Armaments+1","hexamod:PhantomCloak","hubris:ReadiedAction"],"picked":"hexamod:GhostOfSpireFuture","floor":26.0},{"not_picked":["hexamod:HeatShield+1","hexamod:SwordOfDarkness+1","hexamod:Again","hexamod:SuperheatedStrike"],"picked":"SKIP","floor":28.0},{"not_picked":["Body Slam+1","Immolate","Metallicize"],"picked":"Sword Boomerang+1","floor":29.0},{"not_picked":["hexamod:Toasty","Spot Weakness","conspire:ExplosiveBarrier+1"],"picked":"Dark Embrace","floor":30.0},{"not_picked":["hexamod:InspiringFlames+1","Wild Strike+1","hexamod:RetreatToShadows","Bloodletting"],"picked":"SKIP","floor":31.0},{"not_picked":["Body Slam","hexamod:PowerFromBeyond+1","hexamod:Firestarter"],"picked":"hexamod:GhostOfSpirePast","floor":32.0},{"not_picked":["hexamod:Toasty","Offering","hexamod:FifthSeal"],"picked":"hexamod:GhostOfSpirePresent","floor":33.0},{"not_picked":["Ghostly Armor+1","hexamod:InspiringFlames+1","hexamod:SwordOfDarkness+1","hexamod:GhostShield"],"picked":"SKIP","floor":36},{"not_picked":["hexamod:InspiringFlames+1","hexamod:SwordOfDarkness+1","hexamod:GhostShield"],"picked":"Ghostly Armor+1","floor":36},{"not_picked":["Clothesline+1","hexamod:SoulSteal+1","hexamod:FourthSeal","hexamod:HeatCrush+1"],"picked":"SKIP","floor":37},{"not_picked":["hexamod:HeatMetal","Twin Strike+1","Wild Strike+1"],"picked":"hexamod:EtherealExpedition+1","floor":39},{"not_picked":["Flame Barrier+1","hexamod:GhostLash+1","hexamod:FirstSeal","Anger+1"],"picked":"SKIP","floor":40},{"not_picked":["hexamod:TimeOfNeed","Pommel Strike+1","Bludgeon"],"picked":"hexamod:ParanormalForm","floor":43}],"player_experience":1285441,"relics_obtained":[{"floor":6.0,"key":"Du-Vu Doll"},{"floor":13.0,"key":"Ornamental Fan"},{"floor":24.0,"key":"Smiling Mask"},{"floor":26.0,"key":"aspiration:StickyExplosives_weak"},{"floor":29.0,"key":"War Paint"},{"floor":41,"key":"Blood Vial"},{"floor":43,"key":"conspire:Flyswatter"}],"event_choices":[{"damage_healed":0.0,"max_hp_gain":5.0,"max_hp_loss":0.0,"gold_gain":0.0,"event_name":"Big Fish","player_choice":"Donut","floor":14.0,"gold_loss":0.0,"damage_taken":0.0}],"is_beta":false,"boss_relics":[{"not_picked":["hubris:CrackedHourglass","hubris:TerracottaHorce"],"picked":"aspiration:IroncladSkillbook"},{"not_picked":["hubris:BlackHole","SacredBark"],"picked":"conspire:RoyalGoblet"}],"items_purged_floors":[],"is_endless":false,"potions_floor_spawned":[4,5,6,10,16,25,28,30,32,33,43],"killed_by":"3 Shapes","ascension_level":0}}