{"host":"obplhmlw33xb91v8","time":1611102944,"event":{"mods":["BaseMod","Block Reminder","Curses Come First","Dio Mod","Evolution","Friendly Minions","HololiveMod","Koishi","Minty Spire (QoL Compilation)","Quick Restart","Relic Stats","Shop Mod","Spicy Shops","StSLib","The IronCluck","The Servant 0.9.4","Uncapped","Waifu the Spire","Yakumo Yukari mod","Yohane!","Youmu??????","Yuyuko","egg"],"gold_per_floor":[117,133,233,247,258,258,268,282,282,282,307,320,349,364,364,364,364],"floor_reached":16,"language":"ENG","playtime":852,"items_purged":[],"score":106,"play_id":"13756d7c-8ad1-4f7c-bb69-7196c5559031","local_time":"20210119193544","is_ascension_mode":false,"campfire_choices":[{"data":"HumanGodSword","floor":6,"key":"SMITH"},{"floor":15,"key":"REST"}],"circlet_count":0,"master_deck":["Strike_YM","Strike_YM","Strike_YM","Strike_YM","Defend_YM","Defend_YM","Defend_YM","Defend_YM","SlashOfPresentWorld","WheelOfPainOfLivingAndDead","LifeCuttingSword","SwordOfBindingDesires","ObsessionSword","HumanGodSword+1","CrescentMoonSlash","HiganSword","HumanKnowledgeSword","StrangeHalfBody","TenKingsRetributionOnThePreta+1","TwoHundredYojanaInOneSlash+1"],"relics":["HalfPhantom","EVO:Axolotl","NeowsBlessing","Odd Mushroom","Molten Egg 2"],"acts_visited":["Exordium"],"potions_floor_usage":[14,14,14],"damage_taken":[{"damage":0,"enemies":"2 Louse","floor":1,"turns":2},{"damage":0,"enemies":"Cultist","floor":2,"turns":1},{"damage":0,"enemies":"Jaw Worm","floor":4,"turns":1},{"damage":7,"enemies":"Looter","floor":5,"turns":4},{"damage":5,"enemies":"3 Louse","floor":7,"turns":5},{"damage":12,"enemies":"Blue Slaver","floor":8,"turns":4},{"damage":28,"enemies":"The Mushroom Lair","floor":11,"turns":5},{"damage":0,"enemies":"Large Slime","floor":12,"turns":8},{"damage":30,"enemies":"Lagavulin","floor":13,"turns":8},{"damage":22,"enemies":"Gremlin Gang","floor":14,"turns":4},{"damage":30,"enemies":"Slime Boss","floor":16,"turns":3}],"seed_played":"6805544565917831916","potions_obtained":[{"floor":1,"key":"SneckoOil"},{"floor":2,"key":"Dexterity Potion"},{"floor":8,"key":"DistilledChaos"},{"floor":13,"key":"Regen Potion"}],"is_trial":false,"path_per_floor":["M","M","?","M","M","R","M","M","T","?","?","M","E","M","R","B"],"character_chosen":"YOUMU","items_purchased":[],"campfire_rested":1,"item_purchase_floors":[],"current_hp_per_floor":[75,75,75,75,68,68,63,51,51,75,47,47,17,7,29,0,0],"gold":364,"neow_bonus":"THREE_ENEMY_KILL","is_daily":false,"chose_seed":false,"campfire_upgraded":1,"win_rate":0.0,"timestamp":1611102944,"path_taken":["M","M","?","M","M","R","?","M","T","?","?","M","E","M","R","BOSS"],"items_purchased_type":[],"build_version":"2020-12-22","purchased_purges":0,"victory":false,"max_hp_per_floor":[75,75,75,75,75,75,75,75,75,75,75,75,75,75,75,75,75],"relic_stats":{"counters":[11,41],"obtain_stats":[{"NeowsBlessing":0,"HalfPhantom":0,"Molten Egg 2":13,"EVO:Axolotl":0,"Odd Mushroom":11},{"NeowsBlessing":0,"HalfPhantom":0,"Molten Egg 2":9,"EVO:Axolotl":0,"Odd Mushroom":7},{"NeowsBlessing":0,"HalfPhantom":0,"Molten Egg 2":34,"EVO:Axolotl":0,"Odd Mushroom":19}]},"card_choices":[{"not_picked":["SlashClearingTheSixSenses","HiganSword"],"picked":"LifeCuttingSword","floor":1},{"not_picked":["SwordExtraction","DispleasureOfTheSevenHakus"],"picked":"SwordOfBindingDesires","floor":2},{"not_picked":["HesitationCuttingSword","ConstancyOfTheConventionalTruth"],"picked":"ObsessionSword","floor":4},{"not_picked":["SwordExtraction","LifeCuttingSword"],"picked":"HumanGodSword","floor":5},{"not_picked":["DispleasureOfTheSevenHakus","SlashOfMeditation"],"picked":"CrescentMoonSlash","floor":7},{"not_picked":["BloodOfAsura","ConstancyOfTheConventionalTruth"],"picked":"HiganSword","floor":8},{"not_picked":["HiganSword","ThreeKonsSevenHakus"],"picked":"HumanKnowledgeSword","floor":11},{"not_picked":["HumanKnowledgeSword","ThoughtCuttingSword"],"picked":"StrangeHalfBody","floor":12},{"not_picked":["SwordExtraction","FlashingScatteredFlowers+1"],"picked":"TenKingsRetributionOnThePreta+1","floor":13},{"not_picked":["BloodOfAsura","ThreeKonsSevenHakus"],"picked":"TwoHundredYojanaInOneSlash+1","floor":14}],"player_experience":225496,"relics_obtained":[{"floor":11,"key":"Odd Mushroom"},{"floor":13,"key":"Molten Egg 2"}],"event_choices":[{"damage_healed":0,"gold_gain":100,"player_choice":"Gold","damage_taken":0,"max_hp_gain":0,"max_hp_loss":0,"event_name":"Wheel of Change","floor":3,"gold_loss":0},{"damage_healed":25,"gold_gain":0,"player_choice":"Banana","damage_taken":0,"max_hp_gain":0,"max_hp_loss":0,"event_name":"Big Fish","floor":10,"gold_loss":0},{"damage_healed":0,"gold_gain":0,"player_choice":"Fought Mushrooms","damage_taken":0,"max_hp_gain":0,"max_hp_loss":0,"event_name":"Mushrooms","floor":11,"gold_loss":0}],"is_beta":false,"boss_relics":[],"items_purged_floors":[],"is_endless":false,"potions_floor_spawned":[1,2,8,11,12,13],"killed_by":"Slime Boss","ascension_level":0}}