{"host":"ftbkoc3ruyyiy16n","time":1611104958,"event":{"mods":["AchievementEnabler","BaseMod","Colored Map","Colored Powertips","Downfall","Filter the Spire","Highlight Path","Minty Spire (QoL Compilation)","Permanent Neow","Quick Restart","Rare Cards Sparkle","Relic Stats","StSLib"],"gold_per_floor":[99,117,127,127,145,55,103,135,135,135,166,166,185,198,214,214,214,214],"floor_reached":16,"language":"ENG","playtime":1194,"items_purged":["downfall:Malfunctioning"],"score":112,"play_id":"bcb5b160-4a1c-4b02-964d-034548e9efcc","local_time":"20210120020918","is_ascension_mode":false,"campfire_choices":[{"floor":1,"key":"REST"},{"data":"champ:DeathBlow","floor":10,"key":"SMITH"}],"circlet_count":0,"master_deck":["champ:Strike+1","champ:Strike","champ:Strike","champ:Strike","champ:Defend","champ:Defend","champ:Defend+1","champ:Defend","champ:Execute","champ:Taunt+1","champ:DeathBlow+1","champ:BringItOn+1","champ:ShieldWall","champ:EnchantCrown+1","champ:CrookedStrike","Regret","champ:Shatter","champ:EnragedBash","champ:StanceDance"],"relics":["champ:ChampionCrown","Gambling Chip","Tiny Chest","Toy Ornithopter","War Paint","Sundial","GremlinMask"],"acts_visited":["Exordium"],"potions_floor_usage":[8,8,15,16,16],"damage_taken":[{"damage":17,"enemies":"Small Slimes","floor":2,"turns":5},{"damage":0,"enemies":"2 Louse","floor":3,"turns":2},{"damage":20,"enemies":"Cultist","floor":5,"turns":4},{"damage":40,"enemies":"downfall:FleeingMerchant","floor":6,"turns":4},{"damage":40,"enemies":"3 Sentries","floor":8,"turns":5},{"damage":42,"enemies":"Gremlin Nob","floor":11,"turns":3},{"damage":38,"enemies":"Large Slime","floor":13,"turns":7},{"damage":47,"enemies":"Exordium Wildlife","floor":14,"turns":4},{"damage":20,"enemies":"Lots of Slimes","floor":15,"turns":3},{"damage":70,"enemies":"SI_SHIV_ARCHETYPE","floor":16,"turns":8}],"seed_played":"2844725116992721272","potions_obtained":[{"floor":2,"key":"SkillPotion"},{"floor":5,"key":"ColorlessPotion"},{"floor":8,"key":"champ:TechniquePotion"},{"floor":14,"key":"SteroidPotion"},{"floor":15,"key":"BlessingOfTheForge"}],"is_trial":false,"path_per_floor":["R","M","M","?","M","$","T","E","?","R","E","?","M","M","M","B"],"character_chosen":"THE_CHAMP","items_purchased":[],"campfire_rested":1,"item_purchase_floors":[],"current_hp_per_floor":[90,83,83,83,83,83,83,63,63,63,46,46,43,26,26,0,0,0],"gold":214,"neow_bonus":"ONE_RARE_RELIC","is_daily":false,"chose_seed":false,"campfire_upgraded":1,"win_rate":0.0,"timestamp":1611104958,"path_taken":["R","M","M","?","M","$","T","E","?","R","E","?","M","?","M","BOSS"],"items_purchased_type":[],"build_version":"2020-12-22","purchased_purges":1,"victory":false,"max_hp_per_floor":[90,90,90,90,90,90,90,90,90,90,90,90,90,90,90,90,90,90],"relic_stats":{"counters":[10,45],"Sundial":[4],"Gambling Chip":[27],"Tiny Chest":0,"War Paint":["champ:Taunt","champ:EnchantCrown"],"obtain_stats":[{"Sundial":11,"Gambling Chip":0,"champ:ChampionCrown":0,"Tiny Chest":7,"GremlinMask":12,"War Paint":9,"Toy Ornithopter":8},{"Sundial":6,"Gambling Chip":0,"champ:ChampionCrown":0,"Tiny Chest":4,"GremlinMask":6,"War Paint":5,"Toy Ornithopter":5},{"Sundial":23,"Gambling Chip":0,"champ:ChampionCrown":0,"Tiny Chest":15,"GremlinMask":23,"War Paint":20,"Toy Ornithopter":20}],"Toy Ornithopter":15},"card_choices":[{"not_picked":["champ:Lariat","champ:DefensiveStyle"],"picked":"champ:DeathBlow","floor":2},{"not_picked":["champ:Circumvent","champ:EnragedBash"],"picked":"champ:BringItOn","floor":3},{"not_picked":["champ:CrownThrow","champ:PreciseThrust"],"picked":"champ:ShieldWall","floor":5},{"not_picked":["champ:PreciseThrust","champ:DeathBlow"],"picked":"champ:EnchantCrown","floor":6},{"not_picked":["champ:Encircle","champ:FlashCut"],"picked":"champ:CrookedStrike","floor":8},{"not_picked":["champ:CalledShot","champ:FalseCounter"],"picked":"champ:Shatter","floor":11},{"not_picked":["champ:CrookedStrike","champ:RapidStrikes"],"picked":"champ:EnragedBash","floor":13},{"not_picked":["champ:RapidStrikes","champ:ViciousMockery"],"picked":"champ:StanceDance","floor":14},{"not_picked":["champ:CrownThrow","champ:Circumvent","champ:BladeFlurry"],"picked":"SKIP","floor":15}],"player_experience":304202,"relics_obtained":[{"floor":7,"key":"Tiny Chest"},{"floor":8,"key":"Toy Ornithopter"},{"floor":11,"key":"Sundial"}],"event_choices":[{"damage_healed":0,"gold_gain":0,"player_choice":"Box","damage_taken":0,"relics_obtained":["War Paint"],"max_hp_gain":0,"max_hp_loss":0,"event_name":"Big Fish","floor":9,"gold_loss":0,"cards_obtained":["Regret"]},{"damage_healed":0,"gold_gain":0,"player_choice":"Trade","damage_taken":0,"relics_obtained":["GremlinMask"],"max_hp_gain":0,"max_hp_loss":0,"event_name":"FaceTrader","floor":12,"gold_loss":0}],"is_beta":false,"boss_relics":[],"items_purged_floors":[6],"is_endless":false,"potions_floor_spawned":[2,5,8,14,15],"killed_by":"SI_SHIV_ARCHETYPE","ascension_level":0}}