{"host":"8v536rckjlpi3bq3","time":1611151502,"event":{"mods":["ATMod(阿瑾Mod)","Act Like it!","Aspiration","BaseMod","Colored Powertips","Conspire","Dota2Spire","Energized Spire","Gensokyo","Hallownest","HololiveMod","Jedi Mod","Koishi","KomeijiMod","Lobotomy","LobotomyExtend","Luminous","Marisa（F雨　魔理沙）","Minty Spire (QoL Compilation)","MostiFishMod","Relic Stats","Replay The Spire","Spicy Shops","StSLib","TestMod","The Blackbeard","The Hierophant","The Jungle","WarShipGirlsR/战舰少女R mod","Youmu（魂魄妖梦）","vexMod","【功能Mod】混沌之环修复补丁","【功能Mod】聪明的最终Boss","【角色mod】十八桐人","【遗物卡牌】REMEMod","篝火指南"],"gold_per_floor":[119,25,45,45,45,115,115,115],"floor_reached":7,"language":"ZHS","playtime":483,"items_purged":[],"score":124,"play_id":"bcecf160-6f47-47a3-869e-1a635c84ade3","local_time":"20210120220502","daily_mods":["Vintage","Colorless Cards","Heirloom","Time Dilation","Flight"],"is_ascension_mode":false,"campfire_choices":[],"circlet_count":0,"master_deck":["Koishi:BasicStrike","Koishi:BasicStrike","Koishi:BasicStrike","Koishi:BasicStrike","Koishi:BasicDefend","Koishi:BasicDefend","Koishi:BasicDefend","Koishi:BasicDefend","Koishi:Provoke","Koishi:HauntingSlash","BootSequence","AT_FamilyPortrait","Gensokyo:Shovel","Koishi:UnconsciousUprising","Koishi:StingingMind"],"relics":["Koishi:ImaginaryFriend","jedi:maincommand","DaveBox","replay:Trail_Library","REME_ComplimentaryCards","testmod-TestBox","AT_ATBox","Civilization","testmod-BatchProcessingSystem","BionicSphere","Ice Cream","SynthV:TestCard","hierophant:DonationBoxRelic","Frozen Egg 2","Replay:Bandana","Matryoshka"],"acts_visited":["Gensokyo:Gensokyo"],"potions_floor_usage":[],"damage_taken":[{"damage":0,"enemies":"Gensokyo:Gryphon","floor":1,"turns":3},{"damage":0,"enemies":"Gensokyo:3_Fairies","floor":3,"turns":4},{"damage":0,"enemies":"Gensokyo:Aya","floor":6,"turns":5},{"damage":0,"enemies":"Gensokyo:Mamizou","floor":7,"turns":1}],"seed_played":"6658533675119077829","potions_obtained":[{"floor":6,"key":"LiquidMemories"}],"is_trial":true,"path_per_floor":["M","COS","M","T","?","E","E"],"character_chosen":"KOISHI","items_purchased":[],"campfire_rested":0,"item_purchase_floors":[],"current_hp_per_floor":[61,61,62,62,62,64,64,64],"gold":115,"neow_bonus":"","is_daily":false,"chose_seed":false,"campfire_upgraded":0,"win_rate":0.0,"timestamp":1611151502,"path_taken":["M","COS","?","?","?","E","E"],"items_purchased_type":[],"build_version":"2020-12-22","purchased_purges":0,"victory":false,"max_hp_per_floor":[61,61,62,62,62,64,64,64],"relic_stats":{"counters":[3,12],"obtain_stats":[{"Ice Cream":1,"jedi:command_uncommon":3,"jedi:command_common":6,"testmod-TestBox":0,"AT_ATBox":0,"DaveBox":0,"testmod-BatchProcessingSystem":0,"jedi:command_rare":0,"Frozen Egg 2":4,"Civilization":0,"Replay:Bandana":6,"SynthV:TestCard":1,"Matryoshka":6,"BionicSphere":0,"hierophant:DonationBoxRelic":3,"jedi:maincommand":0,"Koishi:ImaginaryFriend":0,"replay:Trail_Library":0,"REME_ComplimentaryCards":0},{"Ice Cream":1,"jedi:command_uncommon":2,"jedi:command_common":3,"testmod-TestBox":0,"AT_ATBox":0,"DaveBox":0,"testmod-BatchProcessingSystem":0,"jedi:command_rare":0,"Frozen Egg 2":2,"Civilization":0,"Replay:Bandana":3,"SynthV:TestCard":1,"Matryoshka":3,"BionicSphere":0,"hierophant:DonationBoxRelic":2,"jedi:maincommand":0,"Koishi:ImaginaryFriend":0,"replay:Trail_Library":0,"REME_ComplimentaryCards":0},{"Ice Cream":3,"jedi:command_uncommon":7,"jedi:command_common":9,"testmod-TestBox":0,"AT_ATBox":0,"DaveBox":0,"testmod-BatchProcessingSystem":0,"jedi:command_rare":0,"Frozen Egg 2":7,"Civilization":0,"Replay:Bandana":9,"SynthV:TestCard":3,"Matryoshka":12,"BionicSphere":0,"hierophant:DonationBoxRelic":7,"jedi:maincommand":0,"Koishi:ImaginaryFriend":0,"replay:Trail_Library":0,"REME_ComplimentaryCards":0}]},"card_choices":[{"not_picked":["Dark Shackles","Koishi:Prune","Koishi:JumpScare","Mind Blast"],"picked":"Koishi:StingingMind","floor":6}],"player_experience":265081,"relics_obtained":[{"floor":1,"key":"jedi:command_rare"},{"floor":1,"key":"SynthV:TestCard"},{"floor":3,"key":"jedi:command_uncommon"},{"floor":4,"key":"jedi:command_uncommon"},{"floor":6,"key":"jedi:command_uncommon"}],"event_choices":[],"is_beta":false,"boss_relics":[],"items_purged_floors":[],"is_endless":true,"potions_floor_spawned":[6],"killed_by":"Gensokyo:Mamizou","ascension_level":0}}