{"host":"4cz9gr89nglr7k8k","time":1611172780,"event":{"mods":["BaseMod","Minty Spire (QoL Compilation)","Relic Stats","Slay-I"],"gold_per_floor":[118,20,31,31,31,47,75,91,91,91,91],"floor_reached":10,"language":"DEU","playtime":235,"items_purged":[],"score":136,"play_id":"f22bd6e9-c984-417a-a0c2-f8c456b8620e","local_time":"20210120205940","is_ascension_mode":true,"campfire_choices":[],"circlet_count":0,"master_deck":["AscendersBane","Strike_R","Strike_R","Strike_R","Strike_R","Strike_R","Defend_R","Defend_R","Defend_R","Bash","Pummel","Dramatic Entrance","Inflame","Pain","Clash","Offering"],"relics":["Burning Blood","NeowsBlessing","WarpedTongs","Ornamental Fan","InkBottle"],"acts_visited":["Exordium"],"potions_floor_usage":[10,10],"damage_taken":[{"damage":0,"enemies":"Cultist","floor":1,"turns":1},{"damage":0,"enemies":"Jaw Worm","floor":3,"turns":1},{"damage":0,"enemies":"Small Slimes","floor":6,"turns":1},{"damage":42,"enemies":"Lagavulin","floor":7,"turns":6},{"damage":8,"enemies":"Blue Slaver","floor":8,"turns":2},{"damage":38,"enemies":"3 Sentries","floor":10,"turns":8}],"seed_played":"6316812331794690435","potions_obtained":[{"floor":6,"key":"Swift Potion"},{"floor":7,"key":"Weak Potion"},{"floor":8,"key":"DistilledChaos"}],"is_trial":false,"path_per_floor":["M","$","M","?","?","M","E","M","T","E"],"character_chosen":"IRONCLAD","items_purchased":["Dramatic Entrance"],"campfire_rested":0,"item_purchase_floors":[2],"current_hp_per_floor":[74,74,75,68,68,74,38,36,36,0,0],"gold":91,"neow_bonus":"THREE_ENEMY_KILL","is_daily":false,"chose_seed":false,"campfire_upgraded":0,"win_rate":0.0,"timestamp":1611172780,"path_taken":["M","$","?","?","?","?","E","M","T","E"],"items_purchased_type":["Card"],"build_version":"2020-12-22","purchased_purges":0,"victory":false,"max_hp_per_floor":[75,75,75,75,75,75,75,75,75,75,75],"relic_stats":{"counters":[6,19],"Ornamental Fan":[8],"obtain_stats":[{"NeowsBlessing":0,"Ornamental Fan":7,"Burning Blood":0,"InkBottle":9,"WarpedTongs":5},{"NeowsBlessing":0,"Ornamental Fan":4,"Burning Blood":0,"InkBottle":5,"WarpedTongs":2},{"NeowsBlessing":0,"Ornamental Fan":9,"Burning Blood":0,"InkBottle":11,"WarpedTongs":2}],"Burning Blood":25,"InkBottle":[1],"WarpedTongs":[16]},"card_choices":[{"not_picked":["Heavy Blade","Armaments"],"picked":"Pummel","floor":1},{"not_picked":["Seeing Red","Pommel Strike"],"picked":"Inflame","floor":3},{"not_picked":["Bloodletting","Thunderclap"],"picked":"Clash","floor":6},{"not_picked":["Armaments","Headbutt"],"picked":"Offering","floor":7},{"not_picked":["Burning Pact","Havoc","Warcry"],"picked":"SKIP","floor":8}],"player_experience":1512448,"relics_obtained":[{"floor":7,"key":"Ornamental Fan"},{"floor":9,"key":"InkBottle"}],"event_choices":[{"cards_removed":["Defend_R"],"damage_healed":0,"gold_gain":0,"player_choice":"Card Removal","damage_taken":7,"max_hp_gain":0,"max_hp_loss":0,"event_name":"Golden Wing","floor":4,"gold_loss":0},{"damage_healed":0,"gold_gain":0,"player_choice":"Rummage","damage_taken":0,"relics_obtained":["WarpedTongs"],"max_hp_gain":0,"max_hp_loss":0,"event_name":"Accursed Blacksmith","floor":5,"gold_loss":0,"cards_obtained":["Pain"]}],"is_beta":false,"boss_relics":[],"items_purged_floors":[],"is_endless":false,"potions_floor_spawned":[6,7,8],"killed_by":"3 Sentries","ascension_level":20}}