{"host":"3jpcvpprzj9sjffh","time":1611154204,"event":{"mods":["AchievementEnabler","BaseMod","Colored Map","Minty Spire (QoL Compilation)","Rare Cards Sparkle","SuperFastMode","everything is the same but u backflip on backflip"],"gold_per_floor":[111,122,122,138,63,91,103,115,150,174,186,213,7,23,23,118,118,137,153,153,53,65,65,78,95,95,95,95],"floor_reached":27,"language":"KOR","playtime":1037,"items_purged":["Defend_P","Defend_P"],"score":267,"play_id":"34322c4d-f9a4-46b8-bba3-ed81c82528d8","local_time":"20210120235004","is_ascension_mode":false,"campfire_choices":[{"data":"Vigilance","floor":8,"key":"SMITH"},{"data":"Judgement","floor":11,"key":"SMITH"},{"floor":15,"key":"REST"},{"floor":23,"key":"REST"}],"circlet_count":0,"master_deck":["Strike_P","Strike_P","Strike_P","Strike_P","Defend_P","Defend_P","Eruption+1","Vigilance+1","FlyingSleeves","FlurryOfBlows","Tantrum","Judgement+1","Crescendo","DeceiveReality","Vengeance","EmptyBody+1","DevaForm"],"relics":["PureWater","NeowsBlessing","MawBank","Akabeko","PreservedInsect","VioletLotus","TeardropLocket"],"acts_visited":["Exordium","TheCity"],"potions_floor_usage":[6,16,22,25],"damage_taken":[{"damage":0,"enemies":"Cultist","floor":1,"turns":1},{"damage":0,"enemies":"2 Louse","floor":2,"turns":1},{"damage":0,"enemies":"Small Slimes","floor":4,"turns":2},{"damage":17,"enemies":"3 Sentries","floor":6,"turns":7},{"damage":0,"enemies":"Looter","floor":10,"turns":1},{"damage":11,"enemies":"Lots of Slimes","floor":12,"turns":3},{"damage":0,"enemies":"2 Fungi Beasts","floor":14,"turns":2},{"damage":0,"enemies":"Slime Boss","floor":16,"turns":5},{"damage":19,"enemies":"Chosen","floor":18,"turns":5},{"damage":19,"enemies":"Shell Parasite","floor":19,"turns":3},{"damage":0,"enemies":"Centurion and Healer","floor":22,"turns":2},{"damage":0,"enemies":"3 Cultists","floor":24,"turns":4},{"damage":24,"enemies":"Sentry and Sphere","floor":25,"turns":4},{"damage":27,"enemies":"Gremlin Leader","floor":27,"turns":2}],"seed_played":"-3689540772295072699","potions_obtained":[{"floor":2,"key":"SmokeBomb"},{"floor":4,"key":"PowerPotion"},{"floor":10,"key":"Dexterity Potion"},{"floor":12,"key":"DistilledChaos"},{"floor":19,"key":"SteroidPotion"},{"floor":24,"key":"LiquidBronze"},{"floor":25,"key":"LiquidBronze"}],"is_trial":false,"path_per_floor":["M","M","?","M","$","E","?","R","T","M","R","M","$","M","R","B",null,"M","M","?","$","M","R","M","M","T","E"],"character_chosen":"WATCHER","items_purchased":["PreservedInsect","DeceiveReality"],"campfire_rested":2,"item_purchase_floors":[13,13],"current_hp_per_floor":[72,72,72,72,72,55,55,55,55,55,55,44,44,44,65,65,72,53,34,28,28,28,49,49,25,25,0,0],"gold":95,"neow_bonus":"THREE_ENEMY_KILL","is_daily":false,"chose_seed":false,"campfire_upgraded":2,"win_rate":0.0,"timestamp":1611154204,"path_taken":["M","M","?","?","?","E","?","R","T","?","R","M","$","M","R","BOSS","M","M","?","$","?","R","M","M","T","E"],"items_purchased_type":["Relic","Card"],"build_version":"2020-12-22","purchased_purges":2,"victory":false,"max_hp_per_floor":[72,72,72,72,72,72,72,72,72,72,72,72,72,72,72,72,72,72,72,72,72,72,72,72,72,72,72,72],"card_choices":[{"not_picked":["Consecrate","CrushJoints"],"picked":"FlyingSleeves","floor":1},{"not_picked":["Sanctity","Wallop"],"picked":"FlurryOfBlows","floor":2},{"not_picked":["Pray","PathToVictory"],"picked":"Tantrum","floor":4},{"not_picked":["Tantrum","FlurryOfBlows","PathToVictory"],"picked":"SKIP","floor":6},{"not_picked":["ForeignInfluence","Evaluate"],"picked":"Judgement","floor":10},{"not_picked":["Crescendo","FollowUp","Wallop"],"picked":"SKIP","floor":12},{"not_picked":["FollowUp","Wallop"],"picked":"Crescendo","floor":12},{"not_picked":["CutThroughFate","ThirdEye"],"picked":"Vengeance","floor":14},{"not_picked":["Halt","FlyingSleeves","Weave"],"picked":"SKIP","floor":18},{"not_picked":["JustLucky+1","PathToVictory"],"picked":"EmptyBody+1","floor":19},{"not_picked":["EmptyBody","ClearTheMind"],"picked":"DevaForm","floor":22},{"not_picked":["Halt","FollowUp","FlyingSleeves"],"picked":"SKIP","floor":24},{"not_picked":["JustLucky+1","SandsOfTime","Vengeance+1"],"picked":"SKIP","floor":25}],"player_experience":286719,"relics_obtained":[{"floor":6,"key":"MawBank"},{"floor":9,"key":"Akabeko"},{"floor":26,"key":"TeardropLocket"}],"event_choices":[{"damage_healed":0,"gold_gain":0,"player_choice":"Ignored","damage_taken":0,"max_hp_gain":0,"max_hp_loss":0,"event_name":"NoteForYourself","floor":3,"gold_loss":0},{"damage_healed":0,"gold_gain":0,"player_choice":"Upgraded","damage_taken":0,"max_hp_gain":0,"max_hp_loss":0,"event_name":"Upgrade Shrine","floor":7,"gold_loss":0,"cards_upgraded":["Eruption"]},{"damage_healed":0,"gold_gain":0,"player_choice":"","damage_taken":6,"max_hp_gain":0,"max_hp_loss":0,"event_name":"Knowing Skull","floor":20,"potions_obtained":[],"gold_loss":0,"cards_obtained":[]}],"is_beta":false,"boss_relics":[{"not_picked":["Coffee Dripper","HolyWater"],"picked":"VioletLotus"}],"items_purged_floors":[5,21],"is_endless":false,"potions_floor_spawned":[2,4,10,12,19,24,25],"killed_by":"Gremlin Leader","ascension_level":0}}