{"host":"jyuuog6ydc2s7nd8","time":1611127644,"event":{"mods":["BaseMod","Better Vampires","Minty Spire (QoL Compilation)","Shop Mod","StSLib","The Hierophant","The Servant 0.9.4","TheBandit","[IsaacMod]ÒÔÈö¼âËþ"],"gold_per_floor":[110,127,52,65,65,65,92,92,92,125,198,224,239,256,256,335,335,346,361,376,387,406,406,421,456,481,498,287,287,287,287],"floor_reached":30,"language":"ZHS","playtime":885,"items_purged":["Defend_R","Defend_R","Strike_R"],"score":748,"play_id":"0041002c-20c0-4864-988c-442c882ab6af","local_time":"20210120152724","is_ascension_mode":true,"campfire_choices":[{"data":"Perfected Strike","floor":6,"key":"SMITH"},{"data":"BloodyBrimstone","floor":8,"key":"SMITH"},{"data":"True Grit","floor":15,"key":"SMITH"},{"data":"Dark Embrace","floor":23,"key":"SMITH"},{"data":"Pommel Strike","floor":29,"key":"SMITH"}],"circlet_count":0,"master_deck":["AscendersBane","Strike_R","Strike_R+1","Strike_R","Strike_R+1","Bash","BloodyBrimstone+1","Power Through","Perfected Strike+1","Feel No Pain","True Grit+1","Rage","Bloodletting","Dark Embrace+1","Battle Trance","Pommel Strike+1"],"relics":["HushsDoor","Mark of Pain","PunchingBag","Question Card","The Courier","Red Skull","Whetstone","Empty Cage","GuppysCollar","SatanicBible","TheBean","Juzu Bracelet","Medical Kit"],"acts_visited":["Exordium","TheCity"],"potions_floor_usage":[7,13,20,22,30],"damage_taken":[{"damage":2,"enemies":"Cultist","floor":1,"turns":4},{"damage":1,"enemies":"Jaw Worm","floor":2,"turns":5},{"damage":2,"enemies":"2 Louse","floor":4,"turns":5},{"damage":20,"enemies":"3 Sentries","floor":7,"turns":6},{"damage":7,"enemies":"Lagavulin","floor":10,"turns":5},{"damage":1,"enemies":"3 Sentries","floor":12,"turns":3},{"damage":0,"enemies":"Lots of Slimes","floor":13,"turns":3},{"damage":6,"enemies":"2 Fungi Beasts","floor":14,"turns":4},{"damage":0,"enemies":"Slime Boss","floor":16,"turns":5},{"damage":0,"enemies":"3 Byrds","floor":18,"turns":1},{"damage":1,"enemies":"Chosen","floor":19,"turns":5},{"damage":24,"enemies":"Snecko","floor":20,"turns":4},{"damage":0,"enemies":"Centurion and Healer","floor":21,"turns":4},{"damage":0,"enemies":"Sentry and Sphere","floor":22,"turns":1},{"damage":13,"enemies":"Snake Plant","floor":24,"turns":3},{"damage":0,"enemies":"Slavers","floor":25,"turns":3},{"damage":0,"enemies":"Centurion and Healer","floor":27,"turns":3},{"damage":6,"enemies":"Gremlin Leader","floor":30,"turns":4}],"seed_played":"2079374356475198634","potions_obtained":[{"floor":4,"key":"AttackPotion"},{"floor":10,"key":"BloodPotion"},{"floor":12,"key":"Explosive Potion"},{"floor":19,"key":"DuplicationPotion"},{"floor":21,"key":"Ancient Potion"},{"floor":22,"key":"Fruit Juice"},{"floor":27,"key":"SteroidPotion"}],"is_trial":false,"path_per_floor":["M","M","$","M","$","R","E","R","T","E","?","E","M","M","R","B",null,"M","M","M","M","M","R","M","E","T","M","$","R","E"],"character_chosen":"IRONCLAD","items_purchased":["GuppysCollar","SatanicBible","Medical Kit"],"campfire_rested":0,"item_purchase_floors":[17,17,28],"current_hp_per_floor":[66,65,65,63,63,63,43,43,43,36,21,20,20,14,14,14,32,32,31,14,14,19,19,6,6,6,6,6,6,0,0],"gold":287,"neow_bonus":"BOSS_RELIC","is_daily":false,"chose_seed":false,"campfire_upgraded":5,"win_rate":0.0,"timestamp":1611127644,"path_taken":["M","M","?","M","$","R","E","R","T","E","?","E","M","?","R","BOSS","M","M","?","M","M","R","M","E","T","M","$","R","E"],"items_purchased_type":["Relic","Relic","Relic"],"build_version":"2020-12-22","purchased_purges":3,"victory":false,"max_hp_per_floor":[75,75,75,75,75,75,75,75,75,72,72,69,69,69,69,66,38,35,35,35,32,34,34,31,31,31,31,31,31,31,31],"card_choices":[{"not_picked":[],"picked":"BloodyBrimstone","floor":0},{"not_picked":["Bomb","Combust"],"picked":"Power Through","floor":1},{"not_picked":["Heavy Blade","Flame Barrier","Thunderclap"],"picked":"SKIP","floor":2},{"not_picked":["Wild Strike","Shockwave"],"picked":"Perfected Strike","floor":4},{"not_picked":["Armaments","Pummel"],"picked":"Feel No Pain","floor":7},{"not_picked":["Armaments","Brutality","Wild Strike","Blood for Blood"],"picked":"SKIP","floor":10},{"not_picked":["Armaments","Uppercut","Iron Wave"],"picked":"True Grit","floor":12},{"not_picked":["Thunderclap","Reaper","Heavy Blade"],"picked":"Rage","floor":13},{"not_picked":["Clash","Twin Strike","Cleave"],"picked":"Bomb","floor":14},{"not_picked":["Intimidate+1","Shrug It Off","Flex+1"],"picked":"Bloodletting","floor":18},{"not_picked":["Spot Weakness","Shrug It Off","Warcry"],"picked":"Dark Embrace","floor":19},{"not_picked":["Anger","Combust","Brutality"],"picked":"Battle Trance","floor":20},{"not_picked":["Inflame+1","Headbutt","Havoc"],"picked":"Pommel Strike","floor":21},{"not_picked":["True Grit","Clash","Infernal Blade","Headbutt"],"picked":"SKIP","floor":22},{"not_picked":["Rampage","Clothesline","Flex","Uppercut"],"picked":"SKIP","floor":24},{"not_picked":["Bludgeon","Wild Strike","Pommel Strike","Havoc"],"picked":"SKIP","floor":25},{"not_picked":["Cleave","Twin Strike","Anger","Havoc"],"picked":"SKIP","floor":27}],"player_experience":1856551,"relics_obtained":[{"floor":7,"key":"Question Card"},{"floor":9,"key":"The Courier"},{"floor":10,"key":"Red Skull"},{"floor":12,"key":"Whetstone"},{"floor":25,"key":"TheBean"},{"floor":26,"key":"Juzu Bracelet"}],"event_choices":[],"is_beta":false,"boss_relics":[{"not_picked":["Runic Dome","Snecko Eye"],"picked":"Empty Cage"},{"not_picked":[]}],"items_purged_floors":[3,17,28],"is_endless":false,"potions_floor_spawned":[4,10,12,19,21,22,27],"killed_by":"Gremlin Leader","ascension_level":20}}