{"host":"s94qw0zkfz86dnmr","time":1611134255,"event":{"mods":["AchievementEnabler","BaseMod","Highlight Path","Minty Spire (QoL Compilation)"],"gold_per_floor":[110,110,110,71,80,80,119,119,119,145,145,172,172,192,192,299,299,311,58,51,62,116,158,158,170,197,221,230,230,256,290,290,402,429,443,471,489,8,25,25,34,75,102,102,128,128,182,195,195,195,195],"floor_reached":50,"language":"POL","playtime":2321,"items_purged":["Strike_G","Endless Agony+1"],"score":649,"play_id":"f28f7958-a003-44d5-b6eb-40989b457823","local_time":"20210120101735","is_ascension_mode":true,"campfire_choices":[{"data":"Well Laid Plans","floor":6.0,"key":"SMITH"},{"data":"Survivor","floor":8.0,"key":"SMITH"},{"floor":11.0,"key":"RECALL"},{"data":"Well Laid Plans","floor":15.0,"key":"SMITH"},{"data":"Accuracy","floor":24.0,"key":"SMITH"},{"floor":29.0,"key":"REST"},{"floor":32.0,"key":"REST"},{"floor":40.0,"key":"REST"},{"floor":44.0,"key":"REST"},{"data":"A Thousand Cuts","floor":46.0,"key":"SMITH"},{"data":"Accuracy","floor":49.0,"key":"SMITH"}],"circlet_count":0,"master_deck":["Defend_G","Defend_G","Defend_G+1","Defend_G+1","Defend_G","Survivor+1","Neutralize+1","Well Laid Plans+1","Blade Dance+1","Blade Dance+1","Well Laid Plans+1","After Image","Apotheosis+1","Bouncing Flask+1","Accuracy+1","Catalyst+1","Deadly Poison+1","Accuracy+1","A Thousand Cuts+1","Terror+1","Backflip+1","Deadly Poison+1","Madness+1","Madness+1","Noxious Fumes","Finesse+1","Deadly Poison+1","Escape Plan+1"],"relics":["Ring of the Snake","NeowsBlessing","CeramicFish","Toxic Egg 2","Pear","Orichalcum","Empty Cage","Toy Ornithopter","The Courier","Snake Skull","Shuriken","Astrolabe","CaptainsWheel","Vajra","Meat on the Bone","Bronze Scales","War Paint"],"acts_visited":["Exordium","TheCity","TheBeyond"],"potions_floor_usage":[],"damage_taken":[{"damage":0.0,"enemies":"Cultist","floor":1.0,"turns":1.0},{"damage":0.0,"enemies":"3 Sentries","floor":7.0,"turns":2.0},{"damage":0.0,"enemies":"Gremlin Nob","floor":10.0,"turns":1.0},{"damage":0.0,"enemies":"2 Louse","floor":12.0,"turns":2.0},{"damage":9.0,"enemies":"Jaw Worm","floor":14.0,"turns":2.0},{"damage":49.0,"enemies":"Slime Boss","floor":16.0,"turns":12.0},{"damage":0.0,"enemies":"3 Byrds","floor":18.0,"turns":6.0},{"damage":16.0,"enemies":"2 Thieves","floor":20.0,"turns":4.0},{"damage":9.0,"enemies":"Snecko","floor":21.0,"turns":5.0},{"damage":25.0,"enemies":"Book of Stabbing","floor":23.0,"turns":6.0},{"damage":15.0,"enemies":"Snake Plant","floor":25.0,"turns":6.0},{"damage":3.0,"enemies":"Chosen and Byrds","floor":27.0,"turns":6.0},{"damage":6.0,"enemies":"Cultist and Chosen","floor":30.0,"turns":6.0},{"damage":33.0,"enemies":"Slavers","floor":31.0,"turns":5.0},{"damage":13.0,"enemies":"Champ","floor":33.0,"turns":7.0},{"damage":0.0,"enemies":"3 Shapes","floor":35.0,"turns":5.0},{"damage":18.0,"enemies":"3 Darklings","floor":36.0,"turns":5.0},{"damage":19.0,"enemies":"Jaw Worm Horde","floor":39.0,"turns":4.0},{"damage":0.0,"enemies":"Giant Head","floor":42.0,"turns":5.0},{"damage":8.0,"enemies":"Sphere and 2 Shapes","floor":45.0,"turns":4.0},{"damage":1.0,"enemies":"4 Shapes","floor":48.0,"turns":6.0},{"damage":79,"enemies":"Awakened One","floor":50,"turns":4}],"seed_played":"7304546709082684185","potions_obtained":[{"floor":7.0,"key":"GamblersBrew"},{"floor":10.0,"key":"LiquidMemories"},{"floor":16.0,"key":"Strength Potion"},{"floor":21.0,"key":"Explosive Potion"},{"floor":23.0,"key":"Energy Potion"},{"floor":30.0,"key":"Strength Potion"},{"floor":31.0,"key":"Swift Potion"},{"floor":48.0,"key":"LiquidMemories"}],"is_trial":false,"path_per_floor":["M","$","?","$","?","R","E","R","T","E","R","M","T","M","R","B",null,"M","$","M","M","T","E","R","M","T","M","?","R","M","E","R","B",null,"M","M","?","$","M","R","?","E","T","R","M","R","T","M","R","B"],"character_chosen":"THE_SILENT","items_purchased":["Well Laid Plans","Apotheosis+1","Noxious Fumes","CaptainsWheel","Vajra"],"campfire_rested":4,"item_purchase_floors":[4,19,38,38,38],"current_hp_per_floor":[70,70,70,70,70,70,70,70,80,80,80,80,80,71,71,22,80,80,80,64,55,55,30,30,15,15,12,12,36,30,2,26,13,80,80,62,52,52,33,57,57,62,62,80,72,72,72,71,71,0,0],"gold":195,"neow_bonus":"THREE_ENEMY_KILL","is_daily":false,"chose_seed":false,"campfire_upgraded":6,"win_rate":0.0,"timestamp":1611134255,"path_taken":["M","?","?","$","?","R","E","R","T","E","R","M","?","M","R","BOSS","M","$","M","M","?","E","R","M","T","M","?","R","M","E","R","BOSS","M","M","?","$","M","R","?","E","T","R","M","R","?","?","R","BOSS"],"items_purchased_type":["Card","Card","Card","Relic","Relic"],"build_version":"2020-12-22","purchased_purges":2,"victory":false,"max_hp_per_floor":[70,70,70,70,70,70,70,70,80,80,80,80,80,80,80,80,80,80,80,80,80,80,80,80,80,80,80,80,80,80,80,80,80,80,80,80,80,80,80,80,80,80,80,80,80,80,80,80,80,80,80],"card_choices":[{"not_picked":["Bane","Dagger Throw","Dagger Spray"],"picked":"SKIP","floor":1.0},{"not_picked":["Poisoned Stab","Deflect+1"],"picked":"Blade Dance+1","floor":7.0},{"not_picked":["Expertise+1","Sucker Punch","Endless Agony"],"picked":"SKIP","floor":10.0},{"not_picked":["Backflip+1","Bane"],"picked":"Blade Dance+1","floor":12.0},{"not_picked":["Dagger Spray","Underhanded Strike"],"picked":"Well Laid Plans","floor":14.0},{"not_picked":["Glass Knife","Wraith Form v2"],"picked":"After Image","floor":16.0},{"not_picked":["Predator","PiercingWail+1","Acrobatics+1"],"picked":"SKIP","floor":18.0},{"not_picked":["Heel Hook+1","Acrobatics+1"],"picked":"Bouncing Flask+1","floor":20.0},{"not_picked":["Deflect+1","Prepared+1","Deadly Poison+1"],"picked":"SKIP","floor":21.0},{"not_picked":["Sucker Punch+1","All Out Attack"],"picked":"Accuracy","floor":23.0},{"not_picked":["Cloak And Dagger+1","Die Die Die","PiercingWail+1"],"picked":"SKIP","floor":25.0},{"not_picked":["Bane","Prepared+1"],"picked":"Catalyst+1","floor":27.0},{"not_picked":["Flying Knee","Catalyst+1"],"picked":"Accuracy","floor":30.0},{"not_picked":["Glass Knife","Underhanded Strike","Burst+1"],"picked":"SKIP","floor":31.0},{"not_picked":["Tools of the Trade","Wraith Form v2"],"picked":"A Thousand Cuts","floor":33.0},{"not_picked":["Concentrate+1","Predator+1","Poisoned Stab"],"picked":"SKIP","floor":35.0},{"not_picked":["Prepared+1","PiercingWail+1"],"picked":"Deadly Poison+1","floor":36.0},{"not_picked":["Distraction+1","Sucker Punch","Slice"],"picked":"SKIP","floor":39.0},{"not_picked":["Discovery+1","Flash of Steel"],"picked":"Finesse+1","floor":41.0},{"not_picked":["Choke+1","Eviscerate"],"picked":"Deadly Poison+1","floor":42.0},{"not_picked":["Slice+1","Skewer"],"picked":"Escape Plan+1","floor":45.0},{"not_picked":["Bane","Underhanded Strike+1","Dagger Spray+1"],"picked":"SKIP","floor":48.0}],"player_experience":274137,"relics_obtained":[{"floor":7.0,"key":"Toxic Egg 2"},{"floor":9.0,"key":"Pear"},{"floor":10.0,"key":"Orichalcum"},{"floor":22.0,"key":"Toy Ornithopter"},{"floor":23.0,"key":"The Courier"},{"floor":26.0,"key":"Snake Skull"},{"floor":31.0,"key":"Shuriken"},{"floor":42.0,"key":"Meat on the Bone"},{"floor":43.0,"key":"Bronze Scales"},{"floor":47.0,"key":"War Paint"}],"event_choices":[{"damage_healed":0.0,"max_hp_gain":0.0,"max_hp_loss":0.0,"gold_gain":0.0,"event_name":"Living Wall","player_choice":"Grow","floor":3.0,"gold_loss":0.0,"damage_taken":0.0,"cards_upgraded":["Neutralize"]},{"damage_healed":0.0,"max_hp_gain":0.0,"max_hp_loss":0.0,"gold_gain":0.0,"event_name":"Big Fish","player_choice":"Box","floor":5.0,"gold_loss":0.0,"damage_taken":0.0,"relics_obtained":["CeramicFish"],"cards_obtained":["Regret"]},{"damage_healed":0.0,"max_hp_gain":0.0,"max_hp_loss":0.0,"gold_gain":0.0,"event_name":"The Library","player_choice":"Read","floor":28.0,"gold_loss":0.0,"damage_taken":0.0,"cards_obtained":["Deadly Poison"]},{"damage_healed":0.0,"max_hp_gain":0.0,"max_hp_loss":0.0,"gold_gain":0.0,"event_name":"Winding Halls","player_choice":"Embrace Madness","floor":37.0,"gold_loss":0.0,"damage_taken":10.0,"cards_obtained":["Madness","Madness"]},{"damage_healed":0.0,"max_hp_gain":0.0,"max_hp_loss":0.0,"gold_gain":0.0,"event_name":"SensoryStone","player_choice":"Memory 1","floor":41.0,"gold_loss":0.0,"damage_taken":0.0}],"is_beta":false,"boss_relics":[{"not_picked":["Black Star","Coffee Dripper"],"picked":"Empty Cage"},{"not_picked":["Calling Bell","Runic Dome"],"picked":"Astrolabe"}],"items_purged_floors":[19,38],"is_endless":false,"potions_floor_spawned":[7,10,16,21,23,30,31,35,48],"killed_by":"Awakened One","ascension_level":1}}