{"host":"knspyp6dy614fx6e","time":1611110773,"event":{"mods":["BaseMod","Better Altar","Better Match","Better Note","Better Sensory Stone","Better Skull","Better Third Choice","DeckTracker","Minty Spire (QoL Compilation)","Quick Restart","Relic Stats","Spicy Shops","StSLib","Waifu the Spire"],"gold_per_floor":[110,121,171,188,188,188,217,228,282,317,317,349,349,87,87,163,163,175,185,203,203,217,217,234,234,258,258,276,301,314,326,326,399,399,415,431,509,521,521,521],"floor_reached":39,"language":"ZHS","playtime":1452,"items_purged":["Strike_R"],"score":855,"play_id":"6394d424-a61d-4e64-ac17-f1b2c90d47f4","local_time":"20210120104613","is_ascension_mode":true,"campfire_choices":[{"data":"Searing Blow","floor":6.0,"key":"SMITH"},{"data":"Searing Blow+1","floor":11.0,"key":"SMITH"},{"data":"Searing Blow+2","floor":15.0,"key":"SMITH"},{"data":"Evolve","floor":23.0,"key":"SMITH"},{"data":"Searing Blow+4","floor":25.0,"key":"SMITH"},{"data":"Searing Blow+5","floor":27.0,"key":"SMITH"},{"data":"Searing Blow+6","floor":32.0,"key":"SMITH"}],"circlet_count":0,"master_deck":["AscendersBane","Strike_R","Strike_R","Strike_R","Defend_R","Defend_R","Defend_R","Bash","Dropkick","Intimidate","Searing Blow+7","Thunderclap","Power Through","Pommel Strike","Fire Breathing","Sever Soul","Shrug It Off+1","Double Tap+1","Shockwave+1","Armaments+1","Evolve+1","Barricade","Pommel Strike+1"],"relics":["Burning Blood","InkBottle","Meat on the Bone","Oddly Smooth Stone","Toxic Egg 2","Happy Flower","Snecko Eye","Dream Catcher","Ancient Tea Set","Coffee Dripper","Bottled Tornado"],"acts_visited":["Exordium","TheCity","TheBeyond"],"potions_floor_usage":[38],"damage_taken":[{"damage":8.0,"enemies":"Jaw Worm","floor":1.0,"turns":4.0},{"damage":6.0,"enemies":"Cultist","floor":2.0,"turns":3.0},{"damage":6.0,"enemies":"Small Slimes","floor":4.0,"turns":4.0},{"damage":37.0,"enemies":"3 Sentries","floor":7.0,"turns":8.0},{"damage":14.0,"enemies":"Blue Slaver","floor":8.0,"turns":3.0},{"damage":15.0,"enemies":"Lagavulin","floor":10.0,"turns":4.0},{"damage":32.0,"enemies":"Gremlin Nob","floor":12.0,"turns":4.0},{"damage":25.0,"enemies":"The Guardian","floor":16.0,"turns":8.0},{"damage":6.0,"enemies":"2 Thieves","floor":18.0,"turns":2.0},{"damage":0.0,"enemies":"Chosen","floor":19.0,"turns":2.0},{"damage":45.0,"enemies":"Shelled Parasite and Fungi","floor":20.0,"turns":6.0},{"damage":10.0,"enemies":"Centurion and Healer","floor":22.0,"turns":5.0},{"damage":10.0,"enemies":"3 Cultists","floor":24.0,"turns":5.0},{"damage":0.0,"enemies":"Chosen and Byrds","floor":28.0,"turns":3.0},{"damage":10.0,"enemies":"Book of Stabbing","floor":29.0,"turns":2.0},{"damage":7.0,"enemies":"Snecko","floor":30.0,"turns":4.0},{"damage":0.0,"enemies":"Centurion and Healer","floor":31.0,"turns":3.0},{"damage":46.0,"enemies":"Champ","floor":33.0,"turns":5.0},{"damage":0.0,"enemies":"Orb Walker","floor":35.0,"turns":2.0},{"damage":34.0,"enemies":"3 Darklings","floor":36.0,"turns":5.0},{"damage":37,"enemies":"Jaw Worm Horde","floor":38,"turns":4},{"damage":47,"enemies":"2 Orb Walkers","floor":39,"turns":4}],"seed_played":"-8950484735750681240","potions_obtained":[{"floor":1.0,"key":"Ancient Potion"},{"floor":4.0,"key":"DistilledChaos"},{"floor":8.0,"key":"BlessingOfTheForge"},{"floor":12.0,"key":"Strength Potion"},{"floor":18.0,"key":"Weak Potion"},{"floor":20.0,"key":"Swift Potion"},{"floor":28.0,"key":"FearPotion"},{"floor":30.0,"key":"Strength Potion"},{"floor":33.0,"key":"BloodPotion"},{"floor":35.0,"key":"FearPotion"},{"floor":38,"key":"SteroidPotion"}],"is_trial":false,"path_per_floor":["M","M","?","M","T","R","E","M","T","E","R","E","?","$","R","B",null,"M","M","M","?","M","R","M","R","T","R","M","E","M","M","R","B",null,"M","M","T","M","?"],"character_chosen":"IRONCLAD","items_purchased":["Happy Flower","Shrug It Off+1"],"campfire_rested":0,"item_purchase_floors":[14,14],"current_hp_per_floor":[66,66,66,66,66,66,35,39,39,42,42,28,33,33,33,26,61,61,67,40,40,48,48,44,44,44,44,50,46,45,51,51,23,61,67,51,51,46,0,0],"gold":521,"neow_bonus":"TRANSFORM_TWO_CARDS","is_daily":false,"chose_seed":false,"campfire_upgraded":7,"win_rate":0.0,"timestamp":1611110773,"path_taken":["M","M","?","?","?","R","E","?","T","E","R","E","?","$","R","BOSS","M","M","M","?","?","R","M","R","T","R","M","E","M","M","R","BOSS","M","M","?","M","?"],"items_purchased_type":["Relic","Card"],"build_version":"2020-12-22","purchased_purges":1,"victory":false,"max_hp_per_floor":[68,68,68,68,68,68,68,68,68,68,68,68,73,73,73,73,73,73,73,73,73,73,73,73,73,73,73,73,73,73,73,73,73,73,73,73,73,73,73,73],"relic_stats":{"Dream Catcher":0,"Happy Flower":[20],"counters":[22,90],"Snecko Eye":[77,97,110,116],"obtain_stats":[{"Dream Catcher":26,"Happy Flower":14,"Oddly Smooth Stone":10,"Snecko Eye":17,"Coffee Dripper":34,"Toxic Egg 2":12,"Bottled Tornado":37,"Ancient Tea Set":29,"Burning Blood":0,"InkBottle":5,"Meat on the Bone":7},{"Dream Catcher":13,"Happy Flower":7,"Oddly Smooth Stone":6,"Snecko Eye":8,"Coffee Dripper":18,"Toxic Egg 2":7,"Bottled Tornado":20,"Ancient Tea Set":15,"Burning Blood":0,"InkBottle":3,"Meat on the Bone":4},{"Dream Catcher":58,"Happy Flower":30,"Oddly Smooth Stone":26,"Snecko Eye":38,"Coffee Dripper":75,"Toxic Egg 2":30,"Bottled Tornado":82,"Ancient Tea Set":63,"Burning Blood":0,"InkBottle":11,"Meat on the Bone":19}],"Burning Blood":126,"InkBottle":[23],"Meat on the Bone":108},"card_choices":[{"not_picked":["Twin Strike","Wild Strike"],"picked":"Searing Blow","floor":1.0},{"not_picked":["Warcry","Clothesline"],"picked":"Thunderclap","floor":2.0},{"not_picked":["Spot Weakness","Dual Wield","Intimidate"],"picked":"SKIP","floor":4.0},{"not_picked":["Feel No Pain","Offering"],"picked":"Power Through","floor":7.0},{"not_picked":["Clothesline","Thunderclap"],"picked":"Pommel Strike","floor":8.0},{"not_picked":["Warcry","Clash"],"picked":"Fire Breathing","floor":10.0},{"not_picked":["Berserk","Thunderclap"],"picked":"Sever Soul","floor":12.0},{"not_picked":["Limit Break+1","Corruption"],"picked":"Double Tap+1","floor":16.0},{"not_picked":["Twin Strike","Pommel Strike"],"picked":"Shockwave+1","floor":18.0},{"not_picked":["Rupture","Wild Strike"],"picked":"Armaments+1","floor":19.0},{"not_picked":["True Grit+1","Clash","Shockwave+1"],"picked":"SKIP","floor":20.0},{"not_picked":["Pommel Strike","Warcry+1"],"picked":"Evolve","floor":22.0},{"not_picked":["Rupture","Shrug It Off+1","Pummel"],"picked":"SKIP","floor":24.0},{"not_picked":["Iron Wave","Warcry+1","Anger"],"picked":"SKIP","floor":28.0},{"not_picked":["Headbutt","Perfected Strike","Body Slam"],"picked":"SKIP","floor":29.0},{"not_picked":["Heavy Blade","Inflame","Fiend Fire"],"picked":"SKIP","floor":30.0},{"not_picked":["Armaments+1","Anger","Hemokinesis"],"picked":"SKIP","floor":31.0},{"not_picked":["Demon Form","Feed"],"picked":"Barricade","floor":33.0},{"not_picked":["Headbutt","Flex+1","Intimidate+1"],"picked":"SKIP","floor":35.0},{"not_picked":["Infernal Blade+1","Iron Wave","Cleave"],"picked":"SKIP","floor":36.0},{"not_picked":["Headbutt+1","Sever Soul"],"picked":"Pommel Strike+1","floor":38}],"player_experience":248216,"relics_obtained":[{"floor":5.0,"key":"InkBottle"},{"floor":7.0,"key":"Meat on the Bone"},{"floor":10.0,"key":"Oddly Smooth Stone"},{"floor":12.0,"key":"Toxic Egg 2"},{"floor":26.0,"key":"Dream Catcher"},{"floor":29.0,"key":"Ancient Tea Set"},{"floor":37.0,"key":"Bottled Tornado"}],"event_choices":[{"damage_healed":0.0,"max_hp_gain":0.0,"max_hp_loss":0.0,"gold_gain":50.0,"event_name":"Golden Shrine","player_choice":"Pray","floor":3.0,"gold_loss":0.0,"damage_taken":0.0},{"damage_healed":0.0,"max_hp_gain":5.0,"max_hp_loss":0.0,"gold_gain":0.0,"event_name":"Big Fish","player_choice":"Donut","floor":13.0,"gold_loss":0.0,"damage_taken":0.0},{"damage_healed":0.0,"max_hp_gain":0.0,"max_hp_loss":0.0,"gold_gain":0.0,"event_name":"Upgrade Shrine","player_choice":"Upgraded","floor":21.0,"gold_loss":0.0,"damage_taken":0.0,"cards_upgraded":["Searing Blow"]},{"damage_healed":0,"gold_gain":0,"player_choice":"Fight","damage_taken":0,"max_hp_gain":0,"max_hp_loss":0,"event_name":"Mysterious Sphere","floor":39,"gold_loss":0}],"is_beta":false,"boss_relics":[{"not_picked":["Tiny House","Philosopher\u0027s Stone"],"picked":"Snecko Eye"},{"not_picked":["Calling Bell","Black Star"],"picked":"Coffee Dripper"}],"items_purged_floors":[14],"is_endless":false,"potions_floor_spawned":[1,4,8,12,18,20,28,30,33,35,38],"killed_by":"2 Orb Walkers","ascension_level":18}}