{"host":"xp5rvh2jwe2ejyfm","time":1611177953,"event":{"mods":["BaseMod","Downfall","Hermit","Minty Spire (QoL Compilation)","Robot Space Explorer","StSLib","The Clintock","The Construct","The Cursed","The Disciple","The Forsaken","The Hierophant","The Runesmith"],"gold_per_floor":[99,111,124,144,56,86,86,86,101,117,129,139,39,39,58,58,58,58],"floor_reached":16,"language":"ENG","playtime":784,"items_purged":[],"score":106,"play_id":"1b722d96-8721-437c-8d7f-53d21e9a1ad3","local_time":"20210120162553","is_ascension_mode":false,"campfire_choices":[{"floor":1,"key":"RECALL"},{"floor":8,"key":"REST"},{"data":"Guardian:GuardianWhirl","floor":13,"key":"SMITH"}],"circlet_count":0,"master_deck":["Guardian:Strike_Guardian","Guardian:Strike_Guardian","Guardian:Strike_Guardian","Guardian:Strike_Guardian","Guardian:Defend_Guardian","Guardian:Defend_Guardian","Guardian:Defend_Guardian","Guardian:Defend_Guardian","Guardian:CurlUp","Guardian:TwinSlam","Guardian:RollAttack","Guardian:SpikerProtocol","Guardian:Incinerate","Guardian:GuardianWhirl+1","Guardian:ShieldCharger","Guardian:FloatingOrbs","Guardian:PiercingHide","Guardian:ShieldSpikes"],"relics":["Guardian:ModeShifter","Meat on the Bone","downfall:HeartBlessingRed"],"acts_visited":["Exordium"],"potions_floor_usage":[],"damage_taken":[{"damage":5,"enemies":"Small Slimes","floor":2,"turns":3},{"damage":5,"enemies":"2 Louse","floor":3,"turns":2},{"damage":6,"enemies":"Jaw Worm","floor":4,"turns":4},{"damage":0,"enemies":"downfall:FleeingMerchant","floor":5,"turns":4},{"damage":62,"enemies":"Gremlin Nob","floor":6,"turns":7},{"damage":9,"enemies":"Gremlin Gang","floor":9,"turns":4},{"damage":4,"enemies":"2 Fungi Beasts","floor":10,"turns":3},{"damage":12,"enemies":"3 Louse","floor":11,"turns":2},{"damage":5,"enemies":"Exordium Wildlife","floor":12,"turns":3},{"damage":8,"enemies":"3 Louse","floor":15,"turns":3},{"damage":53,"enemies":"SI_SHIV_ARCHETYPE","floor":16,"turns":10}],"seed_played":"3200885891382003858","potions_obtained":[{"floor":9,"key":"Dexterity Potion"},{"floor":10,"key":"construct:ShiftPotion"},{"floor":11,"key":"Block Potion"},{"floor":12,"key":"bronze:BurnAndBuffPotion"}],"is_trial":false,"path_per_floor":["R","M","M","M","$","E","T","R","M","M","M","M","R","?","M","B"],"character_chosen":"GUARDIAN","items_purchased":["Guardian:SpikerProtocol"],"campfire_rested":1,"item_purchase_floors":[5],"current_hp_per_floor":[88,83,78,72,72,10,10,36,39,47,47,54,54,54,46,0,0,0],"gold":58,"neow_bonus":"TEN_PERCENT_HP_BONUS","is_daily":false,"chose_seed":false,"campfire_upgraded":1,"win_rate":0.0,"timestamp":1611177953,"path_taken":["R","M","M","M","$","E","T","R","M","M","M","M","R","?","M","BOSS"],"items_purchased_type":["Card"],"build_version":"2020-12-22","purchased_purges":0,"victory":false,"max_hp_per_floor":[88,88,88,88,88,88,88,88,88,88,88,88,88,88,88,88,88,88],"card_choices":[{"not_picked":["Guardian:CrystalBeam","Guardian:BodySlam"],"picked":"Guardian:RollAttack","floor":2},{"not_picked":["Guardian:Gem_Purple","Guardian:PiercingHide"],"picked":"Guardian:Gem_Red","floor":3},{"not_picked":["Guardian:TemporalShield","Guardian:ShieldCharger"],"picked":"Guardian:Gem_Yellow","floor":4},{"not_picked":["Guardian:Preprogram","Guardian:PrismaticBarrier"],"picked":"Guardian:Gem_Crimson","floor":5},{"not_picked":["Guardian:RefractedBeam","Guardian:TemporalShield"],"picked":"Guardian:Incinerate","floor":6},{"not_picked":["Guardian:Gem_Green","Guardian:ShieldCharger"],"picked":"Guardian:GuardianWhirl","floor":9},{"not_picked":["Guardian:Incinerate","Guardian:RollAttack"],"picked":"Guardian:ShieldCharger","floor":10},{"not_picked":["Guardian:WalkerClaw","Guardian:FastForward"],"picked":"Guardian:FloatingOrbs","floor":11},{"not_picked":["Guardian:Gem_Cyan","Guardian:Gem_Blue"],"picked":"Guardian:PiercingHide","floor":12},{"not_picked":["Guardian:Planning","Guardian:CrystalBeam"],"picked":"Guardian:ShieldSpikes","floor":15}],"player_experience":270259,"relics_obtained":[{"floor":6,"key":"Meat on the Bone"}],"event_choices":[],"is_beta":false,"boss_relics":[],"items_purged_floors":[],"is_endless":false,"potions_floor_spawned":[9,10,11,12],"killed_by":"SI_SHIV_ARCHETYPE","ascension_level":0}}