{"host":"l8k579n63ej0vska","time":1611168107,"event":{"mods":["BaseMod","Colored Map","Infinite Spire","Minty Spire (QoL Compilation)","Replay The Spire","StSLib","The Bug Knight"],"gold_per_floor":[112,15,31,31,41,41,61,77,77,2,2,12,26,41,41,144,144,158,158,158,248,4,4,35,35,35,51,86,86,86,97,97,199,199,229,263,296,296,296,296,329,379,453,453,514,514,561,561,561,699,699,751,807,379,406,406,453,453,453,453,1,1,13,33,39,39,131,231,248,248,297,297,297,297,319,374,374,419,419,458,514,514,514,629,629,570,570,608,147,256,256,291,325,348,370,408,408,408,438,438,545,545,593,593,543,543,584,648,648,695,695,763,763,603,652,684,684,812,812,863,922,986,986,1060,1060,1155,1223,1223,1303,1303,1314,1314,1410,1410,1543,1543,1650,1650,1754,1867,1867,1986,1986,993,993,1061,1061,1124,1124,1201,1201,1328,1328,1328,778,831,948],"floor_reached":158,"language":"ENG","playtime":7732,"items_purged":["Strike_R","Strike_R","Defend_R","Parasite","Looming Evil","Pain","Clumsy","Armaments+1","True Grit+1","Shrug It Off+1","Perfected Strike","Writhe"],"score":6787,"play_id":"6644379a-f85a-4206-8c74-b79a26fef4c5","local_time":"20210120194147","is_ascension_mode":true,"campfire_choices":[{"data":"Armaments","floor":6.0,"key":"SMITH"},{"floor":11.0,"key":"REST"},{"floor":15.0,"key":"REST"},{"floor":23.0,"key":"REST"},{"data":"infinitespire:OneForAll","floor":25.0,"key":"SMITH"},{"data":"Barricade","floor":29.0,"key":"SMITH"},{"data":"Berserk","floor":32.0,"key":"SMITH"},{"data":"Madness","floor":40.0,"key":"SMITH"},{"data":"infinitespire:NeuralNetwork","floor":44.0,"key":"SMITH"},{"data":"Berserk","floor":46.0,"key":"SMITH"},{"data":"Shrug It Off","floor":49.0,"key":"SMITH"},{"data":"True Grit","floor":58,"key":"SMITH"},{"floor":66,"key":"REST"},{"data":"Bash","floor":66,"key":"SMITH"},{"floor":74,"key":"REST"},{"data":"infinitespire:Collect","floor":74,"key":"SMITH"},{"data":"infinitespire:Fortify","floor":79,"key":"SMITH"},{"data":"Defend_R+1","floor":83,"key":"SMITH"},{"data":"infinitespire:TheBestDefense","floor":91,"key":"SMITH"},{"floor":97,"key":"REST"},{"data":"Demonic Infusion","floor":97,"key":"SMITH"},{"data":"Defend_R+2","floor":100,"key":"SMITH"},{"data":"Limit Break","floor":109,"key":"SMITH"},{"data":"Defend_R+3","floor":117,"key":"SMITH"},{"data":"Defend_R+4","floor":125,"key":"SMITH"},{"data":"Defend_R+4","floor":130,"key":"SMITH"},{"data":"Defend_R+5","floor":132,"key":"SMITH"},{"data":"Defend_R+5","floor":134,"key":"SMITH"},{"data":"Defend_R+6","floor":143,"key":"SMITH"},{"data":"Armaments","floor":147,"key":"PURGE"},{"data":"Clothesline","floor":151,"key":"PURGE"},{"data":"Voices","floor":154,"key":"PURGE"}],"circlet_count":1,"master_deck":["AscendersBane","Defend_R+7","Defend_R+6","Bash+1","Body Slam+1","infinitespire:OneForAll+1","Berserk+1","Barricade+1","Berserk+1","Body Slam+1","Body Slam+1","Madness+1","infinitespire:NeuralNetwork+1","Body Slam+1","infinitespire:Collect+1","infinitespire:Fortify+1","Demonic Infusion+1","infinitespire:TheBestDefense+1","Limit Break+1","Replay:Undeath\u0027s Touch","True Grit+1","Limit Break","Entrench"],"relics":["Runic Cube","Quantum Egg","infinitespire:WardingShard","Sozu","Replay:Drink Me","Lantern","Replay:Rubber Ducky","Pantograph","MutagenicStrength","infinitespire:EvilPickle","Philosopher\u0027s Stone","infinitespire:Eraser","InkBottle","Boot","Replay:Grab Bag","infinitespire:Cupcake","Cursed Key","SlaversCollar","ClockworkSouvenir","Replay:Baseball","Replay:Kaleidoscope","Thread and Needle","The Courier","infinitespire:Bottled Soul","infinitespire:Satchel","infinitespire:Magic Flask","Ginger","Replay:Wanted Poster","Circlet","infinitespire:PuzzleCube","WingedGreaves","Ancient Tea Set","Pocketwatch","Simple Rune","Replay:Mystery Machine","Busted Crown","War Paint","HollowMod:LifeEnderRelic","ReplayTheSpireMod:Ninjato","Incense Burner","Gremlin Food","Replay:Bottled Steam","Blue Candle","Singing Bowl","Honey Jar","Gremlin Horn","Red Mask","infinitespire:Lucky Rock","Lee\u0027s Waffle","Replay:WaspNest","Peace Pipe","Calipers","Kintsugi","Torii","Strawberry","Darkstone Periapt"],"acts_visited":["Exordium","TheCity","TheBeyond","Exordium","TheCity","TheBeyond","Exordium","TheCity","TheBeyond","TheEnding"],"potions_floor_usage":[157],"damage_taken":[{"damage":11.0,"enemies":"Jaw Worm","floor":1.0,"turns":4.0},{"damage":6.0,"enemies":"Cultist","floor":3.0,"turns":5.0},{"damage":3.0,"enemies":"2 Louse","floor":5.0,"turns":3.0},{"damage":11.0,"enemies":"Exordium Wildlife","floor":7.0,"turns":4.0},{"damage":14.0,"enemies":"Red Slaver","floor":8.0,"turns":5.0},{"damage":7.0,"enemies":"2 Fungi Beasts","floor":12.0,"turns":5.0},{"damage":8.0,"enemies":"Large Slime","floor":13.0,"turns":7.0},{"damage":8.0,"enemies":"Blue Slaver","floor":14.0,"turns":6.0},{"damage":48.0,"enemies":"The Guardian","floor":16.0,"turns":17.0},{"damage":30.0,"enemies":"Chosen","floor":18.0,"turns":7.0},{"damage":0.0,"enemies":"Nightmare","floor":24.0,"turns":4.0},{"damage":0.0,"enemies":"3 Cultists","floor":27.0,"turns":4.0},{"damage":0.0,"enemies":"Replay:Snechameleon","floor":28.0,"turns":3.0},{"damage":0.0,"enemies":"Cultist and Chosen","floor":31.0,"turns":3.0},{"damage":7.0,"enemies":"Pondfish","floor":33.0,"turns":6.0},{"damage":0.0,"enemies":"3 Shapes","floor":35.0,"turns":3.0},{"damage":0.0,"enemies":"3 Darklings","floor":36.0,"turns":3.0},{"damage":0.0,"enemies":"Writhing Mass","floor":37.0,"turns":3.0},{"damage":11.0,"enemies":"Maw","floor":41.0,"turns":4.0},{"damage":0.0,"enemies":"Reptomancer","floor":42.0,"turns":4.0},{"damage":0.0,"enemies":"Giant Head","floor":45.0,"turns":4.0},{"damage":3.0,"enemies":"Jaw Worm Horde","floor":47.0,"turns":4.0},{"damage":0.0,"enemies":"Time Eater","floor":50.0,"turns":3.0},{"damage":0.0,"enemies":"Small Slimes","floor":52.0,"turns":1.0},{"damage":0.0,"enemies":"Jaw Worm","floor":53.0,"turns":1.0},{"damage":0,"enemies":"Cultist","floor":55,"turns":2},{"damage":0,"enemies":"Lagavulin","floor":57,"turns":2},{"damage":7,"enemies":"Looter","floor":63,"turns":1},{"damage":11,"enemies":"Nightmare","floor":64,"turns":3},{"damage":2,"enemies":"Exordium Thugs","floor":65,"turns":2},{"damage":13,"enemies":"Slime Boss","floor":67,"turns":1},{"damage":8,"enemies":"3 Byrds","floor":69,"turns":2},{"damage":0,"enemies":"Nightmare","floor":75,"turns":3},{"damage":0,"enemies":"Replay:Snechameleon","floor":76,"turns":1},{"damage":0,"enemies":"HollowMod:Nosk","floor":78,"turns":1},{"damage":4,"enemies":"Chosen","floor":80,"turns":2},{"damage":0,"enemies":"Replay:Snechameleon","floor":81,"turns":1},{"damage":0,"enemies":"Champ","floor":84,"turns":2},{"damage":0,"enemies":"3 Shapes","floor":86,"turns":2},{"damage":0,"enemies":"Orb Walker","floor":88,"turns":2},{"damage":0,"enemies":"Nemesis","floor":92,"turns":1},{"damage":0,"enemies":"R_Hoarder","floor":93,"turns":3},{"damage":0,"enemies":"Maw","floor":95,"turns":2},{"damage":0,"enemies":"Reptomancer","floor":96,"turns":2},{"damage":0,"enemies":"Spire Growth","floor":99,"turns":1},{"damage":0,"enemies":"Awakened One","floor":101,"turns":3},{"damage":0,"enemies":"Cultist","floor":103,"turns":1},{"damage":0,"enemies":"2 Louse","floor":107,"turns":3},{"damage":0,"enemies":"HollowMod:MossKnight","floor":108,"turns":1},{"damage":0,"enemies":"Jaw Worm","floor":110,"turns":2},{"damage":0,"enemies":"Lagavulin","floor":112,"turns":2},{"damage":0,"enemies":"Blue Slaver","floor":115,"turns":2},{"damage":0,"enemies":"Lots of Slimes","floor":116,"turns":5},{"damage":0,"enemies":"The Guardian","floor":118,"turns":2},{"damage":0,"enemies":"3 Byrds","floor":120,"turns":2},{"damage":0,"enemies":"2 Thieves","floor":121,"turns":2},{"damage":0,"enemies":"Cultist and Chosen","floor":122,"turns":2},{"damage":0,"enemies":"Snake Plant","floor":124,"turns":1},{"damage":0,"enemies":"Gremlin Leader","floor":126,"turns":1},{"damage":0,"enemies":"3 Cultists","floor":127,"turns":4},{"damage":0,"enemies":"Chosen and Byrds","floor":129,"turns":3},{"damage":0,"enemies":"Masked Bandits","floor":131,"turns":2},{"damage":0,"enemies":"HollowMod:Nosk","floor":133,"turns":4},{"damage":0,"enemies":"infinitespire:LordOfFortification","floor":135,"turns":4},{"damage":0,"enemies":"Orb Walker","floor":137,"turns":2},{"damage":0,"enemies":"3 Darklings","floor":139,"turns":2},{"damage":0,"enemies":"Sphere and 2 Shapes","floor":140,"turns":2},{"damage":0,"enemies":"Maw","floor":142,"turns":2},{"damage":0,"enemies":"Spire Growth","floor":146,"turns":3},{"damage":0,"enemies":"Jaw Worm Horde","floor":148,"turns":2},{"damage":0,"enemies":"Giant Head","floor":150,"turns":3},{"damage":29,"enemies":"infinitespire:LordOfFortification","floor":152,"turns":4},{"damage":0,"enemies":"Shield and Spear","floor":156,"turns":3},{"damage":0,"enemies":"The Heart","floor":157,"turns":7}],"seed_played":"-472048140477889825","potions_obtained":[{"floor":3.0,"key":"PowerPotion"},{"floor":12.0,"key":"Elixir"},{"floor":16.0,"key":"EntropicBrew"}],"is_trial":false,"path_per_floor":["M","?","M","$","M","R","M","M","T","$","R","M","M","M","R","B",null,"M","AVR","?","?","$","R","NM","R","T","M","E","R","?","M","R","B",null,"M","M","M","?","?","R","M","E","T","R","E","R","M","?","R","B",null,"M","M","$","M","T","E","R","?","T","$","T","M","NM","M","R","B",null,"M","?","T","AVR","?","R","NM","E","T","E","R","M","E","?","R","B",null,"M","AVR","M","$","?","R","E","E","T","M","E","R","?","M","R","B",null,"M","?","?","AVR","M","E","R","M","T","E","T","$","M","M","R","B",null,"M","M","M","?","M","R","E","M","T","M","R","?","R","E","R","B",null,"M","?","M","M","?","M","R","$","T","M","R","M","?","E","R","B",null,"R","$","E","B",null],"character_chosen":"IRONCLAD","items_purchased":["Barricade","ClockworkSouvenir","Replay:Baseball","infinitespire:Bottled Soul","infinitespire:Satchel","War Paint","HollowMod:LifeEnderRelic","Lee\u0027s Waffle","Replay:WaspNest","Peace Pipe","Calipers","Torii","Strawberry"],"campfire_rested":6,"item_purchase_floors":[22,54,54,61,61,89,89,144,144,144,144,155,155],"current_hp_per_floor":[61,61,55,55,52,52,41,27,27,27,51,44,36,28,52,4,61,31,31,31,19,19,37,37,37,37,37,37,37,37,37,37,53,58,58,58,58,58,43,43,32,32,32,32,32,32,29,29,29,54,59,59,59,57,57,57,57,57,57,57,57,57,50,39,37,54,44,54,46,46,46,46,46,57,57,57,57,57,57,53,53,53,53,57,57,57,57,57,57,43,43,43,43,43,43,43,57,57,57,57,57,57,57,57,57,57,57,57,57,57,57,59,59,59,61,63,63,65,65,67,69,71,71,73,73,75,77,77,79,79,81,81,83,83,83,83,85,81,83,85,87,89,89,96,96,98,98,100,100,100,100,73,95,95,102,104,113],"gold":948,"neow_bonus":"BOSS_RELIC","is_daily":false,"chose_seed":false,"campfire_upgraded":23,"win_rate":0.0,"timestamp":1611168107,"path_taken":["M","?","?","?","M","R","M","M","T","$","R","?","M","M","R","BOSS","M","AVR","?","?","$","R","NM","R","T","?","E","R","?","M","R","BOSS","M","M","M","?","?","R","M","E","T","R","E","R","M","?","R","BOSS","M","M","$","M","?","E","R","?","T","?","?","?","NM","M","R","BOSS","M","?","?","AVR","?","R","NM","E","T","E","R","M","E","?","R","BOSS","M","AVR","M","$","?","R","E","E","T","M","E","R","?","?","R","BOSS","M","?","?","AVR","M","E","R","M","T","E","?","?","M","M","R","BOSS","M","M","M","?","M","R","E","M","T","?","R","?","R","E","R","BOSS","M","?","M","M","?","M","R","$","T","M","R","M","?","E","R","BOSS","R","$","E","BOSS"],"items_purchased_type":["Card","Relic","Relic","Relic","Relic","Relic","Relic","Relic","Relic","Relic","Relic","Relic","Relic"],"build_version":"2020-12-22","purchased_purges":12,"victory":true,"max_hp_per_floor":[80,80,80,80,80,80,80,80,80,80,80,80,80,80,80,80,80,80,60,60,60,60,60,60,60,60,60,60,60,60,60,60,60,60,60,60,60,60,60,60,60,60,60,60,60,60,60,60,60,60,60,60,60,57,57,57,57,57,57,57,57,57,57,57,57,57,57,57,57,57,57,57,57,57,57,57,57,57,57,57,57,57,57,57,57,57,57,57,57,57,57,57,57,57,57,57,57,57,57,57,57,57,57,57,57,57,57,57,57,57,57,59,59,59,61,63,63,65,65,67,69,71,71,73,73,75,77,77,79,79,81,81,83,83,83,83,85,81,83,85,87,89,89,96,96,98,98,100,100,100,100,102,102,102,109,111,113],"card_choices":[{"not_picked":["Heavy Blade","Headbutt"],"picked":"Body Slam","floor":1.0},{"not_picked":["Second Wind","Twin Strike","Run Through"],"picked":"SKIP","floor":3.0},{"not_picked":["Fire Breathing","ReplayTheSpireMod:LeadingStrike"],"picked":"Armaments","floor":5.0},{"not_picked":["Inflame","Flame Barrier","Wild Strike"],"picked":"SKIP","floor":7.0},{"not_picked":["Defy Death","ReplayTheSpireMod:Strike From Hell","Replay:Undeath\u0027s Touch"],"picked":"SKIP","floor":8.0},{"not_picked":["Shockwave","ReplayTheSpireMod:Muscle Training","Brutality"],"picked":"SKIP","floor":12.0},{"not_picked":["Battle Trance","Replay:Undeath\u0027s Touch"],"picked":"infinitespire:OneForAll","floor":13.0},{"not_picked":["Double Tap","Headbutt","Clothesline"],"picked":"SKIP","floor":14.0},{"not_picked":["Juggernaut","Bludgeon"],"picked":"Berserk","floor":16.0},{"not_picked":["True Grit","Thunderclap"],"picked":"Shrug It Off","floor":18.0},{"not_picked":["Run Through+1","Demon Form","Armaments"],"picked":"SKIP","floor":24.0},{"not_picked":["Clash+1","Flex","Power Through"],"picked":"SKIP","floor":27.0},{"not_picked":["Pommel Strike+1","Heavy Blade","Body Slam"],"picked":"SKIP","floor":28.0},{"not_picked":["Massacre","Pummel+1","Fire Breathing+1"],"picked":"SKIP","floor":31.0},{"not_picked":["Reaper","Replay:Many Hands"],"picked":"Berserk","floor":33.0},{"not_picked":["Sword Boomerang+1","Heavy Blade"],"picked":"Body Slam+1","floor":35.0},{"not_picked":["Iron Wave+1","Barricade","Sentinel"],"picked":"SKIP","floor":36.0},{"not_picked":["Headbutt","Armaments+1","Body Slam+1"],"picked":"SKIP","floor":37.0},{"not_picked":["Headbutt","Armaments+1"],"picked":"Body Slam+1","floor":37.0},{"not_picked":["Jack Of All Trades","Replay:Sssssssssshield"],"picked":"Madness","floor":38.0},{"not_picked":["infinitespire:UltimateForm","Replay:Fractal Strike"],"picked":"infinitespire:NeuralNetwork","floor":39.0},{"not_picked":["Replay:Undeath\u0027s Touch","Havoc","Combust"],"picked":"SKIP","floor":41.0},{"not_picked":["Bludgeon","Ghostly Armor","Havoc"],"picked":"SKIP","floor":42.0},{"not_picked":["Anger+1","Warcry+1","Heavy Blade+1"],"picked":"SKIP","floor":45.0},{"not_picked":["Iron Wave","Clothesline","Fire Breathing"],"picked":"SKIP","floor":47.0},{"not_picked":["Wild Strike","Headbutt","Warcry"],"picked":"SKIP","floor":52.0},{"not_picked":["Clothesline","Cleave","Sword Boomerang"],"picked":"SKIP","floor":53.0},{"not_picked":["Thunderclap","Twin Strike","Inflame"],"picked":"SKIP","floor":55},{"not_picked":["Heavy Blade","Anger"],"picked":"True Grit","floor":57},{"not_picked":["Anger","Perfected Strike","Cleave"],"picked":"SKIP","floor":63},{"not_picked":["Replay:Undeath\u0027s Touch","ReplayReversal","Clash"],"picked":"SKIP","floor":64},{"not_picked":["Heavy Blade","Thunderclap","Demon Form"],"picked":"SKIP","floor":65},{"not_picked":["ReplayTheSpireMod:Haul","ReplayTheSpireMod:Black Plague"],"picked":"infinitespire:Collect","floor":68},{"not_picked":["Uppercut","Hemokinesis+1","Headbutt+1"],"picked":"SKIP","floor":69},{"not_picked":["ReplayTheSpireMod:??????????????????????","infinitespire:FinalStrike"],"picked":"infinitespire:SealOfDarkness+","floor":75},{"not_picked":["Intimidate","ReplayTheSpireMod:Limb From Limb","Burning Pact"],"picked":"SKIP","floor":75},{"not_picked":["Pummel","Clash","Infernal Blade"],"picked":"SKIP","floor":76},{"not_picked":["Combust","Rampage+1","Body Slam+1"],"picked":"SKIP","floor":78},{"not_picked":["Shrug It Off","Clash+1","ReplayTheSpireMod:Muscle Training"],"picked":"SKIP","floor":80},{"not_picked":["Intimidate+1","Iron Wave","Rage+1"],"picked":"SKIP","floor":81},{"not_picked":["Double Tap","Demon Form"],"picked":"Demonic Infusion","floor":84},{"not_picked":["Evolve"],"picked":"SKIP","floor":86},{"not_picked":["Headbutt"],"picked":"SKIP","floor":88},{"not_picked":["Thunderclap+1"],"picked":"SKIP","floor":92},{"not_picked":["Combust+1"],"picked":"SKIP","floor":93},{"not_picked":["Warcry+1"],"picked":"SKIP","floor":95},{"not_picked":["True Grit"],"picked":"SKIP","floor":96},{"not_picked":["Reaper"],"picked":"SKIP","floor":99},{"not_picked":["Abandon"],"picked":"SKIP","floor":103},{"not_picked":["True Grit"],"picked":"SKIP","floor":107},{"not_picked":["True Grit"],"picked":"SKIP","floor":107},{"not_picked":[],"picked":"Limit Break","floor":108},{"not_picked":["Warcry"],"picked":"SKIP","floor":110},{"not_picked":["Juggernaut"],"picked":"Singing Bowl","floor":112},{"not_picked":["True Grit"],"picked":"Singing Bowl","floor":115},{"not_picked":["Fire Breathing"],"picked":"Singing Bowl","floor":116},{"not_picked":["Limit Break"],"picked":"Singing Bowl","floor":118},{"not_picked":["Rupture","Cleave"],"picked":"Singing Bowl","floor":120},{"not_picked":["Heavy Blade","Replay:Undeath\u0027s Touch"],"picked":"Singing Bowl","floor":121},{"not_picked":["Massacre+1","Warcry"],"picked":"Singing Bowl","floor":122},{"not_picked":["Thunderclap+1","Ghostly Armor"],"picked":"Singing Bowl","floor":124},{"not_picked":["Disarm","True Grit+1"],"picked":"Singing Bowl","floor":126},{"not_picked":["Headbutt","Sentinel"],"picked":"Singing Bowl","floor":127},{"not_picked":["Demon Form","Burning Pact"],"picked":"Singing Bowl","floor":129},{"not_picked":["Havoc","Perfected Strike"],"picked":"Singing Bowl","floor":131},{"not_picked":["Clothesline","Burning Pact"],"picked":"Singing Bowl","floor":133},{"not_picked":["Brutality"],"picked":"Limit Break","floor":135},{"not_picked":["Wild Strike+1","Armaments"],"picked":"Singing Bowl","floor":137},{"not_picked":["Shockwave","Run Through+1"],"picked":"Singing Bowl","floor":139},{"not_picked":["Searing Blow+1","Infernal Blade+1"],"picked":"Singing Bowl","floor":140},{"not_picked":["ReplayTheSpireMod:Trickstab","Flash of Steel"],"picked":"Singing Bowl","floor":141},{"not_picked":["Twin Strike+1","Evolve"],"picked":"Singing Bowl","floor":142},{"not_picked":["Heavy Blade","Reckless Charge+1"],"picked":"Singing Bowl","floor":146},{"not_picked":["Heavy Blade","Intimidate+1"],"picked":"Singing Bowl","floor":148},{"not_picked":["ReplayTheSpireMod:Strike From Hell+1"],"picked":"Entrench","floor":150},{"not_picked":["Bludgeon","Double Tap"],"picked":"Singing Bowl","floor":152},{"not_picked":["Metallicize","Sword Boomerang"],"picked":"Singing Bowl","floor":156},{"not_picked":["Limit Break","Impervious"],"picked":"Singing Bowl","floor":157}],"player_experience":1645722,"relics_obtained":[{"floor":9.0,"key":"infinitespire:WardingShard"},{"floor":24.0,"key":"Lantern"},{"floor":26.0,"key":"Replay:Rubber Ducky"},{"floor":28.0,"key":"Pantograph"},{"floor":42.0,"key":"infinitespire:Eraser"},{"floor":43.0,"key":"InkBottle"},{"floor":45.0,"key":"Boot"},{"floor":56,"key":"Replay:Kaleidoscope"},{"floor":57,"key":"Thread and Needle"},{"floor":60,"key":"The Courier"},{"floor":62,"key":"infinitespire:Magic Flask"},{"floor":64,"key":"Ginger"},{"floor":71,"key":"infinitespire:PuzzleCube"},{"floor":75,"key":"WingedGreaves"},{"floor":76,"key":"Ancient Tea Set"},{"floor":77,"key":"Pocketwatch"},{"floor":78,"key":"Simple Rune"},{"floor":81,"key":"Replay:Mystery Machine"},{"floor":92,"key":"ReplayTheSpireMod:Ninjato"},{"floor":93,"key":"Incense Burner"},{"floor":94,"key":"Gremlin Food"},{"floor":96,"key":"Replay:Bottled Steam"},{"floor":108,"key":"Blue Candle"},{"floor":112,"key":"Singing Bowl"},{"floor":126,"key":"Gremlin Horn"},{"floor":131,"key":"Red Mask"},{"floor":133,"key":"infinitespire:Lucky Rock"},{"floor":156,"key":"Darkstone Periapt"}],"event_choices":[{"damage_healed":0.0,"max_hp_gain":0.0,"max_hp_loss":0.0,"gold_gain":0.0,"event_name":"WeMeetAgain","player_choice":"Paid Gold","floor":2.0,"gold_loss":97.0,"damage_taken":0.0,"relics_obtained":["Quantum Egg"]},{"damage_healed":0.0,"max_hp_gain":0.0,"max_hp_loss":0.0,"gold_gain":90.0,"event_name":"Knowing Skull","player_choice":"GOLD ","floor":21.0,"potions_obtained":[],"gold_loss":0.0,"damage_taken":12.0,"cards_obtained":[]},{"damage_healed":0.0,"max_hp_gain":0.0,"max_hp_loss":0.0,"gold_gain":0.0,"event_name":"Drug Dealer","player_choice":"Inject Mutagens","floor":30.0,"gold_loss":0.0,"damage_taken":0.0,"relics_obtained":["MutagenicStrength"]},{"damage_healed":0.0,"max_hp_gain":0.0,"max_hp_loss":0.0,"gold_gain":0.0,"event_name":"SensoryStone","player_choice":"Memory 1","floor":38.0,"gold_loss":0.0,"damage_taken":0.0},{"damage_healed":0.0,"max_hp_gain":0.0,"max_hp_loss":0.0,"gold_gain":0.0,"event_name":"Upgrade Shrine","player_choice":"Upgraded","floor":48.0,"gold_loss":0.0,"damage_taken":0.0,"cards_upgraded":["Body Slam"]},{"damage_healed":0,"gold_gain":0,"player_choice":"Inject Mutagens","damage_taken":0,"relics_obtained":["Circlet"],"max_hp_gain":0,"max_hp_loss":0,"event_name":"Drug Dealer","floor":70,"gold_loss":0},{"cards_removed":["Doubt"],"damage_healed":0,"gold_gain":0,"player_choice":"Elegance","damage_taken":0,"max_hp_gain":0,"max_hp_loss":0,"event_name":"Back to Basics","floor":73,"gold_loss":0},{"damage_healed":0,"gold_gain":0,"player_choice":"Ignored","damage_taken":0,"max_hp_gain":0,"max_hp_loss":0,"event_name":"Ghosts","floor":82,"gold_loss":0},{"damage_healed":0,"gold_gain":0,"cards_transformed":["Decay"],"player_choice":"Transformed","damage_taken":0,"max_hp_gain":0,"max_hp_loss":0,"event_name":"Transmorgrifier","floor":98,"gold_loss":0,"cards_obtained":["Overencumbered"]},{"damage_healed":0,"gold_gain":0,"player_choice":"Ignored","damage_taken":0,"max_hp_gain":0,"max_hp_loss":0,"event_name":"Liars Game","floor":104,"gold_loss":0},{"cards_removed":["Overencumbered"],"damage_healed":0,"gold_gain":0,"player_choice":"Card Removal","damage_taken":0,"max_hp_gain":0,"max_hp_loss":0,"event_name":"The Cleric","floor":105,"gold_loss":50},{"damage_healed":0,"gold_gain":0,"player_choice":"Upgraded","damage_taken":0,"max_hp_gain":0,"max_hp_loss":0,"event_name":"Upgrade Shrine","floor":123,"gold_loss":0,"cards_upgraded":["Defend_R"]},{"damage_healed":0,"gold_gain":0,"player_choice":"Fought Bandits","damage_taken":0,"max_hp_gain":0,"max_hp_loss":0,"event_name":"Masked Bandits","floor":131,"gold_loss":0},{"damage_healed":0,"gold_gain":0,"player_choice":"Max HP","damage_taken":0,"max_hp_gain":0,"max_hp_loss":4,"event_name":"Winding Halls","floor":138,"gold_loss":0},{"damage_healed":0,"gold_gain":0,"player_choice":"Memory 1","damage_taken":0,"max_hp_gain":0,"max_hp_loss":0,"event_name":"SensoryStone","floor":141,"gold_loss":0},{"damage_healed":0,"gold_gain":0,"cards_transformed":["Demon Form"],"player_choice":"Transformed","damage_taken":0,"max_hp_gain":0,"max_hp_loss":0,"event_name":"Transmorgrifier","floor":149,"gold_loss":0,"cards_obtained":["Pommel Strike"]}],"is_beta":false,"boss_relics":[{"not_picked":["Astrolabe","Replay:Bronze Core"],"picked":"Sozu"},{"not_picked":["Snecko Heart","Electric Blood"],"picked":"Philosopher\u0027s Stone"},{"not_picked":["infinitespire:Burning Sword","Painkiller Herb"],"picked":"Replay:Grab Bag"},{"not_picked":["Runic Dome","Ooze Armor"],"picked":"infinitespire:Cupcake"},{"not_picked":["ReplayTheSpireMod:Onyx Gauntlets","Velvet Choker"],"picked":"Cursed Key"},{"not_picked":["Calling Bell","Empty Cage"],"picked":"SlaversCollar"},{"not_picked":["Honey Jar","Painkiller Herb"],"picked":"Replay:Wanted Poster"},{"not_picked":["Coffee Dripper","Calling Bell"],"picked":"Busted Crown"},{"not_picked":["Ooze Armor","ReplayTheSpireMod:DimensionalGlitch","Runic Dome"]},{"not_picked":["Velvet Choker","ReplayTheSpireMod:SealedPack"],"picked":"Honey Jar"},{"not_picked":[]},{"not_picked":["SacredBark","Snecko Eye"],"picked":"Kintsugi"}],"items_purged_floors":[10,19,22,54,61,72,87,89,106,114,144,155],"is_endless":true,"potions_floor_spawned":[3,12,16,18,27,33,35,41,45,47,52,53,63,78,80,84,88,93,95,96,103,110,115,116,118,121,122,131,133,135,139,142,146,150,152],"ascension_level":10}}