{"host":"npubv26u89aif4fa","time":1611130311,"event":{"mods":["Astrologer","BaseMod","Better Vampires","Better-Laid Plans","Colored Powertips","GifTheSpireLib","GungeonMod","HornydragonMod","Hubris","Jedi Mod","Minty Spire (QoL Compilation)","Quick Restart","Remilia（蕾米莉亚）","Replay The Spire","StSLib","Td1madao Mod","The Administrix","The Alterego","The Bug Knight","The Cursed","The Runesmith","Yuri Mod","残留之物"],"gold_per_floor":[119,131,184,195,205,205,231,245,245,262,295,26,52,227,227,331,331,346,365,377,411,411,443,455,455,455,207,241,241,241,241],"floor_reached":30,"language":"ZHS","playtime":2330,"items_purged":["alterego_mod:Strike","Doubt"],"score":356,"play_id":"4a540479-08ee-4b48-8ba5-afa307cd2e7e","local_time":"20210120161151","is_ascension_mode":true,"campfire_choices":[{"floor":6.0,"key":"RECALL"},{"data":"Apotheosis","floor":15,"key":"SMITH"},{"floor":25,"key":"REST"},{"data":"1","floor":29,"key":"LIFT"}],"circlet_count":0,"master_deck":["alterego_mod:Strike+1","alterego_mod:Strike+1","alterego_mod:Strike+1","alterego_mod:Defend+1","alterego_mod:Defend+1","alterego_mod:Defend+1","alterego_mod:Defend+1","alterego_mod:Impale","alterego_mod:BigMeatyClaws","alterego_mod:BrynhildrsRune","alterego_mod:Punishment","alterego_mod:Swimsuit","alterego_mod:Nekomimi","alterego_mod:RidiculouslyBig","alterego_mod:Mirror","alterego_mod:PurpleHair","alterego_mod:BoobPocket","alterego_mod:RocketPunch","alterego_mod:Clones","Apotheosis+1","alterego_mod:Lift","alterego_mod:Swimsuit+1","alterego_mod:RocketPunch+1","alterego_mod:SakuraPetals+1"],"relics":["alterego_mod:MasochisticConstitution","NeowsBlessing","Nunchaku","jedi:kaleidoscope","Molten Egg 2","jedi:archwizardhat","ChewingGum","Red Mask","Chameleon Ring","Girya","Replay:Rubber Ducky","Turnip"],"acts_visited":["Exordium","TheCity"],"potions_floor_usage":[20,28],"damage_taken":[{"damage":0.0,"enemies":"Jaw Worm","floor":1.0,"turns":1.0},{"damage":3.0,"enemies":"2 Louse","floor":2.0,"turns":2.0},{"damage":2.0,"enemies":"Cultist","floor":4.0,"turns":2.0},{"damage":10.0,"enemies":"Large Slime","floor":5.0,"turns":7.0},{"damage":1.0,"enemies":"HollowMod:MossKnight","floor":7.0,"turns":5.0},{"damage":1.0,"enemies":"Looter","floor":8.0,"turns":4.0},{"damage":1.0,"enemies":"2 Fungi Beasts","floor":10.0,"turns":3.0},{"damage":7.0,"enemies":"Replay:BlueRogue","floor":11.0,"turns":8.0},{"damage":17.0,"enemies":"3 Sentries","floor":13.0,"turns":4.0},{"damage":4,"enemies":"Fading Forest","floor":16,"turns":11},{"damage":1,"enemies":"3 Byrds","floor":18,"turns":7},{"damage":7,"enemies":"Chosen","floor":19,"turns":2},{"damage":15,"enemies":"Centurion and Healer","floor":20,"turns":5},{"damage":29,"enemies":"Masked Bandits","floor":21,"turns":4},{"damage":20,"enemies":"Slavers","floor":23,"turns":4},{"damage":11,"enemies":"Snecko","floor":24,"turns":4},{"damage":15,"enemies":"HollowMod:Nosk","floor":28,"turns":6},{"damage":30,"enemies":"Book of Stabbing","floor":30,"turns":3}],"seed_played":"-2390104260730925178","potions_obtained":[{"floor":3.0,"key":"ColorlessPotion"},{"floor":4.0,"key":"DistilledChaos"},{"floor":5.0,"key":"DistilledChaos"},{"floor":10.0,"key":"LiquidMemories"},{"floor":13.0,"key":"jedi:holywater"},{"floor":19,"key":"DemoMod:LeadSkinPotion"},{"floor":21,"key":"Strength Potion"}],"is_trial":false,"path_per_floor":["M","M","?","M","M","R","E","M","T","M","E","$","E","?","R","B",null,"M","M","M","?","?","E","M","R","T","$","E","R","E"],"character_chosen":"The_Alterego","items_purchased":["Apotheosis","Replay:Rubber Ducky"],"campfire_rested":1,"item_purchase_floors":[12,27],"current_hp_per_floor":[70,68,68,67,58,58,58,58,58,58,52,52,36,36,36,61,79,80,81,67,39,39,20,10,35,35,35,28,28,0,0],"gold":241,"neow_bonus":"THREE_ENEMY_KILL","is_daily":false,"chose_seed":false,"campfire_upgraded":1,"win_rate":0.0,"timestamp":1611130311,"path_taken":["M","M","?","?","?","R","E","M","T","M","E","$","E","?","R","BOSS","M","M","M","?","?","E","M","R","T","$","E","R","E"],"items_purchased_type":["Card","Relic"],"build_version":"2020-12-22","purchased_purges":2,"victory":false,"max_hp_per_floor":[70,71,71,72,73,73,74,75,75,76,77,77,78,78,78,79,79,80,81,82,83,83,84,85,85,85,85,86,86,86,86],"card_choices":[{"not_picked":["alterego_mod:MagicResistance","alterego_mod:Swimsuit"],"picked":"alterego_mod:Punishment","floor":1.0},{"not_picked":["alterego_mod:Rip","alterego_mod:Birthday"],"picked":"alterego_mod:Swimsuit","floor":2.0},{"not_picked":["alterego_mod:HighServant","alterego_mod:DeftHands"],"picked":"alterego_mod:Nekomimi","floor":3.0},{"not_picked":["alterego_mod:PresenceConcealment","alterego_mod:Cooking"],"picked":"alterego_mod:RidiculouslyBig","floor":3.0},{"not_picked":["alterego_mod:Bloomers","alterego_mod:Alter","alterego_mod:GoddessCore"],"picked":"SKIP","floor":4.0},{"not_picked":["alterego_mod:TrashNCrash","alterego_mod:Cycle"],"picked":"alterego_mod:Mirror","floor":5.0},{"not_picked":["alterego_mod:Skirt","alterego_mod:BiFurious"],"picked":"alterego_mod:PurpleHair","floor":7.0},{"not_picked":["alterego_mod:Birthday","alterego_mod:SuperDuperMasochism"],"picked":"alterego_mod:BoobPocket","floor":8.0},{"not_picked":["alterego_mod:TrashNCrash","alterego_mod:Birthday"],"picked":"alterego_mod:RocketPunch","floor":10.0},{"not_picked":["alterego_mod:Complex+1","alterego_mod:TrashNCrash"],"picked":"alterego_mod:Clones","floor":11.0},{"not_picked":["alterego_mod:Skirt+1","alterego_mod:DeftHands+1","alterego_mod:GoddessCore+1"],"picked":"SKIP","floor":13.0},{"not_picked":["alterego_mod:ClassAdvantage","alterego_mod:SideboobHour+1"],"picked":"alterego_mod:Lift","floor":16},{"not_picked":["alterego_mod:Maid+1","alterego_mod:Nekomimi"],"picked":"alterego_mod:Swimsuit+1","floor":18},{"not_picked":["alterego_mod:PerceptionDisorder","alterego_mod:BiFurious+1","alterego_mod:Table"],"picked":"SKIP","floor":19},{"not_picked":["alterego_mod:DiscoLights+1","alterego_mod:GoddessCore+1"],"picked":"alterego_mod:RocketPunch+1","floor":20},{"not_picked":["alterego_mod:Jiggle","alterego_mod:Mirror"],"picked":"alterego_mod:SakuraPetals+1","floor":23},{"not_picked":["alterego_mod:Bounce+1","alterego_mod:Jiggle+1","alterego_mod:Cooking"],"picked":"SKIP","floor":24},{"not_picked":["alterego_mod:PerceptionDisorder+1","alterego_mod:Palingenesis","alterego_mod:RidiculouslyBig"],"picked":"SKIP","floor":28}],"player_experience":322392,"relics_obtained":[{"floor":3.0,"key":"Nunchaku"},{"floor":7.0,"key":"jedi:kaleidoscope"},{"floor":11.0,"key":"Molten Egg 2"},{"floor":13.0,"key":"jedi:archwizardhat"},{"floor":21,"key":"Red Mask"},{"floor":23,"key":"Chameleon Ring"},{"floor":26,"key":"Girya"},{"floor":28,"key":"Turnip"}],"event_choices":[{"damage_healed":0.0,"max_hp_gain":0.0,"max_hp_loss":0.0,"gold_gain":175.0,"event_name":"Liars Game","player_choice":"AGREE","floor":14.0,"gold_loss":0.0,"damage_taken":0.0,"cards_obtained":["Doubt"]},{"damage_healed":0,"gold_gain":0,"player_choice":"Fought Bandits","damage_taken":0,"max_hp_gain":0,"max_hp_loss":0,"event_name":"Masked Bandits","floor":21,"gold_loss":0},{"damage_healed":0,"gold_gain":0,"player_choice":"Simplicity","damage_taken":0,"max_hp_gain":0,"max_hp_loss":0,"event_name":"Back to Basics","floor":22,"gold_loss":0,"cards_upgraded":["alterego_mod:Strike","alterego_mod:Strike","alterego_mod:Strike","alterego_mod:Defend","alterego_mod:Defend","alterego_mod:Defend","alterego_mod:Defend"]}],"is_beta":false,"boss_relics":[{"not_picked":["jedi:paperlyon","hubris:ScarierMask"],"picked":"ChewingGum"}],"items_purged_floors":[12,27],"is_endless":false,"potions_floor_spawned":[4,5,10,13,19,21,24],"killed_by":"Book of Stabbing","ascension_level":1}}