{"host":"66zjzolpvktctgu8","time":1611186590,"event":{"mods":["BaseMod","BetterRewards","Downfall","Duelist Mod","Friendly Minions","Hermit","Hubris","Marisa????????","Minty Spire (QoL Compilation)","READ ME - Guardian Mod","Remilia??????","Shop Mod","StSLib","Td1madao Mod","The Animator","The Bug Knight","The Construct","The Cursed","The Disciple","The Jungle","The Mystic","The Necromancer","The Runesmith","The Senshi","The Servant 0.9.4","[IsaacMod]????"],"gold_per_floor":[152,227,238,6,22,22,22],"floor_reached":6,"language":"ENG","playtime":793,"items_purged":[],"score":86,"play_id":"cb1a6e55-ceda-4ff6-8311-0141f7a915e9","local_time":"20210120194950","daily_mods":["Insanity","Chimera","Diverse","Colorless Cards","DeadlyEvents","Elite Swarm"],"is_ascension_mode":false,"campfire_choices":[],"circlet_count":0,"master_deck":["Bash","Survivor","Zap","Eruption","Strike_R","Strike_G","Strike_B","Defend_R","Defend_G","Defend_P","construct:CriticalHit","bronze:CutThrough","animator:Millim","theDuelist:Invigoration","hermit:HighCaliber","HollowMod:ShadowDash","theSenshi:SailorStarFighterAssists","BowlingBash","Runesmith:Repurpose","construct:ChargeShot","animator:SuzuneAmano","theDuelist:PowerWall","Reprogram","Chill","Reinforced Body","animator:IzunaHatsuse","sneckomod:DiceBlock","mysticmod:PunishingArmor","Replace","hermit:TakeCover","TheCursedMod:StingEye","animator:Berserker","Runesmith:Repurpose","animator:Elsword","animator:Illya","Evolve","sneckomod:UnknownClassDUELIST_CRC","Quick Slash","champ:DefensiveShout","theDuelist:DarkBurningAttack","sneckomod:UnknownClassTHE_BRONZE_AUTOMATON","HollowMod:FallenFury","WatchCommand","Runesmith:Empowerment","Streamline","animator:PandorasActor","TheCursedMod:CircleOfWindfury","sneckomod:DiceBlock","Steam Power","FollowUp","Runesmith:ElementalConversion","animator:GuildGirl","TheCursedMod:Stigma","HollowMod:HowlingWraiths","Recovery Mechanism","EmptyFist","bronze:Repulsor","Potential","Calculated Gamble","theSenshi:SailorVenusAssists","theDuelist:PsychicShockwave","theDuelist:ScrapFactory","theDuelist:AfterGenocide","MastersStateliness","Magnetism","theDuelist:MudragonSwamp"],"relics":["theDuelist:MillenniumPuzzle","theDuelist:CardPoolRelic","theDuelist:CardPoolBasicRelic","theDuelist:BoosterPackPoolRelic","theDuelist:CardPoolAddRelic","theDuelist:CardPoolMinusRelic","theDuelist:CardPoolSaveRelic","theDuelist:CardPoolOptionsRelic","HushsDoor","PunchingBag"],"acts_visited":["Exordium"],"potions_floor_usage":[],"damage_taken":[{"damage":0,"enemies":"Small Slimes","floor":1,"turns":4},{"damage":0,"enemies":"2 Louse","floor":3,"turns":2},{"damage":12,"enemies":"Jaw Worm","floor":5,"turns":6},{"damage":58,"enemies":"Gremlin Nob","floor":6,"turns":5}],"seed_played":"-8033170096497902660","potions_obtained":[{"floor":1,"key":"theDuelist:FlamingBottle"},{"floor":5,"key":"LiquidBronze"}],"is_trial":true,"path_per_floor":["M","?","M","$","M","E"],"character_chosen":"THE_DUELIST","items_purchased":["MastersStateliness","Magnetism"],"campfire_rested":0,"item_purchase_floors":[4,4],"current_hp_per_floor":[80,69,69,69,57,0,0],"gold":22,"neow_bonus":"","is_daily":false,"chose_seed":false,"campfire_upgraded":0,"win_rate":0.0,"timestamp":1611186590,"path_taken":["M","?","M","$","M","E"],"items_purchased_type":["Card","Card"],"build_version":"2020-12-22","purchased_purges":0,"victory":false,"max_hp_per_floor":[80,80,80,80,80,80,80],"card_choices":[{"not_picked":["theDuelist:Wiretap","theDuelist:PineappleBlast","theDuelist:SilverApples","theDuelist:WhiteHowling"],"picked":"theDuelist:PsychicShockwave","floor":0},{"not_picked":["theDuelist:CoreBlaster","theDuelist:PowerKaishin","theDuelist:RainbowNeos","theDuelist:FairyBox"],"picked":"theDuelist:ScrapFactory","floor":1},{"not_picked":["theDuelist:VenomShot","theDuelist:InfernoFireBlast","theDuelist:SevenCompleted","theDuelist:Wildfire"],"picked":"theDuelist:AfterGenocide","floor":3},{"not_picked":["theDuelist:EvilswarmHeliotrope","theDuelist:GraniteLoyalist","theDuelist:RainbowOverdragon","theDuelist:GauntletWarrior"],"picked":"theDuelist:MudragonSwamp","floor":5}],"player_experience":69993,"relics_obtained":[],"event_choices":[{"damage_healed":0,"gold_gain":75,"player_choice":"Gather Gold","damage_taken":11,"max_hp_gain":0,"max_hp_loss":0,"event_name":"World of Goop","floor":2,"gold_loss":0}],"is_beta":false,"boss_relics":[],"items_purged_floors":[],"is_endless":true,"potions_floor_spawned":[1,5],"killed_by":"Gremlin Nob","ascension_level":0}}