{"host":"49c2zf0lajbcs427","time":1611139633,"event":{"mods":["AchievementEnabler","BaseMod","Colored Map","Colored Powertips","Highlight Path","Key Reminder","Minty Spire (QoL Compilation)","Relic Stats","StSLib"],"gold_per_floor":[110,110,123,136,154,180,198,215,215,215,230,230,73,102,102,206,206,225,238,337,352,382,409,409,438,438,438,57,57,68,68,68,170,170,183,199,218,218,218,218,248,248,271,271,281,27,77,77,77,77,77,77,77,102,102],"floor_reached":56,"language":"ENG","playtime":3979,"items_purged":["Strike_B","Strike_B"],"score":1400,"play_id":"8b543b84-e14b-4cdb-88f7-fc4ec34e5e37","local_time":"20210120234713","is_ascension_mode":true,"campfire_choices":[{"data":"Loop","floor":12,"key":"SMITH"},{"floor":15,"key":"REST"},{"data":"Fission","floor":24,"key":"SMITH"},{"floor":27,"key":"REST"},{"data":"Defragment","floor":29,"key":"SMITH"},{"data":"Defragment","floor":32,"key":"SMITH"},{"data":"Capacitor","floor":40,"key":"SMITH"},{"data":"Rainbow","floor":42,"key":"SMITH"},{"data":"Seek","floor":44,"key":"SMITH"},{"floor":49,"key":"RECALL"},{"data":"Coolheaded","floor":52,"key":"SMITH"}],"circlet_count":0,"master_deck":["Strike_B","Strike_B","Defend_B","Defend_B","Defend_B","Zap","Dualcast","Loop+1","Turbo","Seek+1","Cold Snap","Capacitor+1","Ball Lightning","Hologram","Doom and Gloom","Fission+1","Hologram","Leap","Defragment+1","Defragment+1","Rainbow+1","Cold Snap","Coolheaded+1","Multi-Cast","Cold Snap+1","Recycle+1","Flash of Steel","Decay","Aggregate+1","Darkness"],"relics":["Runic Pyramid","Oddly Smooth Stone","Lizard Tail","Vajra","Pocketwatch","Sozu","Red Mask","Letter Opener","Turnip","DataDisk","Enchiridion","Philosopher\u0027s Stone","Omamori","HornCleat","Ginger","Meat on the Bone","Bag of Marbles"],"acts_visited":["Exordium","TheCity","TheBeyond","TheEnding"],"potions_floor_usage":[6,8,16,25],"damage_taken":[{"damage":0,"enemies":"Small Slimes","floor":1,"turns":4},{"damage":1,"enemies":"Cultist","floor":3,"turns":4},{"damage":3,"enemies":"2 Louse","floor":4,"turns":3},{"damage":7,"enemies":"Looter","floor":5,"turns":4},{"damage":20,"enemies":"3 Sentries","floor":6,"turns":4},{"damage":16,"enemies":"Exordium Wildlife","floor":7,"turns":5},{"damage":9,"enemies":"3 Louse","floor":8,"turns":3},{"damage":6,"enemies":"Red Slaver","floor":11,"turns":3},{"damage":5,"enemies":"Lagavulin","floor":14,"turns":6},{"damage":9,"enemies":"The Guardian","floor":16,"turns":11},{"damage":14,"enemies":"2 Thieves","floor":18,"turns":3},{"damage":21,"enemies":"Shell Parasite","floor":19,"turns":5},{"damage":4,"enemies":"Shelled Parasite and Fungi","floor":21,"turns":3},{"damage":0,"enemies":"Masked Bandits","floor":22,"turns":2},{"damage":17,"enemies":"Slavers","floor":23,"turns":5},{"damage":12,"enemies":"Book of Stabbing","floor":25,"turns":5},{"damage":0,"enemies":"3 Cultists","floor":30,"turns":4},{"damage":0,"enemies":"Automaton","floor":33,"turns":8},{"damage":0,"enemies":"Orb Walker","floor":35,"turns":5},{"damage":0,"enemies":"3 Darklings","floor":36,"turns":4},{"damage":16,"enemies":"4 Shapes","floor":37,"turns":4},{"damage":0,"enemies":"Giant Head","floor":41,"turns":6},{"damage":7,"enemies":"Writhing Mass","floor":45,"turns":4},{"damage":0,"enemies":"Mind Bloom Boss Battle","floor":47,"turns":3},{"damage":24,"enemies":"Time Eater","floor":50,"turns":6},{"damage":69,"enemies":"Shield and Spear","floor":54,"turns":8},{"damage":46,"enemies":"The Heart","floor":55,"turns":11}],"seed_played":"5059565870407599277","potions_obtained":[{"floor":4,"key":"AttackPotion"},{"floor":5,"key":"GamblersBrew"},{"floor":7,"key":"Block Potion"},{"floor":11,"key":"PowerPotion"},{"floor":14,"key":"SmokeBomb"}],"is_trial":false,"path_per_floor":["M","?","M","M","M","E","M","M","T","T","M","R","$","E","R","B",null,"M","M","?","M","?","E","R","E","T","R","$","R","M","?","R","B",null,"M","M","M","?","?","R","E","R","T","R","M","$","?","?","R","B",null,"R","$","E","B",null],"character_chosen":"DEFECT","items_purchased":["Doom and Gloom","Defragment","Rainbow","Cold Snap","HornCleat"],"campfire_rested":2,"item_purchase_floors":[13,28,28,28,46],"current_hp_per_floor":[75,75,74,71,64,44,28,19,19,19,13,13,13,8,30,21,75,61,40,40,36,36,19,19,7,7,29,29,29,29,13,13,13,75,75,75,59,59,59,59,59,59,59,59,52,52,52,52,52,40,75,75,75,18,24],"gold":102,"neow_bonus":"BOSS_RELIC","is_daily":false,"chose_seed":false,"campfire_upgraded":8,"win_rate":0.0,"timestamp":1611139633,"path_taken":["M","?","M","M","M","E","?","M","T","?","M","R","$","E","R","BOSS","M","M","?","M","?","E","R","E","T","R","$","R","M","?","R","BOSS","M","M","M","?","?","R","E","R","T","R","?","$","?","?","R","BOSS","R","$","E","BOSS"],"items_purchased_type":["Card","Card","Card","Card","Relic"],"build_version":"2020-12-22","purchased_purges":2,"victory":true,"max_hp_per_floor":[75,75,75,75,75,75,75,75,75,75,75,75,75,75,75,75,75,75,75,75,75,75,75,75,75,75,75,75,75,75,75,75,75,75,75,75,75,75,75,75,75,75,75,75,75,75,75,75,75,75,75,75,75,75,75],"relic_stats":{"Sozu":8,"Lizard Tail":37,"counters":[27,132],"Turnip":[2],"Letter Opener":[182],"Ginger":[2],"obtain_stats":[{"Oddly Smooth Stone":6,"Vajra":10,"Enchiridion":31,"Omamori":41,"Letter Opener":23,"Ginger":47,"Sozu":17,"keyreminder:keyreminder":41,"Lizard Tail":9,"DataDisk":26,"HornCleat":46,"Philosopher\u0027s Stone":34,"Turnip":25,"Red Mask":22,"Bag of Marbles":54,"Cracked Core":0,"Runic Pyramid":0,"Pocketwatch":14,"Meat on the Bone":48},{"Oddly Smooth Stone":5,"Vajra":7,"Enchiridion":17,"Omamori":22,"Letter Opener":15,"Ginger":24,"Sozu":10,"keyreminder:keyreminder":22,"Lizard Tail":7,"DataDisk":16,"HornCleat":23,"Philosopher\u0027s Stone":18,"Turnip":16,"Red Mask":14,"Bag of Marbles":26,"Cracked Core":0,"Runic Pyramid":0,"Pocketwatch":9,"Meat on the Bone":24},{"Oddly Smooth Stone":19,"Vajra":27,"Enchiridion":74,"Omamori":100,"Letter Opener":65,"Ginger":107,"Sozu":47,"keyreminder:keyreminder":100,"Lizard Tail":27,"DataDisk":70,"HornCleat":104,"Philosopher\u0027s Stone":82,"Turnip":70,"Red Mask":60,"Bag of Marbles":121,"Cracked Core":0,"Runic Pyramid":0,"Pocketwatch":36,"Meat on the Bone":107}],"Pocketwatch":[14],"Meat on the Bone":36},"card_choices":[{"not_picked":["Barrage","Steam","Streamline"],"picked":"SKIP","floor":1},{"not_picked":["Blizzard","Go for the Eyes"],"picked":"Loop","floor":3},{"not_picked":["Cold Snap","Beam Cell"],"picked":"Turbo","floor":4},{"not_picked":["Defragment","Glacier"],"picked":"Seek","floor":5},{"not_picked":["BootSequence","Barrage"],"picked":"Cold Snap","floor":6},{"not_picked":["Compile Driver","Melter"],"picked":"Capacitor","floor":7},{"not_picked":["Recycle","Blizzard"],"picked":"Ball Lightning","floor":8},{"not_picked":["White Noise","Chill"],"picked":"Hologram","floor":11},{"not_picked":["Ball Lightning","Sweeping Beam","Tempest"],"picked":"SKIP","floor":14},{"not_picked":["All For One","Hyperbeam"],"picked":"Fission","floor":16},{"not_picked":["Gash","Barrage","Compile Driver"],"picked":"SKIP","floor":18},{"not_picked":["Streamline+1","Undo"],"picked":"Hologram","floor":19},{"not_picked":["Ball Lightning+1","Beam Cell","Sunder"],"picked":"SKIP","floor":21},{"not_picked":["Hello World","Gash"],"picked":"Leap","floor":22},{"not_picked":["Turbo","Sweeping Beam+1","Leap"],"picked":"SKIP","floor":23},{"not_picked":["Barrage","Leap"],"picked":"Defragment","floor":25},{"not_picked":["Barrage","Steam Power"],"picked":"Coolheaded","floor":30},{"not_picked":["Rainbow","Hyperbeam"],"picked":"Multi-Cast","floor":33},{"not_picked":["Storm+1","Hologram+1"],"picked":"Cold Snap+1","floor":35},{"not_picked":["Conserve Battery","Double Energy"],"picked":"Recycle+1","floor":36},{"not_picked":["Steam Power+1","Conserve Battery+1","Streamline"],"picked":"SKIP","floor":37},{"not_picked":["Magnetism","Mayhem"],"picked":"Flash of Steel","floor":38},{"not_picked":["Coolheaded+1","Sweeping Beam+1","Core Surge"],"picked":"SKIP","floor":41},{"not_picked":["Conserve Battery+1","Ball Lightning+1","Streamline"],"picked":"SKIP","floor":45},{"not_picked":["Consume","Genetic Algorithm+1"],"picked":"Aggregate+1","floor":47},{"not_picked":["Chaos","BootSequence"],"picked":"Darkness","floor":54}],"player_experience":2331713,"relics_obtained":[{"floor":6,"key":"Oddly Smooth Stone"},{"floor":9,"key":"Lizard Tail"},{"floor":10,"key":"Vajra"},{"floor":14,"key":"Pocketwatch"},{"floor":22,"key":"Red Mask"},{"floor":23,"key":"Letter Opener"},{"floor":25,"key":"Turnip"},{"floor":26,"key":"DataDisk"},{"floor":31,"key":"Enchiridion"},{"floor":41,"key":"Omamori"},{"floor":47,"key":"Ginger"},{"floor":54,"key":"Bag of Marbles"}],"event_choices":[{"cards_removed":["Defend_B"],"damage_healed":0,"gold_gain":0,"player_choice":"Purged","damage_taken":0,"max_hp_gain":0,"max_hp_loss":0,"event_name":"Purifier","floor":2,"gold_loss":0},{"damage_healed":0,"gold_gain":99,"player_choice":"Stole From Cult","damage_taken":0,"max_hp_gain":0,"max_hp_loss":0,"event_name":"Nest","floor":20,"gold_loss":0},{"damage_healed":0,"gold_gain":0,"player_choice":"Fought Bandits","damage_taken":0,"max_hp_gain":0,"max_hp_loss":0,"event_name":"Masked Bandits","floor":22,"gold_loss":0},{"damage_healed":0,"gold_gain":0,"player_choice":"Obtained Book","damage_taken":16,"max_hp_gain":0,"max_hp_loss":0,"event_name":"Cursed Tome","floor":31,"gold_loss":0},{"damage_healed":0,"gold_gain":0,"player_choice":"Memory 1","damage_taken":0,"max_hp_gain":0,"max_hp_loss":0,"event_name":"SensoryStone","floor":38,"gold_loss":0},{"damage_healed":0,"gold_gain":0,"player_choice":"Cursed","damage_taken":0,"max_hp_gain":0,"max_hp_loss":0,"event_name":"Wheel of Change","floor":39,"gold_loss":0,"cards_obtained":["Decay"]},{"damage_healed":0,"gold_gain":0,"player_choice":"Fight","damage_taken":0,"max_hp_gain":0,"max_hp_loss":0,"event_name":"MindBloom","floor":47,"gold_loss":0},{"damage_healed":0,"gold_gain":0,"player_choice":"Gave Potion","damage_taken":0,"relics_obtained":["Meat on the Bone"],"max_hp_gain":0,"max_hp_loss":0,"event_name":"WeMeetAgain","floor":48,"gold_loss":0}],"is_beta":false,"boss_relics":[{"not_picked":["Nuclear Battery","SlaversCollar"],"picked":"Sozu"},{"not_picked":["Velvet Choker","Snecko Eye"],"picked":"Philosopher\u0027s Stone"}],"items_purged_floors":[13,28],"is_endless":false,"potions_floor_spawned":[4,5,7,11,14,18,21,23,30,33,35,37,47],"ascension_level":3}}