{"host":"h4qgcirtxz6qax9j","time":1611117098,"event":{"mods":["AchievementEnabler","BaseMod","Colored Powertips","Hermit","Minty Spire (QoL Compilation)","StSLib","SuperFastMode","The Servant 0.9.4"],"gold_per_floor":[111,126,126,126,142,142,142,142,142,142,171,191,145,157,157,157,157],"floor_reached":16,"language":"KOR","playtime":475,"items_purged":[],"score":115,"play_id":"9d01a05a-6a47-42f2-b615-e59c6f656a3d","local_time":"20210120133138","is_ascension_mode":true,"campfire_choices":[{"floor":6,"key":"REST"},{"floor":8,"key":"REST"},{"data":"Rearm","floor":10,"key":"SMITH"},{"floor":15,"key":"REST"}],"circlet_count":0,"master_deck":["Strike_S","Strike_S","Strike_S","Strike_S","Defend_S","Defend_S","Defend_S","Defend_S","KidneyShot+1","Exchange","Starlight","Rearm+1","Starlight","TheWorld","FastForward","Potential"],"relics":["Uniform","Kunai","Broom","Incense Burner","Du-Vu Doll"],"acts_visited":["Exordium"],"potions_floor_usage":[16,16],"damage_taken":[{"damage":5.0,"enemies":"Small Slimes","floor":1.0,"turns":3.0},{"damage":12.0,"enemies":"Jaw Worm","floor":2.0,"turns":2.0},{"damage":7.0,"enemies":"2 Louse","floor":5.0,"turns":2.0},{"damage":41,"enemies":"3 Sentries","floor":11,"turns":7},{"damage":8,"enemies":"Looter","floor":12,"turns":4},{"damage":0,"enemies":"Red Slaver","floor":14,"turns":4},{"damage":41,"enemies":"Hexaghost","floor":16,"turns":18}],"seed_played":"6433909496882374895","potions_obtained":[{"floor":5,"key":"LiquidBronze"},{"floor":11,"key":"Regen Potion"},{"floor":14,"key":"DistilledChaos"}],"is_trial":false,"path_per_floor":["M","M","$","?","M","R","?","R","T","R","E","M","?","M","R","B"],"character_chosen":"THE_SERVANT","items_purchased":[],"campfire_rested":3,"item_purchase_floors":[],"current_hp_per_floor":[60,48,48,23,16,35,35,54,54,54,13,5,5,5,24,0,0],"gold":157,"neow_bonus":"UPGRADE_CARD","is_daily":false,"chose_seed":false,"campfire_upgraded":1,"win_rate":0.0,"timestamp":1611117098,"path_taken":["M","M","$","?","M","R","?","R","T","R","E","M","?","M","R","BOSS"],"items_purchased_type":[],"build_version":"2020-12-22","purchased_purges":0,"victory":false,"max_hp_per_floor":[65,65,65,65,65,65,65,65,65,65,65,65,65,65,65,65,65],"card_choices":[{"not_picked":["Alleviate","DoubleEdge"],"picked":"Starlight","floor":1.0},{"not_picked":["BottledTime","Potential"],"picked":"Rearm","floor":2.0},{"not_picked":["Revamp","TimeWarp"],"picked":"Starlight","floor":5},{"not_picked":["Moonlight","Snipe"],"picked":"TheWorld","floor":11},{"not_picked":["Revamp","Potential"],"picked":"FastForward","floor":12},{"not_picked":["Hightail","TimeTheft"],"picked":"Potential","floor":14}],"player_experience":74761,"relics_obtained":[{"floor":9,"key":"Incense Burner"},{"floor":11,"key":"Du-Vu Doll"}],"event_choices":[{"damage_healed":0.0,"max_hp_gain":0.0,"max_hp_loss":0.0,"gold_gain":0.0,"event_name":"Scrap Ooze","player_choice":"Success","floor":4.0,"gold_loss":0.0,"damage_taken":25.0,"relics_obtained":["Kunai"]},{"damage_healed":0,"gold_gain":0,"player_choice":"Searched \u00272\u0027 times","damage_taken":0,"relics_obtained":["Broom"],"max_hp_gain":0,"max_hp_loss":0,"event_name":"Dead Adventurer","floor":7,"gold_loss":0},{"damage_healed":0,"gold_gain":0,"player_choice":"Left Gold","damage_taken":0,"max_hp_gain":0,"max_hp_loss":0,"event_name":"World of Goop","floor":13,"gold_loss":46}],"is_beta":false,"boss_relics":[],"items_purged_floors":[],"is_endless":false,"potions_floor_spawned":[5,11,14],"killed_by":"Hexaghost","ascension_level":3}}