{"host":"neshiy0twyn5josp","time":1611150367,"event":{"mods":["AchievementEnabler","Act Like it!","AlwaysNeverKeys","Aspiration","BaseMod","Better Note","Better Silent Start","Better Third Choice","Challenge The Spire","Colored Powertips","Conspire","Emptier Cage","Energized Spire","GifTheSpireLib","Hubris","Minty Spire (QoL Compilation)","Permanent Neow","Quick Restart","Rare Cards Sparkle","Replay The Spire","Reworked Bosses","Spicy Shops","StS++","StSLib","Stuff the Spire"],"gold_per_floor":[111,51,51,51,51,51,76,95,95,27,27,58,77,90,90,193,193,205,205,225,150,165,165,200,200,252,284,302,321,321,321,321,421,421,441,441,341,441,456,456,491,216,239,270,280,280,12,12,12,12,12,12,12,44,44,44],"floor_reached":55,"language":"ENG","playtime":3798,"items_purged":["Defend_G","Decay","Defend_G","Strike_G","Strike_G"],"score":650,"play_id":"a6c9b37a-a5a7-4b4c-9579-bacf993f496f","local_time":"20210120054607","is_ascension_mode":true,"campfire_choices":[{"data":"Replay:Parry","floor":6,"key":"SMITH"},{"data":"Deadly Poison","floor":11,"key":"SMITH"},{"data":"Neutralize","floor":15,"key":"SMITH"},{"data":"Underhanded Strike","floor":23,"key":"SMITH"},{"data":"Strike_G+1","floor":30,"key":"SMITH"},{"data":"StuffTheSpire:PestControl","floor":32,"key":"SMITH"},{"data":"Strike_G+2","floor":40,"key":"SMITH"},{"floor":46,"key":"RECALL"},{"data":"Footwork","floor":52,"key":"SMITH"}],"circlet_count":0,"master_deck":["Strike_G+3","Defend_G+1","Defend_G+1","Survivor","Neutralize+1","Replay:Parry+1","Footwork+1","Deadly Poison+1","Prepared","Acrobatics+1","Underhanded Strike+1","StuffTheSpire:PestControl+1","Replay:Poison Smokescreen+1","Dagger Spray+1","Dagger Spray+1","Underhanded Strike+1","Noxious Fumes+1"],"relics":["Ring of the Snake","Simple Rune","Strawberry","Ring of Peace","ReplayTheSpireMod:Ring of Collecting","Replay:Mystery Machine","Ring of Hypnosis","hubris:TinFlute","ReplayTheSpireMod:Lightbulb","Replay:Grab Bag","energizedSpire:PogoStick","Coffee Dripper","aspiration:PoetsPen_weak","MutagenicStrength","PreservedInsect","Lantern","StSpp:WoodenPendulum","aspiration:RitualDagger","Pen Nib","Replay:Accelerometer","BargainBundle","TungstenRod"],"acts_visited":["Exordium","TheCity","TheBeyond","TheEnding"],"potions_floor_usage":[16,22,33,33,41,50,55,55],"damage_taken":[{"damage":2,"enemies":"2 Louse","floor":1,"turns":3},{"damage":37,"enemies":"3 Sentries","floor":7,"turns":16},{"damage":0,"enemies":"Jaw Worm","floor":8,"turns":5},{"damage":9,"enemies":"Lagavulin","floor":12,"turns":9},{"damage":0,"enemies":"Cultist","floor":13,"turns":4},{"damage":5,"enemies":"2 Fungi Beasts","floor":14,"turns":4},{"damage":18,"enemies":"Slime Boss","floor":16,"turns":17},{"damage":0,"enemies":"2 Thieves","floor":18,"turns":4},{"damage":0,"enemies":"3 Byrds","floor":20,"turns":5},{"damage":17,"enemies":"Sentry and Sphere","floor":22,"turns":3},{"damage":10,"enemies":"Book of Stabbing","floor":24,"turns":5},{"damage":9,"enemies":"Slavers","floor":27,"turns":4},{"damage":0,"enemies":"Centurion and Healer","floor":28,"turns":5},{"damage":0,"enemies":"3 Cultists","floor":29,"turns":5},{"damage":0,"enemies":"bossMod:newChamp","floor":33,"turns":9},{"damage":20,"enemies":"3 Darklings","floor":35,"turns":3},{"damage":3,"enemies":"3 Shapes","floor":39,"turns":2},{"damage":30,"enemies":"Giant Head","floor":41,"turns":6},{"damage":64,"enemies":"R_Hoarder","floor":44,"turns":5},{"damage":12,"enemies":"Transient","floor":45,"turns":5},{"damage":90,"enemies":"Replay:Hell Engine","floor":50,"turns":9},{"damage":45,"enemies":"Shield and Spear","floor":54,"turns":5},{"damage":113,"enemies":"The Heart","floor":55,"turns":9}],"seed_played":"-6506297053092345535","potions_obtained":[{"floor":8,"key":"FearPotion"},{"floor":12,"key":"FearPotion"},{"floor":13,"key":"StSpp:InhibitionPotion"},{"floor":18,"key":"BlessingOfTheForge"},{"floor":22,"key":"Regen Potion"},{"floor":29,"key":"Weak Potion"},{"floor":33,"key":"Poison Potion"},{"floor":35,"key":"ColorlessPotion"},{"floor":44,"key":"Block Potion"},{"floor":54,"key":"SkillPotion"}],"is_trial":false,"path_per_floor":["M","$","?","?","?","R","E","M","T","$","R","E","M","M","R","B",null,"M","?","M","$","M","R","E","?","T","E","M","M","R","?","R","B",null,"M","?","$","?","M","R","E","$","T","E","M","R","$","?","R","B",null,"R","$","E","B"],"character_chosen":"THE_SILENT","items_purchased":["Simple Rune","Deadly Poison","BargainBundle"],"campfire_rested":0,"item_purchase_floors":[2,10,47],"current_hp_per_floor":[68,68,68,72,72,72,35,35,35,35,35,26,26,21,21,3,77,77,77,77,77,60,60,50,50,50,41,41,41,41,21,21,36,77,57,57,57,57,54,54,24,24,24,47,74,74,74,74,77,37,77,77,77,50,0,0],"gold":44,"neow_bonus":"RANDOM_COLORLESS","is_daily":false,"chose_seed":false,"campfire_upgraded":8,"win_rate":0.0,"timestamp":1611150367,"path_taken":["M","$","?","?","?","R","E","M","T","$","R","E","M","?","R","BOSS","M","?","M","$","M","R","E","?","T","E","M","?","R","?","R","BOSS","M","?","$","?","?","R","E","$","T","E","M","R","$","?","R","BOSS","R","$","E","BOSS"],"items_purchased_type":["Relic","Card","Relic"],"build_version":"2020-12-22","purchased_purges":5,"victory":false,"max_hp_per_floor":[70,70,70,77,77,77,77,77,77,77,77,77,77,77,77,77,77,77,77,77,77,77,77,77,77,77,77,77,77,77,77,77,77,77,77,77,77,77,77,77,77,77,77,77,77,77,77,77,77,77,77,77,77,77,77,77],"card_choices":[{"not_picked":["Blind","Purity"],"picked":"Replay:Parry","floor":0},{"not_picked":["Hidden Blade","StuffTheSpire:BrimstoneBlast"],"picked":"Footwork","floor":1},{"not_picked":["StuffTheSpire:Fury","StuffTheSpire:ClusterCrunch","StSpp:Throw"],"picked":"SKIP","floor":7},{"not_picked":["Draining Mist","Dodge and Roll","Tools of the Trade"],"picked":"SKIP","floor":8},{"not_picked":["ReplayTheSpireMod:Scrap Shanks","Underhanded Strike","hubris:TrickCloak"],"picked":"SKIP","floor":12},{"not_picked":["ReplayTheSpireMod:Shiv Toss","StuffTheSpire:BumpUp","ReplayTheSpireMod:Speed Training"],"picked":"SKIP","floor":13},{"not_picked":["StSpp:PoisonousPunch","Poisoned Stab","Deadly Poison"],"picked":"SKIP","floor":14},{"not_picked":["Riddle With Holes","Infinite Blades"],"picked":"Prepared","floor":18},{"not_picked":["Slice","Heel Hook"],"picked":"Acrobatics+1","floor":20},{"not_picked":["hubris:TrickCloak","Acrobatics+1"],"picked":"Underhanded Strike","floor":22},{"not_picked":["StuffTheSpire:Python","Backflip+1","ReplayTheSpireMod:Tripwire"],"picked":"SKIP","floor":24},{"not_picked":["Blade Dance+1","StuffTheSpire:FinalStruggle","Prepared"],"picked":"SKIP","floor":27},{"not_picked":["Distraction+1","StSpp:Lure","Flechettes","Dagger Spray","PiercingWail"],"picked":"SKIP","floor":28},{"not_picked":["Tactician","conspire:PoisonWeapons","Flying Knee+1","Sucker Punch","Dagger Throw"],"picked":"SKIP","floor":29},{"not_picked":["StSpp:Throw+1","hubris:Counter","ReplayTheSpireMod:Tripwire","Flying Knee"],"picked":"Replay:Poison Smokescreen+1","floor":35},{"not_picked":["StSpp:Throw+1","Acrobatics","Setup+1","Poisoned Stab"],"picked":"Dagger Spray+1","floor":39},{"not_picked":["Adrenaline","Accuracy","StuffTheSpire:BumpUp","Deadly Poison"],"picked":"Dagger Spray+1","floor":41},{"not_picked":["Dodge and Roll","StSpp:Dive","Catalyst","Prepared+1"],"picked":"Underhanded Strike+1","floor":44},{"not_picked":["Tactician","StuffTheSpire:ClusterCrunch+1","ReplayTheSpireMod:The Works+1","Prepared+1","Bouncing Flask"],"picked":"SKIP","floor":45},{"not_picked":["Cloak And Dagger","StSpp:SpareBlade+1","ReplayTheSpireMod:Shiv Toss+1","Hidden Blade","Deflect"],"picked":"SKIP","floor":54}],"player_experience":305243,"relics_obtained":[{"floor":5,"key":"Ring of Peace"},{"floor":5,"key":"ReplayTheSpireMod:Ring of Collecting"},{"floor":7,"key":"Replay:Mystery Machine"},{"floor":9,"key":"Ring of Hypnosis"},{"floor":9,"key":"hubris:TinFlute"},{"floor":12,"key":"ReplayTheSpireMod:Lightbulb"},{"floor":24,"key":"PreservedInsect"},{"floor":26,"key":"Lantern"},{"floor":27,"key":"StSpp:WoodenPendulum"},{"floor":41,"key":"Pen Nib"},{"floor":44,"key":"Replay:Accelerometer"},{"floor":54,"key":"TungstenRod"}],"event_choices":[{"damage_healed":0,"gold_gain":0,"player_choice":"Disagree","damage_taken":0,"max_hp_gain":0,"max_hp_loss":0,"event_name":"conspire:LoneGhost","floor":3,"gold_loss":0},{"damage_healed":0,"gold_gain":0,"player_choice":"Relic ","damage_taken":3,"max_hp_gain":0,"max_hp_loss":0,"event_name":"betterThird:BetterScrap","floor":4,"gold_loss":0,"cards_obtained":["Rage"]},{"damage_healed":0,"gold_gain":0,"player_choice":"Inject Mutagens","damage_taken":0,"relics_obtained":["MutagenicStrength"],"max_hp_gain":0,"max_hp_loss":0,"event_name":"Drug Dealer","floor":19,"gold_loss":0},{"damage_healed":0,"gold_gain":0,"player_choice":"Forge","damage_taken":0,"max_hp_gain":0,"max_hp_loss":0,"event_name":"Accursed Blacksmith","floor":25,"gold_loss":0,"cards_upgraded":["Strike_G"]},{"damage_healed":0,"gold_gain":0,"player_choice":"Leave","damage_taken":0,"max_hp_gain":0,"max_hp_loss":0,"event_name":"conspire:Investor","floor":36,"gold_loss":0},{"damage_healed":0,"gold_gain":100,"player_choice":"Pray","damage_taken":0,"max_hp_gain":0,"max_hp_loss":0,"event_name":"Golden Shrine","floor":38,"gold_loss":0},{"damage_healed":0,"gold_gain":0,"cards_transformed":["Strike_G"],"player_choice":"Transformed","damage_taken":0,"max_hp_gain":0,"max_hp_loss":0,"event_name":"Transmorgrifier","floor":48,"gold_loss":0,"cards_obtained":["Noxious Fumes"]}],"is_beta":false,"boss_relics":[{"not_picked":["Kintsugi","aspiration:WatcherSkillbook"],"picked":"Replay:Grab Bag"},{"not_picked":["hubris:VirtuousBlindfold","Philosopher\u0027s Stone"],"picked":"energizedSpire:PogoStick"},{"not_picked":["Painkiller Herb","ReplayTheSpireMod:Onyx Gauntlets"],"picked":"Coffee Dripper"},{"not_picked":["hubris:BlackHole","HoveringKite"],"picked":"aspiration:PoetsPen_weak"},{"not_picked":["hubris:ScarierMask","conspire:RunicOctahedron"],"picked":"aspiration:RitualDagger"}],"items_purged_floors":[21,37,42,42,47],"is_endless":false,"potions_floor_spawned":[8,12,13,18,22,29,33,35,44,54],"killed_by":"The Heart","ascension_level":1}}