{"host":"nbmmy2ys5j9alw05","time":1611116275,"event":{"mods":["AchievementEnabler","BaseMod","Bestiary","Better Vampires","Colored Map","Colored Powertips","Googly Eyes","Minty Spire (QoL Compilation)","Quick Restart","StSLib","The Hierophant","The IronCluck","everything is the same but u backflip on backflip"],"gold_per_floor":[114,125,142,142,217,250,264,264,311,311,74,88,137,47,47,149,149,159,159,159,176,72,72,72],"floor_reached":23,"language":"ENG","playtime":701,"items_purged":[],"score":289,"play_id":"8d558311-6735-43ea-9052-694120f0208b","local_time":"20210119201755","is_ascension_mode":true,"campfire_choices":[{"data":"Inflame","floor":10,"key":"SMITH"},{"data":"Limit Break","floor":15,"key":"SMITH"}],"circlet_count":0,"master_deck":["Strike_R","Strike_R","Strike_R","Strike_R","Strike_R","Defend_R","Defend_R","Defend_R","Defend_R","Bash","Bandage Up","Flex","Cleave+1","Inflame+1","Power Through","Perfected Strike+1","Immolate","Panacea","Dual Wield","Limit Break+1","Dramatic Entrance","Limit Break","Twin Strike","Twin Strike+1"],"relics":["Burning Blood","Pantograph","Whetstone","Orichalcum","Philosopher\u0027s Stone","Nilry\u0027s Codex"],"acts_visited":["Exordium","TheCity"],"potions_floor_usage":[6,13,13,21,23],"damage_taken":[{"damage":14,"enemies":"2 Louse","floor":1,"turns":3},{"damage":4,"enemies":"Small Slimes","floor":2,"turns":4},{"damage":12,"enemies":"Jaw Worm","floor":3,"turns":3},{"damage":18,"enemies":"Gremlin Nob","floor":6,"turns":3},{"damage":11,"enemies":"Blue Slaver","floor":7,"turns":5},{"damage":9,"enemies":"Red Slaver","floor":12,"turns":3},{"damage":10,"enemies":"3 Sentries","floor":13,"turns":4},{"damage":33,"enemies":"The Guardian","floor":16,"turns":11},{"damage":24,"enemies":"Shell Parasite","floor":18,"turns":4},{"damage":27,"enemies":"2 Thieves","floor":21,"turns":3},{"damage":44,"enemies":"Book of Stabbing","floor":23,"turns":3}],"seed_played":"1836904855392354466","potions_obtained":[{"floor":2,"key":"Strength Potion"},{"floor":7,"key":"ColorlessPotion"},{"floor":12,"key":"LiquidBronze"},{"floor":16,"key":"Regen Potion"},{"floor":21,"key":"Strength Potion"}],"is_trial":false,"path_per_floor":["M","M","M","?","?","E","M","?","T","R","$","M","E","$","R","B",null,"M","?","?","M","$","E"],"character_chosen":"IRONCLAD","items_purchased":["Immolate","Panacea","Dramatic Entrance","SmokeBomb"],"campfire_rested":0,"item_purchase_floors":[11,11,14,22],"current_hp_per_floor":[68,74,72,77,66,58,57,57,57,57,57,58,54,54,54,56,78,64,48,48,40,40,0,0],"gold":72,"neow_bonus":"RANDOM_COLORLESS","is_daily":false,"chose_seed":false,"campfire_upgraded":2,"win_rate":0.0,"timestamp":1611116275,"path_taken":["M","M","M","?","?","E","M","?","T","R","?","M","E","$","R","BOSS","M","?","?","M","$","E"],"items_purchased_type":["Card","Card","Card","Potion"],"build_version":"2020-12-22","purchased_purges":0,"victory":false,"max_hp_per_floor":[80,80,80,85,85,85,85,85,85,85,85,85,85,85,85,85,85,85,85,85,85,85,85,85],"card_choices":[{"not_picked":["Impatience","Jack Of All Trades"],"picked":"Bandage Up","floor":0},{"not_picked":["Anger","Second Wind"],"picked":"Flex","floor":1},{"not_picked":["Shrug It Off","True Grit"],"picked":"Cleave","floor":2},{"not_picked":["Shrug It Off","Anger"],"picked":"Inflame","floor":3},{"not_picked":["True Grit","Dark Embrace"],"picked":"Power Through","floor":6},{"not_picked":["Shrug It Off","Twin Strike"],"picked":"Perfected Strike","floor":7},{"not_picked":["Entrench","Armaments"],"picked":"Dual Wield","floor":12},{"not_picked":["Dual Wield","Heavy Blade"],"picked":"Limit Break","floor":13},{"not_picked":["Feed","Offering"],"picked":"Limit Break","floor":16},{"not_picked":["Shrug It Off","Anger"],"picked":"Twin Strike","floor":18},{"not_picked":["Carnage+1","Iron Wave"],"picked":"Twin Strike+1","floor":21}],"player_experience":487878,"relics_obtained":[{"floor":6,"key":"Pantograph"},{"floor":9,"key":"Whetstone"},{"floor":13,"key":"Orichalcum"},{"floor":19,"key":"Nilry\u0027s Codex"}],"event_choices":[{"damage_healed":0,"gold_gain":0,"player_choice":"Donut","damage_taken":0,"max_hp_gain":5,"max_hp_loss":0,"event_name":"Big Fish","floor":4,"gold_loss":0},{"damage_healed":0,"gold_gain":75,"player_choice":"Gather Gold","damage_taken":11,"max_hp_gain":0,"max_hp_loss":0,"event_name":"World of Goop","floor":5,"gold_loss":0},{"damage_healed":0,"gold_gain":0,"player_choice":"Ignored","damage_taken":0,"max_hp_gain":0,"max_hp_loss":0,"event_name":"Shining Light","floor":8,"gold_loss":0},{"damage_healed":0,"gold_gain":0,"player_choice":"Obtained Book","damage_taken":16,"max_hp_gain":0,"max_hp_loss":0,"event_name":"Cursed Tome","floor":19,"gold_loss":0},{"damage_healed":0,"gold_gain":0,"player_choice":"Ignored","damage_taken":0,"max_hp_gain":0,"max_hp_loss":0,"event_name":"Beggar","floor":20,"gold_loss":0}],"is_beta":false,"boss_relics":[{"not_picked":["Astrolabe","Empty Cage"],"picked":"Philosopher\u0027s Stone"}],"items_purged_floors":[],"is_endless":false,"potions_floor_spawned":[2,7,12,16,21],"killed_by":"Book of Stabbing","ascension_level":9}}