{"host":"p8f0otjoacyb9giz","time":1611156373,"event":{"mods":["AchievementEnabler","BaseMod","Downfall","Minty Spire (QoL Compilation)","StSLib"],"gold_per_floor":[99,110,110,14,31,88,113,130,30,62,82,117,128,128,138,239,239,139,151,136,136,149,165,165,75,101,1,1,1,33,53,68,168,168,168,179,198,38,38,69,369,369,369,369,382,394,394,421,437,437,437,465,20,20,20,20],"floor_reached":57,"language":"ENG","playtime":2760,"items_purged":["Pride"],"score":1410,"play_id":"34689f5d-4e66-4096-ade0-5e90465ce87e","local_time":"20210120182613","is_ascension_mode":true,"campfire_choices":[{"data":"bronze:Replicate","floor":1,"key":"SMITH"},{"data":"bronze:Repulsor","floor":9,"key":"SMITH"},{"floor":18,"key":"RECALL"},{"data":"bronze:FineTuning","floor":27,"key":"SMITH"},{"data":"bronze:SpaghettiCode","floor":29,"key":"SMITH"},{"data":"bronze:TinkerersToolbox","floor":35,"key":"SMITH"},{"floor":42,"key":"REST"},{"data":"bronze:BronzeOrb","floor":47,"key":"SMITH"},{"data":"bronze:Goto","floor":54,"key":"SMITH"}],"circlet_count":0,"master_deck":["bronze:Defend","bronze:Defend","bronze:Defend","bronze:Replicate+1","bronze:Goto+1","bronze:Repulsor+1","bronze:ChosenStrike","bronze:SpaghettiCode+1","bronze:DelayedSlice","bronze:BronzeOrb+1","bronze:DelayedSlice","bronze:TinkerersToolbox+1","bronze:InfiniteBeams","bronze:FineTuning+1","bronze:Iterate","bronze:BronzeOrb+1","Bite+1","Bite+1","Bite","Bite","Bite","bronze:InfiniteBeams+1","bronze:Optimize+1","bronze:InfiniteBeams+1","bronze:HardenedForm+1","bronze:CloningBeam+1","bronze:ItsAFeature+1","bronze:Fortify+1","bronze:FineTuning+1","bronze:Mutator+1","bronze:Shell"],"relics":["Black Star","Lizard Tail","downfall:HeartBlessingBlue","Strawberry","Orichalcum","StrikeDummy","PreservedInsect","Runic Dome","downfall:HeartBlessingGreen","HornCleat","Mercury Hourglass","Frozen Egg 2","downfall:HeartBlessingRed","bronze:ProtectiveGoggles","Ornamental Fan","Sozu","Kunai","Mummified Hand","Bronze Scales","bronze:BronzeIdol","Old Coin","Ancient Tea Set","Eternal Feather","bronze:Timepiece","Whetstone","Bird Faced Urn"],"acts_visited":["Exordium","TheCity","TheBeyond","TheEnding"],"potions_floor_usage":[15,16,33,40],"damage_taken":[{"damage":0,"enemies":"Small Slimes","floor":2,"turns":3},{"damage":0,"enemies":"downfall:FleeingMerchant","floor":4,"turns":4},{"damage":5,"enemies":"2 Louse","floor":5,"turns":4},{"damage":28,"enemies":"Gremlin Nob","floor":6,"turns":4},{"damage":1,"enemies":"Jaw Worm","floor":8,"turns":3},{"damage":31,"enemies":"3 Sentries","floor":10,"turns":8},{"damage":6,"enemies":"2 Fungi Beasts","floor":11,"turns":2},{"damage":16,"enemies":"Gremlin Nob","floor":12,"turns":4},{"damage":6,"enemies":"3 Louse","floor":13,"turns":2},{"damage":9,"enemies":"Lots of Slimes","floor":15,"turns":2},{"damage":23,"enemies":"IC_STATUS_ARCHETYPE","floor":16,"turns":6},{"damage":4,"enemies":"Spheric Guardian","floor":19,"turns":3},{"damage":9,"enemies":"downfall:FleeingMerchant","floor":20,"turns":4},{"damage":8,"enemies":"3 Byrds","floor":22,"turns":4},{"damage":2,"enemies":"Centurion and Healer","floor":23,"turns":4},{"damage":6,"enemies":"downfall:FleeingMerchant","floor":25,"turns":4},{"damage":25,"enemies":"Slavers","floor":26,"turns":4},{"damage":13,"enemies":"Gremlin Leader","floor":30,"turns":4},{"damage":0,"enemies":"Sentry and Sphere","floor":31,"turns":3},{"damage":0,"enemies":"Chosen and Byrds","floor":32,"turns":2},{"damage":25,"enemies":"SI_MIRROR_ARCHETYPE","floor":33,"turns":7},{"damage":0,"enemies":"Orb Walker","floor":36,"turns":2},{"damage":1,"enemies":"3 Shapes","floor":37,"turns":2},{"damage":0,"enemies":"downfall:FleeingMerchant","floor":38,"turns":1},{"damage":68,"enemies":"Nemesis","floor":40,"turns":7},{"damage":11,"enemies":"Transient","floor":45,"turns":5},{"damage":6,"enemies":"Jaw Worm Horde","floor":46,"turns":4},{"damage":0,"enemies":"Giant Head","floor":48,"turns":4},{"damage":24,"enemies":"Spire Growth","floor":49,"turns":4},{"damage":45,"enemies":"WA_ARCHETYPE_DIVINITY","floor":50,"turns":8},{"damage":24,"enemies":"downfall:CharBossMerchant","floor":52,"turns":8},{"damage":18,"enemies":"downfall:NeowBoss","floor":55,"turns":9},{"damage":30,"enemies":"downfall:NeowBossFinal","floor":56,"turns":8}],"seed_played":"-4907146532948754510","potions_obtained":[{"floor":8,"key":"CultistPotion"},{"floor":10,"key":"LiquidMemories"},{"floor":12,"key":"sneckomod:MuddlingPotion"},{"floor":16,"key":"SteroidPotion"},{"floor":19,"key":"DistilledChaos"},{"floor":33,"key":"sneckomod:MuddlingPotion"}],"is_trial":false,"path_per_floor":["R","M","?","$","M","?","T","M","R","E","M","E","M","?","M","B",null,"R","M","$","?","M","M","T","$","E","R","?","R","E","M","M","B",null,"R","M","M","$","?","E","T","R","?","?","M","M","R","E","M","B",null,"E","$","R","B","B",null],"character_chosen":"THE_AUTOMATON","items_purchased":["bronze:Repulsor","Kunai","Mummified Hand","Bird Faced Urn","bronze:Mutator+1","bronze:Shell"],"campfire_rested":1,"item_purchase_floors":[4,38,38,53,53,53],"current_hp_per_floor":[70,70,70,70,65,37,37,36,46,22,16,43,37,37,28,5,87,87,83,74,74,66,64,64,58,33,33,33,33,30,32,32,15,87,87,87,87,87,87,21,21,47,47,97,94,91,91,97,77,46,97,79,79,97,95,70],"gold":20,"neow_bonus":"BOSS_RELIC","is_daily":false,"chose_seed":false,"campfire_upgraded":7,"win_rate":0.0,"timestamp":1611156373,"path_taken":["R","M","?","$","M","?","T","M","R","E","M","E","M","?","M","BOSS","R","M","$","?","M","M","T","$","E","R","?","R","E","M","M","BOSS","R","M","M","$","?","E","T","R","?","?","?","M","R","E","M","BOSS","E","$","R","BOSS","BOSS"],"items_purchased_type":["Card","Relic","Relic","Relic","Card","Card"],"build_version":"2020-12-22","purchased_purges":1,"victory":true,"max_hp_per_floor":[70,70,70,70,70,70,70,70,80,87,87,87,87,87,87,87,87,87,87,87,87,87,87,87,87,87,87,87,87,87,87,87,87,87,87,87,87,87,87,87,87,87,87,97,97,97,97,97,97,97,97,97,97,97,97,97],"card_choices":[{"not_picked":["bronze:Invalidate","bronze:Turbo","bronze:BuggyMess"],"picked":"SKIP","floor":2},{"not_picked":["bronze:FineTuning","bronze:WildBeam","bronze:BitShift"],"picked":"SKIP","floor":4},{"not_picked":["bronze:Return","bronze:ForLoop"],"picked":"bronze:ChosenStrike","floor":5},{"not_picked":["bronze:Overheat","bronze:Turbo"],"picked":"bronze:SpaghettiCode","floor":8},{"not_picked":["bronze:BronzeArmor","bronze:FollowUp"],"picked":"bronze:DelayedSlice","floor":10},{"not_picked":["bronze:Backtrace","bronze:Deprecate"],"picked":"bronze:BronzeOrb","floor":11},{"not_picked":["bronze:DelayedGuard","bronze:Turbo"],"picked":"bronze:DelayedSlice","floor":12},{"not_picked":["bronze:BronzeOrb","bronze:MaxOutput"],"picked":"bronze:TinkerersToolbox","floor":13},{"not_picked":["bronze:Separator","bronze:Turbo","bronze:OilSpill"],"picked":"SKIP","floor":15},{"not_picked":["bronze:CleanCode","bronze:ThunderWave"],"picked":"bronze:RecursiveStrike","floor":16},{"not_picked":["bronze:Allocate+1","bronze:Invalidate","bronze:Turbo"],"picked":"SKIP","floor":19},{"not_picked":["bronze:MaxOutput","bronze:Fortify"],"picked":"bronze:InfiniteBeams","floor":20},{"not_picked":["bronze:ChosenStrike","bronze:NullPointer","bronze:Branch"],"picked":"SKIP","floor":22},{"not_picked":["bronze:BugBarrage","bronze:Constructor"],"picked":"bronze:FineTuning","floor":23},{"not_picked":["bronze:Fortify","bronze:NullPointer"],"picked":"bronze:Iterate","floor":25},{"not_picked":["bronze:DelayedSlice+1","bronze:Separator"],"picked":"bronze:BronzeOrb+1","floor":26},{"not_picked":["bronze:Constructor","bronze:ShipIt"],"picked":"bronze:InfiniteBeams+1","floor":30},{"not_picked":["bronze:Turbo","bronze:Flail"],"picked":"bronze:Optimize+1","floor":31},{"not_picked":["bronze:Shell+1","bronze:WildBeam"],"picked":"bronze:InfiniteBeams+1","floor":32},{"not_picked":["bronze:TinkerersToolbox","bronze:ShipIt"],"picked":"bronze:HardenedForm+1","floor":33},{"not_picked":["bronze:WhirlingStrike","bronze:Shield+1","bronze:BronzeArmor+1"],"picked":"SKIP","floor":36},{"not_picked":["bronze:BitShift+1","bronze:Separator+1","bronze:ForLoop+1"],"picked":"SKIP","floor":37},{"not_picked":["bronze:NullPointer","bronze:BronzeOrb+1"],"picked":"bronze:CloningBeam+1","floor":38},{"not_picked":["bronze:Invalidate","bronze:ClassDefault+1","bronze:Iterate+1"],"picked":"SKIP","floor":40},{"not_picked":["bronze:Overheat","bronze:CutThrough+1","bronze:BronzeOrb"],"picked":"SKIP","floor":45},{"not_picked":["bronze:BugBarrage+1","bronze:Terminator+1"],"picked":"bronze:ItsAFeature+1","floor":46},{"not_picked":["bronze:Overheat","bronze:Turbo"],"picked":"bronze:Fortify+1","floor":48},{"not_picked":["bronze:FollowUp+1","bronze:Shield+1"],"picked":"bronze:FineTuning+1","floor":49},{"not_picked":["bronze:Philosophize+1","bronze:Overload","bronze:BitShift"],"picked":"SKIP","floor":52}],"player_experience":378109,"relics_obtained":[{"floor":10,"key":"Strawberry"},{"floor":10,"key":"Orichalcum"},{"floor":12,"key":"StrikeDummy"},{"floor":12,"key":"PreservedInsect"},{"floor":24,"key":"Mercury Hourglass"},{"floor":26,"key":"Blood Vial"},{"floor":26,"key":"Frozen Egg 2"},{"floor":30,"key":"bronze:ProtectiveGoggles"},{"floor":30,"key":"Ornamental Fan"},{"floor":40,"key":"Bronze Scales"},{"floor":40,"key":"bronze:BronzeIdol"},{"floor":41,"key":"Old Coin"},{"floor":48,"key":"Ancient Tea Set"},{"floor":48,"key":"Eternal Feather"},{"floor":52,"key":"bronze:Timepiece"},{"floor":52,"key":"Whetstone"}],"event_choices":[{"cards_removed":["bronze:Defend"],"damage_healed":0,"gold_gain":0,"player_choice":"Card Removal","damage_taken":0,"max_hp_gain":0,"max_hp_loss":0,"event_name":"The Cleric","floor":3,"gold_loss":0},{"damage_healed":0,"gold_gain":0,"player_choice":"Stole Relic","damage_taken":0,"relics_obtained":["HornCleat"],"max_hp_gain":0,"max_hp_loss":0,"event_name":"Addict","floor":21,"gold_loss":0,"cards_obtained":["Pride"]},{"damage_healed":0,"gold_gain":0,"player_choice":"Became a vampire (Vial)","damage_taken":0,"max_hp_gain":0,"max_hp_loss":0,"event_name":"Vampires","floor":28,"relics_lost":["Blood Vial"],"gold_loss":0,"cards_obtained":["Bite","Bite","Bite","Bite","Bite"]},{"damage_healed":0,"gold_gain":0,"player_choice":"Ignored","damage_taken":0,"max_hp_gain":0,"max_hp_loss":0,"event_name":"Mysterious Sphere","floor":43,"gold_loss":0},{"cards_removed":["bronze:RecursiveStrike"],"damage_healed":40,"gold_gain":0,"player_choice":"Offered Rare","damage_taken":0,"max_hp_gain":10,"max_hp_loss":0,"event_name":"Bonfire Elementals","floor":44,"gold_loss":0}],"is_beta":false,"boss_relics":[{"not_picked":["Busted Crown","Runic Pyramid"],"picked":"Runic Dome"},{"not_picked":["Pandora\u0027s Box","Snecko Eye"],"picked":"Sozu"}],"items_purged_floors":[25],"is_endless":false,"potions_floor_spawned":[8,10,12,16,19,22,30,31,33,37,40,46,48],"ascension_level":1}}