{"host":"0fmi5fguj5lvt8pf","time":1611129703,"event":{"mods":["BaseMod","Colored Map","Curses Come First","Downfall","Minty Spire (QoL Compilation)","Permanent Neow","StSLib"],"gold_per_floor":[99,274,335,346,346,366,366,366,380,393,393,393,425,41,52,52,52,52],"floor_reached":16,"language":"ENG","playtime":919,"items_purged":["Doubt"],"score":125,"play_id":"a88c202e-32f9-4547-89bf-c393607bc182","local_time":"20210120000143","is_ascension_mode":false,"campfire_choices":[{"data":"bronze:Philosophize","floor":1.0,"key":"SMITH"},{"floor":8.0,"key":"REST"},{"floor":11.0,"key":"REST"}],"circlet_count":0,"master_deck":["bronze:Strike","bronze:Strike","bronze:Strike","bronze:Defend","bronze:Defend","bronze:Defend","bronze:Replicate","bronze:Goto","bronze:Philosophize+1","bronze:FollowUp","bronze:DelayedGuard","bronze:Refactor","bronze:DazingPulse","bronze:Repair","bronze:Iterate","bronze:Shell+1","bronze:RecursiveStrike","bronze:BugBarrage","bronze:FineTuning+1","bronze:CloningBeam","bronze:FineTuning+1"],"relics":["bronze:BronzeCore","InkBottle","Toxic Egg 2","Juzu Bracelet","Turnip","Matryoshka"],"acts_visited":["Exordium"],"potions_floor_usage":[16],"damage_taken":[{"damage":50.0,"enemies":"Lagavulin Event","floor":3.0,"turns":6.0},{"damage":7.0,"enemies":"Jaw Worm","floor":4.0,"turns":4.0},{"damage":0.0,"enemies":"Jaw Worm","floor":5.0,"turns":3.0},{"damage":1.0,"enemies":"Small Slimes","floor":6.0,"turns":3.0},{"damage":6.0,"enemies":"2 Louse","floor":9.0,"turns":2.0},{"damage":0.0,"enemies":"Exordium Wildlife","floor":10.0,"turns":3.0},{"damage":0.0,"enemies":"Lagavulin","floor":13.0,"turns":5.0},{"damage":0.0,"enemies":"downfall:FleeingMerchant","floor":14.0,"turns":4.0},{"damage":12.0,"enemies":"2 Fungi Beasts","floor":15.0,"turns":4.0},{"damage":41,"enemies":"DF_ARCHETYPE_STREAMLINE","floor":16,"turns":6}],"seed_played":"-3709473861116210587","potions_obtained":[{"floor":3.0,"key":"SteroidPotion"},{"floor":4.0,"key":"EntropicBrew"},{"floor":6.0,"key":"SpeedPotion"},{"floor":13.0,"key":"LiquidBronze"},{"floor":15.0,"key":"DuplicationPotion"}],"is_trial":false,"path_per_floor":["R","?","?","M","?","M","T","R","M","M","R","?","E","$","M","B"],"character_chosen":"THE_AUTOMATON","items_purchased":["bronze:CloningBeam","Matryoshka"],"campfire_rested":2,"item_purchase_floors":[14,14],"current_hp_per_floor":[63,63,13,6,6,12,12,30,24,31,49,24,31,38,40,0,0,0],"gold":52,"neow_bonus":"TRANSFORM_TWO_CARDS","is_daily":false,"chose_seed":false,"campfire_upgraded":1,"win_rate":0.0,"timestamp":1611129703,"path_taken":["R","?","?","M","?","M","T","R","?","M","R","?","E","?","M","BOSS"],"items_purchased_type":["Card","Relic"],"build_version":"2020-12-22","purchased_purges":1,"victory":false,"max_hp_per_floor":[63,63,63,63,63,63,63,63,63,63,63,63,63,63,63,63,63,63],"card_choices":[{"not_picked":["bronze:Invalidate","bronze:WildBeam"],"picked":"bronze:DelayedGuard","floor":3.0},{"not_picked":["bronze:WildBeam","bronze:GetLatest"],"picked":"bronze:Refactor","floor":4.0},{"not_picked":[],"picked":"bronze:DazingPulse","floor":5.0},{"not_picked":["bronze:Deprecate","bronze:DarkDash"],"picked":"bronze:Repair","floor":5.0},{"not_picked":["bronze:ForLoop","bronze:CutThrough"],"picked":"bronze:Iterate","floor":6.0},{"not_picked":["bronze:Constructor+1","bronze:Allocate+1"],"picked":"bronze:Shell+1","floor":9.0},{"not_picked":["bronze:Overload+1","bronze:ForceShield+1"],"picked":"bronze:RecursiveStrike","floor":10.0},{"not_picked":["bronze:Branch","bronze:WildBeam"],"picked":"bronze:BugBarrage","floor":13.0},{"not_picked":["bronze:Branch","bronze:BitShift+1"],"picked":"bronze:FineTuning+1","floor":14.0},{"not_picked":["bronze:DigitalCarnage","bronze:CloningBeam"],"picked":"bronze:FineTuning+1","floor":15.0}],"player_experience":1377626,"relics_obtained":[{"floor":7.0,"key":"Toxic Egg 2"},{"floor":13.0,"key":"Turnip"}],"event_choices":[{"damage_healed":0.0,"max_hp_gain":0.0,"max_hp_loss":0.0,"gold_gain":0.0,"event_name":"Scrap Ooze","player_choice":"Success","floor":12.0,"gold_loss":0.0,"damage_taken":25.0,"relics_obtained":["Juzu Bracelet"]}],"is_beta":false,"boss_relics":[],"items_purged_floors":[14],"is_endless":false,"potions_floor_spawned":[3,4,6,13,15],"killed_by":"DF_ARCHETYPE_STREAMLINE","ascension_level":0}}