{"host":"69vp7ghydxptgibg","time":1611168121,"event":{"mods":["Bartender","BaseMod","BetterRewards","Downfall","Hubris","Infinite Spire","Ironclad Rager","Jorbs\u0027s Wanderer Trilogy","Minty Spire (QoL Compilation)","READ ME - Guardian Mod","StSLib","The Bladedancer","The Cursed","The Exalted","The Factory","The Hierophant","The Judge","The Jungle","The Necromancer","The Servant 0.9.4"],"gold_per_floor":[99,109,109,14,33,50,50,50,64,49,78,78,106,106,123,224,224,124,134,146,56,74,74,101,101,101,101],"floor_reached":25,"language":"ENG","playtime":1534,"items_purged":["Slimebound:Strike_Slimebound"],"score":247,"play_id":"4df6c30d-3261-420d-948b-ae5fd38bcfd2","local_time":"20210120194201","is_ascension_mode":true,"campfire_choices":[{"data":"Slimebound:Split","floor":1,"key":"SMITH"},{"data":"Slimebound:ForwardTackle","floor":8,"key":"SMITH"},{"data":"Slimebound:AcidTongue","floor":12,"key":"SMITH"},{"floor":18,"key":"RECALL"}],"circlet_count":0,"master_deck":["Bromod:ArchwingLauncher+1","Slimebound:Strike_Slimebound","Slimebound:Strike_Slimebound","Slimebound:Tackle","Slimebound:Defend_Slimebound","Slimebound:Defend_Slimebound","Slimebound:Defend_Slimebound","Slimebound:Defend_Slimebound","Slimebound:Split+1","Slimebound:CorrosiveSpit","Slimebound:Gluttony","Slimebound:Chomp+1","Slimebound:ForwardTackle+1","Slimebound:LevelUp","Slimebound:LevelUp","Slimebound:OozeBath","Slimebound:Repurpose","Slimebound:AcidTongue+1","Slimebound:AcidTongue","Slimebound:MassFeed","Slimebound:SpikyOuterGoop+1","Slimebound:GoopTackle"],"relics":["Slimebound:AbsorbEndCombat","Bromod:ArcaneTempo","Fusion Hammer","downfall:HeartBlessingBlue","downfall:RedIOU","Lantern"],"acts_visited":["Exordium","TheCity"],"potions_floor_usage":[11,16,16,22],"damage_taken":[{"damage":8,"enemies":"Small Slimes","floor":2,"turns":3},{"damage":6,"enemies":"downfall:FleeingMerchant","floor":4,"turns":4},{"damage":4,"enemies":"Cultist","floor":5,"turns":3},{"damage":3,"enemies":"2 Louse","floor":6,"turns":4},{"damage":14,"enemies":"Red Slaver","floor":9,"turns":4},{"damage":11,"enemies":"downfall:FleeingMerchant","floor":10,"turns":4},{"damage":8,"enemies":"3 Sentries","floor":11,"turns":5},{"damage":23,"enemies":"Gremlin Nob","floor":13,"turns":4},{"damage":9,"enemies":"2 Fungi Beasts","floor":15,"turns":2},{"damage":14,"enemies":"IC_STATUS_ARCHETYPE","floor":16,"turns":8},{"damage":16,"enemies":"Chosen","floor":19,"turns":3},{"damage":41,"enemies":"3 Byrds","floor":20,"turns":5},{"damage":14,"enemies":"downfall:FleeingMerchant","floor":21,"turns":4},{"damage":30,"enemies":"Sentry and Sphere","floor":22,"turns":4},{"damage":14,"enemies":"downfall:FleeingMerchant","floor":25,"turns":2}],"seed_played":"-3855950987624851807","potions_obtained":[{"floor":6,"key":"SmokeBomb"},{"floor":9,"key":"hexamod:SoulburnPotion"},{"floor":13,"key":"Fire Potion"},{"floor":14,"key":"FearPotion"},{"floor":14,"key":"SteroidPotion"},{"floor":15,"key":"BlessingOfTheForge"},{"floor":19,"key":"Slimebound:SlimedPotion"},{"floor":22,"key":"sneckomod:MuddlingPotion"}],"is_trial":false,"path_per_floor":["R","M","?","$","M","M","T","R","M","$","E","R","E","?","M","B",null,"R","M","M","$","M","?","T","$"],"character_chosen":"SLIMEBOUND","items_purchased":["Slimebound:LevelUp"],"campfire_rested":0,"item_purchase_floors":[4],"current_hp_per_floor":[65,61,61,63,61,60,60,60,50,47,39,39,22,22,13,7,65,75,68,35,29,8,8,8,0,0,0],"gold":101,"neow_bonus":"THREE_CARDS","is_daily":false,"chose_seed":false,"campfire_upgraded":3,"win_rate":0.0,"timestamp":1611168121,"path_taken":["R","M","?","$","M","M","T","R","?","$","E","R","E","?","M","BOSS","R","M","M","$","M","?","T","$"],"items_purchased_type":["Card"],"build_version":"2020-12-22","purchased_purges":1,"victory":false,"max_hp_per_floor":[65,65,65,65,65,65,65,65,65,65,65,65,65,65,65,65,65,75,78,78,78,81,81,81,81,81,81],"card_choices":[{"not_picked":["Slimebound:ComboTackle","Slimebound:GoopTackle"],"picked":"Slimebound:Gluttony","floor":0},{"not_picked":["Slimebound:SlimeSpikes","Slimebound:SamplingLick"],"picked":"Slimebound:Chomp","floor":2},{"not_picked":["Slimebound:SplitMire","Slimebound:FormOfPuddle"],"picked":"Slimebound:ForwardTackle","floor":4},{"not_picked":["Slimebound:Prepare","Slimebound:Replication"],"picked":"Slimebound:LevelUp","floor":5},{"not_picked":["Slimebound:GoopTackle","Slimebound:LeechingTouch","Slimebound:LeechEnergy"],"picked":"SKIP","floor":6},{"not_picked":["Slimebound:Prepare","Slimebound:RejuvenatingLick"],"picked":"Slimebound:OozeBath","floor":9},{"not_picked":["Slimebound:DisruptingSlam","Slimebound:Dissolve"],"picked":"Slimebound:Repurpose","floor":10},{"not_picked":["Slimebound:RallyTheTroops","Slimebound:ViciousTackle"],"picked":"Slimebound:AcidTongue","floor":11},{"not_picked":["Slimebound:SplitSpecialist","Slimebound:MegaLick"],"picked":"Slimebound:AcidTongue","floor":13},{"not_picked":["Slimebound:SplitBruiser","Slimebound:ComboTackle","Slimebound:SplitLeeching"],"picked":"SKIP","floor":15},{"not_picked":["Slimebound:OneTwoCombo","Slimebound:DouseInSlime"],"picked":"Slimebound:MassFeed","floor":16},{"not_picked":["Slimebound:RainOfGoop+1","Slimebound:Chomp","Slimebound:HauntingLick"],"picked":"SKIP","floor":19},{"not_picked":["Slimebound:FinishingTackle","Slimebound:LeechingTouch"],"picked":"Slimebound:SpikyOuterGoop+1","floor":20},{"not_picked":["Slimebound:AcidTongue","Slimebound:HauntingLick+1"],"picked":"Slimebound:GoopTackle","floor":21},{"not_picked":["Slimebound:HauntingLick","Slimebound:LevelUp","Slimebound:ItLooksTasty"],"picked":"SKIP","floor":22}],"player_experience":553123,"relics_obtained":[{"floor":11,"key":"Bag of Marbles"},{"floor":13,"key":"Bromod:ArcaneTempo"},{"floor":24,"key":"Lantern"}],"event_choices":[{"damage_healed":0,"gold_gain":0,"player_choice":"Got Potions","damage_taken":0,"max_hp_gain":0,"max_hp_loss":0,"event_name":"Lab","floor":14,"gold_loss":0}],"is_beta":false,"boss_relics":[{"not_picked":["hubris:TerracottaHorce","Velvet Choker"],"picked":"Fusion Hammer"}],"items_purged_floors":[21],"is_endless":false,"potions_floor_spawned":[6,9,13,15,19,22],"killed_by":"downfall:FleeingMerchant","ascension_level":1}}