{"host":"nbmmy2ys5j9alw05","time":1611147512,"event":{"mods":["AchievementEnabler","BaseMod","Bestiary","Better Vampires","Colored Map","Colored Powertips","Googly Eyes","Minty Spire (QoL Compilation)","Quick Restart","StSLib","The Hierophant","The IronCluck","everything is the same but u backflip on backflip"],"gold_per_floor":[115,128,148,162,112,112,107,107,107,107,66,66,45,58,58,116,116,106,106,122,148,69,69,69,50,76,101,113,127,139,167,179,231,243,235,247,246,258,270,282,317,329,366,378,378],"floor_reached":44,"language":"ENG","playtime":2095,"items_purged":[],"score":624,"play_id":"153227ae-f1a4-4844-9d06-6c2dbc332b5b","local_time":"20210120045832","is_ascension_mode":true,"campfire_choices":[{"data":"hierophant:ArchangelShield","floor":6,"key":"SMITH"},{"data":"hierophant:Glossolalia","floor":8,"key":"SMITH"},{"data":"hierophant:Punish","floor":15,"key":"SMITH"},{"data":"hierophant:Chorus","floor":24,"key":"SMITH"},{"floor":28,"key":"REST"},{"data":"hierophant:SolarFlare","floor":30,"key":"SMITH"},{"data":"hierophant:HammerAndAnvil","floor":32,"key":"SMITH"},{"floor":40,"key":"REST"},{"data":"Madness","floor":42,"key":"SMITH"}],"circlet_count":0,"master_deck":["hierophant:Strike_Hierophant+1","hierophant:Strike_Hierophant","hierophant:Punish+1","hierophant:Defend_Hierophant","hierophant:Defend_Hierophant","hierophant:Defend_Hierophant","hierophant:Defend_Hierophant","hierophant:ChurchCoffers","hierophant:HammerAndAnvil+1","hierophant:ArchangelShield+1","hierophant:Glossolalia+1","hierophant:SolarFlare+1","hierophant:Blessing","hierophant:SealAway+1","hierophant:Doubloon+1","hierophant:Doubloon+1","hierophant:Chorus+1","hierophant:Doubloon","hierophant:Invocation","Apotheosis","Madness+1","Madness","hierophant:DisplayOfPower+1"],"relics":["hierophant:PropheticMaskRelic","NeowsBlessing","Pantograph","StrikeDummy","Sozu","Red Mask","Happy Flower","Bottled Lightning","MawBank","Lantern","Juzu Bracelet","SlaversCollar","Letter Opener","Whetstone"],"acts_visited":["Exordium","TheCity","TheBeyond"],"potions_floor_usage":[2,4,13,13,16,16,20],"damage_taken":[{"damage":0,"enemies":"Jaw Worm","floor":1,"turns":1},{"damage":0,"enemies":"Small Slimes","floor":2,"turns":1},{"damage":0,"enemies":"Cultist","floor":3,"turns":1},{"damage":0,"enemies":"3 Louse","floor":4,"turns":1},{"damage":22,"enemies":"3 Sentries","floor":7,"turns":13},{"damage":11,"enemies":"Blue Slaver","floor":11,"turns":3},{"damage":0,"enemies":"Large Slime","floor":13,"turns":5},{"damage":16,"enemies":"2 Fungi Beasts","floor":14,"turns":4},{"damage":27,"enemies":"The Guardian","floor":16,"turns":15},{"damage":0,"enemies":"Spheric Guardian","floor":18,"turns":3},{"damage":24,"enemies":"Masked Bandits","floor":20,"turns":4},{"damage":0,"enemies":"Gremlin Leader","floor":25,"turns":4},{"damage":36,"enemies":"Slavers","floor":27,"turns":4},{"damage":0,"enemies":"Gremlin Leader","floor":29,"turns":4},{"damage":3,"enemies":"Chosen","floor":31,"turns":4},{"damage":7,"enemies":"Champ","floor":33,"turns":8},{"damage":35,"enemies":"3 Darklings","floor":35,"turns":6},{"damage":17,"enemies":"Orb Walker","floor":37,"turns":3},{"damage":24,"enemies":"Nemesis","floor":41,"turns":7},{"damage":40,"enemies":"Spire Growth","floor":44,"turns":4}],"seed_played":"1385951097052250357","potions_obtained":[{"floor":2,"key":"EntropicBrew"},{"floor":4,"key":"Swift Potion"},{"floor":7,"key":"PowerPotion"},{"floor":14,"key":"EssenceOfSteel"},{"floor":16,"key":"BlessingOfTheForge"}],"is_trial":false,"path_per_floor":["M","M","M","M","?","R","E","R","T","$","M","?","M","M","R","B",null,"M","?","?","T","$","?","R","E","T","E","R","E","R","M","R","B",null,"M","?","M","?","?","R","E","R","T","M"],"character_chosen":"HIEROPHANT","items_purchased":["hierophant:Chorus"],"campfire_rested":2,"item_purchase_floors":[22],"current_hp_per_floor":[75,75,75,75,75,75,53,53,53,53,42,42,49,40,40,45,75,75,75,51,51,51,51,51,58,58,29,51,58,58,62,62,68,75,47,47,37,37,28,50,33,33,33,3,3],"gold":378,"neow_bonus":"THREE_ENEMY_KILL","is_daily":false,"chose_seed":false,"campfire_upgraded":7,"win_rate":0.0,"timestamp":1611147512,"path_taken":["M","M","M","M","?","R","E","R","T","$","M","?","M","?","R","BOSS","M","?","?","?","$","?","R","E","T","E","R","E","R","M","R","BOSS","M","?","M","?","?","R","E","R","T","M"],"items_purchased_type":["Card"],"build_version":"2020-12-22","purchased_purges":0,"victory":false,"max_hp_per_floor":[75,75,75,75,75,75,75,75,75,75,75,75,75,75,75,75,75,75,75,75,75,75,75,75,75,75,75,75,75,75,75,75,75,75,75,75,75,75,75,75,75,75,75,75,75],"card_choices":[{"not_picked":["hierophant:RepressedViolence","hierophant:Doubloon"],"picked":"hierophant:HammerAndAnvil","floor":1},{"not_picked":["hierophant:RustyCrate","hierophant:Encroach"],"picked":"hierophant:ArchangelShield","floor":2},{"not_picked":["hierophant:RustyCrate","hierophant:Remorse","hierophant:MintersHammer"],"picked":"SKIP","floor":3},{"not_picked":["hierophant:Alms","hierophant:Repentance"],"picked":"hierophant:Glossolalia","floor":4},{"not_picked":["hierophant:ArchangelShield","hierophant:Glossolalia"],"picked":"hierophant:SolarFlare","floor":7},{"not_picked":["hierophant:Mercenaries","hierophant:Remorse"],"picked":"hierophant:Blessing","floor":11},{"not_picked":["hierophant:Bribe","hierophant:CursedGold","hierophant:Purify"],"picked":"SKIP","floor":13},{"not_picked":["hierophant:Remorse","hierophant:HolyVerse"],"picked":"hierophant:SealAway","floor":14},{"not_picked":["hierophant:DisplayOfPower","hierophant:OrnateBuckler"],"picked":"hierophant:Doubloon+1","floor":18},{"not_picked":["hierophant:RepressedViolence","hierophant:Charity+1"],"picked":"hierophant:Doubloon+1","floor":20},{"not_picked":["hierophant:SealAway","hierophant:Alms","hierophant:Endure"],"picked":"SKIP","floor":25},{"not_picked":["hierophant:Purify","hierophant:Bribe"],"picked":"hierophant:Doubloon","floor":27},{"not_picked":["hierophant:Bribe+1","hierophant:Repentance","hierophant:PristineSoul"],"picked":"SKIP","floor":29},{"not_picked":["hierophant:Racketeering+1","hierophant:Upheaval","hierophant:SealAway"],"picked":"SKIP","floor":31},{"not_picked":["hierophant:AuricForm","hierophant:Determination"],"picked":"hierophant:Invocation","floor":33},{"not_picked":["hierophant:PassingBell+1","hierophant:Glossolalia","hierophant:Purify+1"],"picked":"SKIP","floor":35},{"not_picked":["Blind","HandOfGreed"],"picked":"Apotheosis","floor":36},{"not_picked":["hierophant:Encroach+1","hierophant:PassingBell+1","hierophant:Purify"],"picked":"SKIP","floor":37},{"not_picked":["hierophant:RepressedViolence+1","hierophant:PassingBell+1"],"picked":"hierophant:DisplayOfPower+1","floor":41}],"player_experience":507013,"relics_obtained":[{"floor":7,"key":"Pantograph"},{"floor":9,"key":"StrikeDummy"},{"floor":20,"key":"Red Mask"},{"floor":21,"key":"Happy Flower"},{"floor":25,"key":"Bottled Lightning"},{"floor":26,"key":"MawBank"},{"floor":27,"key":"Lantern"},{"floor":29,"key":"Juzu Bracelet"},{"floor":41,"key":"Letter Opener"},{"floor":43,"key":"Whetstone"}],"event_choices":[{"cards_removed":["hierophant:Strike_Hierophant"],"damage_healed":0,"gold_gain":0,"player_choice":"Card Removal","damage_taken":0,"max_hp_gain":0,"max_hp_loss":0,"event_name":"The Cleric","floor":5,"gold_loss":50},{"damage_healed":0,"gold_gain":0,"player_choice":"Bought 0 Potions","damage_taken":0,"max_hp_gain":0,"max_hp_loss":0,"event_name":"The Woman in Blue","floor":12,"gold_loss":0},{"cards_removed":["hierophant:Strike_Hierophant"],"damage_healed":0,"gold_gain":0,"player_choice":"Elegance","damage_taken":0,"max_hp_gain":0,"max_hp_loss":0,"event_name":"Back to Basics","floor":19,"gold_loss":0},{"damage_healed":0,"gold_gain":0,"player_choice":"Fought Bandits","damage_taken":0,"max_hp_gain":0,"max_hp_loss":0,"event_name":"Masked Bandits","floor":20,"gold_loss":0},{"damage_healed":0,"gold_gain":0,"player_choice":"Memory 1","damage_taken":0,"max_hp_gain":0,"max_hp_loss":0,"event_name":"SensoryStone","floor":36,"gold_loss":0},{"damage_healed":0,"gold_gain":0,"player_choice":"Ignored","damage_taken":0,"max_hp_gain":0,"max_hp_loss":0,"event_name":"The Moai Head","floor":38,"gold_loss":0},{"damage_healed":0,"gold_gain":0,"player_choice":"Embrace Madness","damage_taken":9,"max_hp_gain":0,"max_hp_loss":0,"event_name":"Winding Halls","floor":39,"gold_loss":0,"cards_obtained":["Madness","Madness"]}],"is_beta":false,"boss_relics":[{"not_picked":["Black Star","Coffee Dripper"],"picked":"Sozu"},{"not_picked":["Velvet Choker","Pandora\u0027s Box"],"picked":"SlaversCollar"}],"items_purged_floors":[],"is_endless":false,"potions_floor_spawned":[2,3,4,7,14,16,25,27,37,41],"killed_by":"Spire Growth","ascension_level":2}}