{"host":"vfh4a5lsno7fg1vy","time":1611138884,"event":{"mods":["BaseMod","Minty Spire (QoL Compilation)","StSLib","Synergy Search"],"gold_per_floor":[109,109,109,55,72,72,97,138,200,238,250,279,291,319,331,441,453,484,509,521,533,533],"floor_reached":21,"language":"KOR","playtime":885,"items_purged":[],"score":233,"play_id":"c819bc9b-7010-4a12-be44-58b9e35d531f","local_time":"20210120193444","is_ascension_mode":true,"campfire_choices":[{"data":"Armaments","floor":6.0,"key":"SMITH"},{"floor":11.0,"key":"REST"},{"data":"Flex","floor":15.0,"key":"SMITH"}],"circlet_count":0,"master_deck":["Strike_R","Strike_R","Strike_R","Strike_R","Defend_R","Defend_R","Defend_R","Defend_R","Bash","Armaments+1","Regret","Flex+1","Combust","Uppercut","Warcry","Fiend Fire","Blood for Blood","Cleave","Feed","Inflame","Rupture+1"],"relics":["Black Blood","NeowsBlessing","FossilizedHelix","MawBank","Odd Mushroom","Nunchaku","Toy Ornithopter","Kunai"],"acts_visited":["Exordium","TheCity"],"potions_floor_usage":[],"damage_taken":[{"damage":0.0,"enemies":"Jaw Worm","floor":1.0,"turns":1.0},{"damage":0.0,"enemies":"Small Slimes","floor":5.0,"turns":1.0},{"damage":0.0,"enemies":"Gremlin Nob","floor":7.0,"turns":1.0},{"damage":24.0,"enemies":"The Mushroom Lair","floor":8.0,"turns":4.0},{"damage":40.0,"enemies":"3 Sentries","floor":10.0,"turns":6.0},{"damage":0.0,"enemies":"Cultist","floor":12.0,"turns":3.0},{"damage":11.0,"enemies":"3 Louse","floor":14.0,"turns":4.0},{"damage":31.0,"enemies":"Hexaghost","floor":16.0,"turns":9.0},{"damage":30.0,"enemies":"3 Byrds","floor":18.0,"turns":5.0},{"damage":33.0,"enemies":"2 Thieves","floor":19.0,"turns":4.0},{"damage":43,"enemies":"Snecko","floor":21,"turns":5}],"seed_played":"4931463461102559597","potions_obtained":[{"floor":5.0,"key":"DistilledChaos"},{"floor":10.0,"key":"DistilledChaos"},{"floor":16.0,"key":"EssenceOfSteel"},{"floor":18.0,"key":"Strength Potion"}],"is_trial":false,"path_per_floor":["M","?","?","$","M","R","E","?","T","E","R","M","T","M","R","B",null,"M","M","?","M"],"character_chosen":"IRONCLAD","items_purchased":["Flex"],"campfire_rested":1,"item_purchase_floors":[4],"current_hp_per_floor":[80,73,73,73,79,79,80,62,62,28,52,58,58,53,53,38,80,62,46,38,0,0],"gold":533,"neow_bonus":"THREE_ENEMY_KILL","is_daily":false,"chose_seed":false,"campfire_upgraded":2,"win_rate":0.0,"timestamp":1611138884,"path_taken":["M","?","?","$","?","R","E","?","T","E","R","M","?","M","R","BOSS","M","M","?","?"],"items_purchased_type":["Card"],"build_version":"2020-12-22","purchased_purges":0,"victory":false,"max_hp_per_floor":[80,80,80,80,80,80,80,80,80,80,80,80,80,80,80,80,80,80,80,80,80,80],"card_choices":[{"not_picked":["Wild Strike","Hemokinesis"],"picked":"Armaments","floor":1.0},{"not_picked":["Dark Embrace","Flex"],"picked":"Combust","floor":5.0},{"not_picked":["Reckless Charge","Power Through"],"picked":"Uppercut","floor":7.0},{"not_picked":["Power Through","Iron Wave"],"picked":"Warcry","floor":8.0},{"not_picked":["Feel No Pain","Iron Wave"],"picked":"Fiend Fire","floor":10.0},{"not_picked":["Armaments","Flex"],"picked":"Blood for Blood","floor":12.0},{"not_picked":["Clash","Thunderclap"],"picked":"Cleave","floor":14.0},{"not_picked":["Exhume","Offering"],"picked":"Feed","floor":16.0},{"not_picked":["Headbutt","Sever Soul"],"picked":"Inflame","floor":18.0},{"not_picked":["Perfected Strike","Rampage+1"],"picked":"Rupture+1","floor":19.0}],"player_experience":211484,"relics_obtained":[{"floor":7.0,"key":"MawBank"},{"floor":8.0,"key":"Odd Mushroom"},{"floor":9.0,"key":"Nunchaku"},{"floor":10.0,"key":"Toy Ornithopter"},{"floor":13.0,"key":"Kunai"}],"event_choices":[{"cards_removed":["Strike_R"],"damage_healed":0.0,"max_hp_gain":0.0,"max_hp_loss":0.0,"gold_gain":0.0,"event_name":"Golden Wing","player_choice":"Card Removal","floor":2.0,"gold_loss":0.0,"damage_taken":7.0},{"damage_healed":0.0,"max_hp_gain":0.0,"max_hp_loss":0.0,"gold_gain":0.0,"event_name":"Big Fish","player_choice":"Box","floor":3.0,"gold_loss":0.0,"damage_taken":0.0,"relics_obtained":["FossilizedHelix"],"cards_obtained":["Regret"]},{"damage_healed":0.0,"max_hp_gain":0.0,"max_hp_loss":0.0,"gold_gain":0.0,"event_name":"Mushrooms","player_choice":"Fought Mushrooms","floor":8.0,"gold_loss":0.0,"damage_taken":0.0},{"damage_healed":0.0,"max_hp_gain":0.0,"max_hp_loss":0.0,"gold_gain":0.0,"event_name":"Wheel of Change","player_choice":"Damaged","floor":20.0,"gold_loss":0.0,"damage_taken":8.0}],"is_beta":false,"boss_relics":[{"not_picked":["Cursed Key","Mark of Pain"],"picked":"Black Blood"}],"items_purged_floors":[],"is_endless":false,"potions_floor_spawned":[5,10,16,18],"killed_by":"Snecko","ascension_level":2}}