{"host":"d9m9v0h6vo0edadb","time":1611118676,"event":{"mods":["BaseMod","Hermit","Keyboard Shortcuts","Minty Spire (QoL Compilation)","StSLib","SuperFastMode","The Cursed"],"gold_per_floor":[117,42,92,109,30,30,30,30,30,30,65,65,84,95,95,95,95],"floor_reached":16,"language":"KOR","playtime":193,"items_purged":["Strike_G"],"score":196,"play_id":"4e831f5b-3249-4d1c-90d0-f2a8a2cc372e","local_time":"20210120135756","is_ascension_mode":true,"campfire_choices":[{"data":"1","floor":6.0,"key":"LIFT"},{"data":"2","floor":8.0,"key":"LIFT"},{"data":"3","floor":10.0,"key":"LIFT"},{"data":"Bouncing Flask","floor":12.0,"key":"SMITH"},{"data":"Prepared","floor":15.0,"key":"SMITH"}],"circlet_count":0,"master_deck":["AscendersBane","Strike_G","Strike_G","Strike_G","Strike_G","Defend_G","Defend_G","Defend_G","Defend_G","Defend_G","Survivor","Neutralize","Bouncing Flask+1","Backflip","Catalyst","Footwork","Reflex","Prepared+1"],"relics":["Ring of the Snake","Girya","Art of War","Ginger"],"acts_visited":["Exordium"],"potions_floor_usage":[],"damage_taken":[{"damage":7.0,"enemies":"Small Slimes","floor":1.0,"turns":5.0},{"damage":1.0,"enemies":"Cultist","floor":4.0,"turns":4.0},{"damage":10.0,"enemies":"Lagavulin","floor":11.0,"turns":5.0},{"damage":0.0,"enemies":"2 Louse","floor":13.0,"turns":2.0},{"damage":10.0,"enemies":"Large Slime","floor":14.0,"turns":7.0},{"damage":35,"enemies":"Slime Boss","floor":16,"turns":7}],"seed_played":"9221912624343895949","potions_obtained":[{"floor":1.0,"key":"SpeedPotion"},{"floor":4.0,"key":"Energy Potion"},{"floor":7.0,"key":"Regen Potion"},{"floor":14.0,"key":"Fruit Juice"}],"is_trial":false,"path_per_floor":["M","$","?","M","$","R","?","R","T","R","E","R","M","M","R","B"],"character_chosen":"THE_SILENT","items_purchased":["Catalyst"],"campfire_rested":0,"item_purchase_floors":[5],"current_hp_per_floor":[37,37,37,36,36,36,36,36,36,36,41,41,41,31,31,0,0],"gold":95,"neow_bonus":"ONE_RARE_RELIC","is_daily":false,"chose_seed":false,"campfire_upgraded":2,"win_rate":0.0,"timestamp":1611118676,"path_taken":["M","$","?","M","?","R","?","R","T","R","E","R","M","?","R","BOSS"],"items_purchased_type":["Card"],"build_version":"2020-12-22","purchased_purges":1,"victory":false,"max_hp_per_floor":[66,66,66,66,66,66,66,66,66,66,66,66,66,66,66,66,66],"card_choices":[{"not_picked":["Dash","Setup"],"picked":"Bouncing Flask","floor":1.0},{"not_picked":["Dagger Spray","Finisher"],"picked":"Backflip","floor":4.0},{"not_picked":["Caltrops","Quick Slash"],"picked":"Footwork","floor":11.0},{"not_picked":["Heel Hook","Crippling Poison"],"picked":"Reflex","floor":13.0},{"not_picked":["Masterful Stab","Leg Sweep"],"picked":"Prepared","floor":14.0}],"player_experience":980188,"relics_obtained":[{"floor":9.0,"key":"Art of War"},{"floor":11.0,"key":"Ginger"}],"event_choices":[{"damage_healed":0.0,"max_hp_gain":0.0,"max_hp_loss":0.0,"gold_gain":50.0,"event_name":"Golden Shrine","player_choice":"Pray","floor":3.0,"gold_loss":0.0,"damage_taken":0.0},{"damage_healed":0.0,"max_hp_gain":0.0,"max_hp_loss":0.0,"gold_gain":0.0,"event_name":"Lab","player_choice":"Got Potions","floor":7.0,"gold_loss":0.0,"damage_taken":0.0}],"is_beta":false,"boss_relics":[],"items_purged_floors":[2],"is_endless":false,"potions_floor_spawned":[1,4,14],"killed_by":"Slime Boss","ascension_level":20}}