{"host":"3po7ngt2j61s4rmj","time":1611122417,"event":{"mods":["BaseMod","JesterMod","Minty Spire (QoL Compilation)","Relic Stats","Shade Mod","StSLib","The Jungle"],"gold_per_floor":[116,126,145,164,184,184,220,249,249,249,287,31,59,72,72,184,184,230,278,314,414,457,793,793,854,899,899,899],"floor_reached":27,"language":"ENG","playtime":3418,"items_purged":[],"score":348,"play_id":"5b77c392-75ad-4cdb-a248-8b9b96af6ec8","local_time":"20210119230017","is_ascension_mode":true,"campfire_choices":[{"floor":6,"key":"REST"},{"floor":10,"key":"REST"},{"floor":15,"key":"REST"},{"data":"Meditate","floor":24,"key":"SMITH"}],"circlet_count":0,"master_deck":["Strike_P","Strike_P","Strike_P","Strike_P","Defend_P","Defend_P","Defend_P","Defend_P","Eruption","Vigilance","Halt","EmptyFist","WheelKick","Vengeance","TalkToTheHand","Establishment","WaveOfTheHand","FlurryOfBlows","FlurryOfBlows","Meditate+1","Wish","EmptyFist+1","Halt+1","Indignation","WindmillStrike"],"relics":["PureWater","Peace Pipe","CeramicFish","Thread and Needle","Singing Bowl","HornCleat","Runic Dome","Old Coin","Lizard Tail","Bronze Scales"],"acts_visited":["Exordium","Exordium"],"potions_floor_usage":[7,8,13,16,20,22],"damage_taken":[{"damage":2,"enemies":"Jaw Worm","floor":1,"turns":3},{"damage":12,"enemies":"Small Slimes","floor":2,"turns":4},{"damage":0,"enemies":"2 Louse","floor":3,"turns":2},{"damage":31,"enemies":"Large Slime","floor":4,"turns":7},{"damage":3,"enemies":"3 Louse","floor":5,"turns":2},{"damage":22,"enemies":"Gremlin Nob","floor":7,"turns":4},{"damage":0,"enemies":"Blue Slaver","floor":8,"turns":2},{"damage":22,"enemies":"Lagavulin","floor":11,"turns":8},{"damage":0,"enemies":"Looter","floor":13,"turns":2},{"damage":0,"enemies":"Large Slime","floor":14,"turns":3},{"damage":15,"enemies":"Slime Boss","floor":16,"turns":9},{"damage":0,"enemies":"theJungle:5_Spyders","floor":18,"turns":7},{"damage":8,"enemies":"theJungle:GiantWrat","floor":19,"turns":5},{"damage":18,"enemies":"theJungle:2_Snecko_Cultists","floor":20,"turns":4},{"damage":0,"enemies":"theJungle:Snecko_Cultist_And_Trap","floor":22,"turns":5},{"damage":12,"enemies":"theJungle:Cassacara","floor":23,"turns":5},{"damage":12,"enemies":"theJungle:2_Phrogs","floor":25,"turns":8},{"damage":91,"enemies":"theJungle:MamaSnecko","floor":27,"turns":5}],"seed_played":"4310319330476228326","potions_obtained":[{"floor":4,"key":"LiquidMemories"},{"floor":7,"key":"DistilledChaos"},{"floor":11,"key":"AttackPotion"},{"floor":14,"key":"LiquidMemories"},{"floor":18,"key":"PowerPotion"},{"floor":19,"key":"Regen Potion"},{"floor":23,"key":"BottledMiracle"}],"is_trial":false,"path_per_floor":["M","M","M","M","M","R","E","M","T","R","E","$","M","M","R","B",null,"M","M","M","?","M","E","R","E","T","E"],"character_chosen":"WATCHER","items_purchased":["HornCleat","FlurryOfBlows"],"campfire_rested":3,"item_purchase_floors":[12,12],"current_hp_per_floor":[49,37,37,6,3,24,2,2,2,23,1,1,1,3,25,10,74,74,66,61,56,58,46,46,34,34,0,0],"gold":899,"neow_bonus":"ONE_RARE_RELIC","is_daily":false,"chose_seed":false,"campfire_upgraded":1,"win_rate":0.0,"timestamp":1611122417,"path_taken":["M","M","M","M","M","R","E","M","T","R","E","$","M","M","R","BOSS","M","M","M","?","M","E","R","E","T","E"],"items_purchased_type":["Relic","Card"],"build_version":"2020-12-22","purchased_purges":0,"victory":false,"max_hp_per_floor":[72,72,72,72,72,72,72,72,72,72,72,72,72,74,74,74,74,74,74,76,76,78,78,78,78,78,78,78],"relic_stats":{"Peace Pipe":0,"Lizard Tail":39,"Singing Bowl":6,"counters":[18,85],"CeramicFish":90,"Bronze Scales":[18],"obtain_stats":[{"Peace Pipe":0,"Runic Dome":17,"Lizard Tail":25,"HornCleat":12,"Singing Bowl":11,"CeramicFish":7,"Bronze Scales":26,"Thread and Needle":9,"PureWater":0,"Old Coin":23},{"Peace Pipe":0,"Runic Dome":11,"Lizard Tail":17,"HornCleat":8,"Singing Bowl":8,"CeramicFish":6,"Bronze Scales":17,"Thread and Needle":7,"PureWater":0,"Old Coin":16},{"Peace Pipe":0,"Runic Dome":46,"Lizard Tail":80,"HornCleat":32,"Singing Bowl":32,"CeramicFish":22,"Bronze Scales":80,"Thread and Needle":24,"PureWater":0,"Old Coin":72}]},"card_choices":[{"not_picked":["BowlingBash","Protect"],"picked":"Halt","floor":1},{"not_picked":["EmptyBody","Evaluate"],"picked":"EmptyFist","floor":2},{"not_picked":["ClearTheMind","Halt"],"picked":"WheelKick","floor":3},{"not_picked":["Swivel","SignatureMove"],"picked":"Vengeance","floor":4},{"not_picked":["Consecrate","FollowUp"],"picked":"TalkToTheHand","floor":5},{"not_picked":["Protect","Collect"],"picked":"Establishment","floor":7},{"not_picked":["Crescendo","DeceiveReality"],"picked":"WaveOfTheHand","floor":8},{"not_picked":["PathToVictory","JustLucky"],"picked":"FlurryOfBlows","floor":11},{"not_picked":["Crescendo","Prostrate"],"picked":"Meditate","floor":13},{"not_picked":["Evaluate","ThirdEye","Study"],"picked":"Singing Bowl","floor":14},{"not_picked":["Judgement","Blasphemy"],"picked":"Wish","floor":16},{"not_picked":["LikeWater","WheelKick"],"picked":"EmptyFist+1","floor":18},{"not_picked":["ReachHeaven+1","EmptyFist+1"],"picked":"Halt+1","floor":19},{"not_picked":["EmptyBody","Crescendo+1","WreathOfFlame"],"picked":"Singing Bowl","floor":20},{"not_picked":["EmptyFist","Consecrate","WindmillStrike"],"picked":"Singing Bowl","floor":22},{"not_picked":["Crescendo","Prostrate"],"picked":"Indignation","floor":23},{"not_picked":["EmptyBody","Conclude"],"picked":"WindmillStrike","floor":25}],"player_experience":1079413,"relics_obtained":[{"floor":7,"key":"CeramicFish"},{"floor":9,"key":"Thread and Needle"},{"floor":11,"key":"Singing Bowl"},{"floor":23,"key":"Old Coin"},{"floor":25,"key":"Lizard Tail"},{"floor":26,"key":"Bronze Scales"}],"event_choices":[],"is_beta":false,"boss_relics":[{"not_picked":["SlaversCollar","Coffee Dripper"],"picked":"Runic Dome"}],"items_purged_floors":[],"is_endless":false,"potions_floor_spawned":[4,7,11,14,18,19,23],"killed_by":"theJungle:MamaSnecko","ascension_level":4}}