{"host":"2zt55z1m1j8q763w","time":1611142656,"event":{"mods":["AchievementEnabler","BaseMod","Highlight Path","Minty Spire (QoL Compilation)","Relic Stats"],"gold_per_floor":[114,127,140,315,331,331,281,292,292,292,38,73,73,91,91,194,194,204,214,225,225,225,225],"floor_reached":22,"language":"ENG","playtime":1912,"items_purged":["Doubt"],"score":213,"play_id":"ea8e8923-c18f-4441-be00-79c571f8c41f","local_time":"20210120123736","is_ascension_mode":false,"campfire_choices":[{"data":"Feed","floor":6,"key":"SMITH"},{"data":"True Grit","floor":10,"key":"SMITH"},{"data":"Bloodletting","floor":13,"key":"SMITH"},{"floor":15,"key":"REST"}],"circlet_count":0,"master_deck":["Strike_R","Strike_R","Strike_R","Strike_R","Defend_R","Defend_R","Defend_R","Defend_R","Bash","Feed+1","Flex","Flex","Shrug It Off","True Grit+1","Demon Form","Cleave+1","Bloodletting+1","Limit Break","Reckless Charge+1","Shrug It Off+1"],"relics":["Burning Blood","Molten Egg 2","Medical Kit","Frozen Egg 2","Cursed Key"],"acts_visited":["Exordium","TheCity"],"potions_floor_usage":[12,14,20,20],"damage_taken":[{"damage":10,"enemies":"Jaw Worm","floor":1,"turns":4},{"damage":5,"enemies":"2 Louse","floor":2,"turns":2},{"damage":12,"enemies":"Small Slimes","floor":3,"turns":4},{"damage":11,"enemies":"Exordium Wildlife","floor":5,"turns":5},{"damage":9,"enemies":"Large Slime","floor":8,"turns":10},{"damage":30,"enemies":"3 Sentries","floor":12,"turns":5},{"damage":5,"enemies":"3 Louse","floor":14,"turns":2},{"damage":50,"enemies":"Slime Boss","floor":16,"turns":12},{"damage":24,"enemies":"Shell Parasite","floor":18,"turns":7},{"damage":19,"enemies":"Spheric Guardian","floor":19,"turns":5},{"damage":75,"enemies":"Cultist and Chosen","floor":20,"turns":12},{"damage":28,"enemies":"3 Cultists","floor":22,"turns":4}],"seed_played":"3037824182461306604","potions_obtained":[{"floor":1,"key":"PowerPotion"},{"floor":8,"key":"BloodPotion"},{"floor":12,"key":"Swift Potion"},{"floor":18,"key":"PowerPotion"}],"is_trial":false,"path_per_floor":["M","M","M","?","M","R","?","M","T","R","$","E","R","M","R","B",null,"M","M","M","?","M"],"character_chosen":"IRONCLAD","items_purchased":["Medical Kit","Cleave+1"],"campfire_rested":1,"item_purchase_floors":[11,11],"current_hp_per_floor":[55,59,53,53,51,51,51,48,48,48,48,28,28,33,62,18,97,79,66,21,21,0,0],"gold":225,"neow_bonus":"THREE_RARE_CARDS","is_daily":false,"chose_seed":false,"campfire_upgraded":3,"win_rate":0.0,"timestamp":1611142656,"path_taken":["M","M","M","?","M","R","?","M","T","R","$","E","R","M","R","BOSS","M","M","M","?","M"],"items_purchased_type":["Relic","Card"],"build_version":"2020-12-22","purchased_purges":1,"victory":false,"max_hp_per_floor":[83,86,86,86,89,89,89,89,89,89,89,93,93,97,97,97,97,97,97,101,101,105,105],"relic_stats":{"counters":[12,72],"Medical Kit":[9],"Cursed Key":0,"obtain_stats":[{"Molten Egg 2":9,"Frozen Egg 2":12,"Medical Kit":11,"Cursed Key":17,"Burning Blood":0},{"Molten Egg 2":5,"Frozen Egg 2":6,"Medical Kit":5,"Cursed Key":8,"Burning Blood":0},{"Molten Egg 2":25,"Frozen Egg 2":30,"Medical Kit":25,"Cursed Key":44,"Burning Blood":0}],"Burning Blood":66},"card_choices":[{"not_picked":["Juggernaut","Bludgeon"],"picked":"Feed","floor":0},{"not_picked":["Reckless Charge","Fire Breathing"],"picked":"Flex","floor":1},{"not_picked":["True Grit","Sever Soul"],"picked":"Flex","floor":2},{"not_picked":["Wild Strike","Battle Trance"],"picked":"Shrug It Off","floor":3},{"not_picked":["Wild Strike","Second Wind"],"picked":"True Grit","floor":5},{"not_picked":["Clash","Clothesline"],"picked":"Demon Form","floor":8},{"not_picked":["Headbutt+1","Clothesline+1"],"picked":"Bloodletting","floor":12},{"not_picked":["Reckless Charge+1","Dropkick+1","Sever Soul+1"],"picked":"SKIP","floor":14},{"not_picked":["Impervious","Bludgeon+1"],"picked":"Limit Break","floor":16},{"not_picked":["Headbutt+1","Sword Boomerang+1"],"picked":"Reckless Charge+1","floor":18},{"not_picked":["Body Slam+1","Sword Boomerang+1"],"picked":"Shrug It Off+1","floor":19},{"not_picked":["Sword Boomerang+1","Blood for Blood+1","Searing Blow+1"],"picked":"SKIP","floor":20}],"player_experience":68507,"relics_obtained":[{"floor":9,"key":"Molten Egg 2"},{"floor":12,"key":"Frozen Egg 2"}],"event_choices":[{"damage_healed":0,"gold_gain":175,"player_choice":"AGREE","damage_taken":0,"max_hp_gain":0,"max_hp_loss":0,"event_name":"Liars Game","floor":4,"gold_loss":0,"cards_obtained":["Doubt"]},{"cards_removed":["Strike_R"],"damage_healed":0,"gold_gain":0,"player_choice":"Card Removal","damage_taken":0,"max_hp_gain":0,"max_hp_loss":0,"event_name":"The Cleric","floor":7,"gold_loss":50},{"damage_healed":0,"gold_gain":0,"player_choice":"Ignored","damage_taken":0,"max_hp_gain":0,"max_hp_loss":0,"event_name":"Vampires","floor":21,"gold_loss":0}],"is_beta":false,"boss_relics":[{"not_picked":["Runic Cube","Astrolabe"],"picked":"Cursed Key"}],"items_purged_floors":[11],"is_endless":false,"potions_floor_spawned":[1,8,12,18],"killed_by":"3 Cultists","ascension_level":0}}