{"host":"g2kelmgng7xf1xjg","time":1611178769,"event":{"mods":["BaseMod","Bestiary","Highlight Path","Minty Spire (QoL Compilation)","Relic Stats","StSLib"],"gold_per_floor":[110,128,147,158,168,168,198,198,198,224,224,243,243,261,261,359,359,372,20,20,34,54,54,83,83,83,94,194,194,229,246,246,349,349,369,386,405,405,423,448,448,481,481,481,352,652,663,698,698,698],"floor_reached":51,"language":"ENG","playtime":4722,"items_purged":["Strike_B+1"],"score":1083,"play_id":"d5dda14b-f40c-4985-9e02-f9b155f4c8e4","local_time":"20210120153929","is_ascension_mode":true,"campfire_choices":[{"data":"Dualcast","floor":6,"key":"SMITH"},{"floor":11,"key":"REST"},{"data":"Loop","floor":13,"key":"SMITH"},{"data":"Darkness","floor":15,"key":"SMITH"},{"data":"Creative AI","floor":23,"key":"SMITH"},{"floor":25,"key":"REST"},{"floor":32,"key":"REST"},{"data":"Capacitor","floor":41,"key":"SMITH"},{"data":"Recycle","floor":44,"key":"SMITH"},{"data":"Capacitor","floor":49,"key":"SMITH"}],"circlet_count":0,"master_deck":["Strike_B+1","Strike_B+1","Defend_B+1","Defend_B+1","Defend_B+1","Defend_B+1","Zap+1","Dualcast+1","Scrape","Chill","Barrage","Darkness+1","Go for the Eyes","Loop+1","Skim","Cold Snap","Reboot","Coolheaded","Creative AI+1","Conserve Battery","Conserve Battery","Finesse","Hologram","Capacitor+1","Force Field","Recycle+1","BootSequence","Core Surge","Capacitor+1","Hologram+1","Coolheaded+1"],"relics":["Cracked Core","Vajra","StoneCalendar","Emotion Chip","Cursed Key","Membership Card","DataDisk","Bottled Tornado","White Beast Statue","Thread and Needle","The Courier","Cables","Philosopher\u0027s Stone","Blood Vial","Centennial Puzzle","Lee\u0027s Waffle","Happy Flower"],"acts_visited":["Exordium","TheCity","TheBeyond"],"potions_floor_usage":[10,24,28,30,33,33,42,47,47],"damage_taken":[{"damage":12,"enemies":"Jaw Worm","floor":1,"turns":3},{"damage":0,"enemies":"Cultist","floor":2,"turns":2},{"damage":0,"enemies":"Small Slimes","floor":3,"turns":2},{"damage":5,"enemies":"2 Fungi Beasts","floor":4,"turns":3},{"damage":9,"enemies":"Red Slaver","floor":5,"turns":4},{"damage":18,"enemies":"3 Sentries","floor":7,"turns":6},{"damage":14,"enemies":"Gremlin Nob","floor":10,"turns":3},{"damage":1,"enemies":"Looter","floor":12,"turns":3},{"damage":0,"enemies":"Exordium Thugs","floor":14,"turns":3},{"damage":14,"enemies":"Hexaghost","floor":16,"turns":8},{"damage":7,"enemies":"Spheric Guardian","floor":18,"turns":3},{"damage":16,"enemies":"2 Thieves","floor":21,"turns":4},{"damage":0,"enemies":"Sentry and Sphere","floor":22,"turns":4},{"damage":17,"enemies":"Slavers","floor":24,"turns":4},{"damage":0,"enemies":"Centurion and Healer","floor":27,"turns":6},{"damage":1,"enemies":"Colosseum Slavers","floor":28,"turns":3},{"damage":2,"enemies":"Colosseum Nobs","floor":28,"turns":4},{"damage":11,"enemies":"Gremlin Leader","floor":30,"turns":5},{"damage":7,"enemies":"Chosen and Byrds","floor":31,"turns":7},{"damage":32,"enemies":"Automaton","floor":33,"turns":8},{"damage":0,"enemies":"3 Darklings","floor":35,"turns":4},{"damage":0,"enemies":"Orb Walker","floor":36,"turns":5},{"damage":6,"enemies":"Writhing Mass","floor":37,"turns":6},{"damage":2,"enemies":"Spire Growth","floor":39,"turns":6},{"damage":4,"enemies":"Giant Head","floor":40,"turns":7},{"damage":0,"enemies":"Reptomancer","floor":42,"turns":10},{"damage":0,"enemies":"Transient","floor":47,"turns":5},{"damage":0,"enemies":"Giant Head","floor":48,"turns":7},{"damage":20,"enemies":"Donu and Deca","floor":50,"turns":11}],"seed_played":"-7779043979884122218","potions_obtained":[{"floor":1,"key":"AttackPotion"},{"floor":3,"key":"PotionOfCapacity"},{"floor":4,"key":"Block Potion"},{"floor":12,"key":"Fire Potion"},{"floor":14,"key":"FearPotion"},{"floor":24,"key":"PowerPotion"},{"floor":27,"key":"FocusPotion"},{"floor":28,"key":"Energy Potion"},{"floor":30,"key":"ColorlessPotion"},{"floor":31,"key":"AttackPotion"},{"floor":33,"key":"Weak Potion"},{"floor":35,"key":"SteroidPotion"},{"floor":36,"key":"SkillPotion"},{"floor":37,"key":"EntropicBrew"},{"floor":39,"key":"FocusPotion"},{"floor":42,"key":"AttackPotion"},{"floor":47,"key":"FearPotion"},{"floor":48,"key":"FairyPotion"}],"is_trial":false,"path_per_floor":["M","M","M","M","M","R","E","?","T","E","R","M","R","M","R","B",null,"M","$","?","M","M","R","E","R","T","M","?","?","E","M","R","B",null,"M","M","M","?","M","E","R","E","T","R","$","?","M","E","R","B",null],"character_chosen":"DEFECT","items_purchased":["Membership Card","DataDisk","Bottled Tornado","Capacitor","Lee\u0027s Waffle"],"campfire_rested":3,"item_purchase_floors":[19,19,19,45,45],"current_hp_per_floor":[56,56,56,51,42,42,24,24,24,10,32,31,31,31,31,17,61,54,54,54,38,38,38,21,43,43,43,40,40,29,22,44,12,59,59,59,53,53,51,47,47,49,49,49,78,78,78,78,78,58],"gold":698,"neow_bonus":"UPGRADE_CARD","is_daily":false,"chose_seed":false,"campfire_upgraded":7,"win_rate":0.0,"timestamp":1611178769,"path_taken":["M","M","M","M","M","R","E","?","T","E","R","M","R","M","R","BOSS","M","$","?","M","M","R","E","R","T","M","?","?","E","M","R","BOSS","M","M","M","?","M","E","R","E","T","R","$","?","?","E","R","BOSS"],"items_purchased_type":["Relic","Relic","Relic","Card","Relic"],"build_version":"2020-12-22","purchased_purges":1,"victory":true,"max_hp_per_floor":[75,75,75,75,75,75,75,75,75,75,75,75,75,75,75,75,75,75,75,75,75,75,75,75,75,75,75,75,75,75,75,75,75,75,75,75,75,71,71,71,71,71,71,71,78,78,78,78,78,78],"relic_stats":{"Blood Vial":2,"Emotion Chip":[76,24,42,10,0],"Centennial Puzzle":[3],"Lee\u0027s Waffle":29,"Happy Flower":[3],"counters":[29,145],"StoneCalendar":[266],"Cursed Key":0,"obtain_stats":[{"Lee\u0027s Waffle":45,"Happy Flower":48,"Vajra":7,"StoneCalendar":9,"Thread and Needle":28,"The Courier":28,"Bottled Tornado":19,"Cursed Key":17,"White Beast Statue":24,"Cables":30,"Blood Vial":40,"Emotion Chip":10,"DataDisk":19,"Centennial Puzzle":42,"Philosopher\u0027s Stone":34,"Membership Card":19,"Cracked Core":0},{"Lee\u0027s Waffle":26,"Happy Flower":28,"Vajra":6,"StoneCalendar":6,"Thread and Needle":17,"The Courier":17,"Bottled Tornado":11,"Cursed Key":10,"White Beast Statue":14,"Cables":18,"Blood Vial":25,"Emotion Chip":7,"DataDisk":11,"Centennial Puzzle":26,"Philosopher\u0027s Stone":20,"Membership Card":11,"Cracked Core":0},{"Lee\u0027s Waffle":122,"Happy Flower":134,"Vajra":20,"StoneCalendar":20,"Thread and Needle":64,"The Courier":64,"Bottled Tornado":39,"Cursed Key":37,"White Beast Statue":51,"Cables":69,"Blood Vial":112,"Emotion Chip":23,"DataDisk":39,"Centennial Puzzle":122,"Philosopher\u0027s Stone":84,"Membership Card":39,"Cracked Core":0}],"Cables":[74,27,37,10,0]},"card_choices":[{"not_picked":["Glacier","Capacitor"],"picked":"Scrape","floor":1},{"not_picked":["Static Discharge","Leap"],"picked":"Chill","floor":2},{"not_picked":["Compile Driver","Force Field"],"picked":"Barrage","floor":3},{"not_picked":["Leap","Tempest"],"picked":"Darkness","floor":4},{"not_picked":["Redo","White Noise"],"picked":"Go for the Eyes","floor":5},{"not_picked":["Heatsinks","Undo"],"picked":"Loop","floor":7},{"not_picked":["FTL","Go for the Eyes"],"picked":"Cold Snap","floor":10},{"not_picked":["Barrage","Darkness"],"picked":"Reboot","floor":12},{"not_picked":["Conserve Battery","Fusion"],"picked":"Coolheaded","floor":14},{"not_picked":["Machine Learning","Reboot"],"picked":"Creative AI","floor":16},{"not_picked":["Cold Snap","Chaos"],"picked":"Conserve Battery","floor":18},{"not_picked":["Compile Driver","Coolheaded+1","Beam Cell"],"picked":"SKIP","floor":21},{"not_picked":["Creative AI","Coolheaded"],"picked":"Conserve Battery","floor":22},{"not_picked":["Coolheaded","Consume+1","Doom and Gloom"],"picked":"SKIP","floor":24},{"not_picked":["Darkness","Barrage","Tempest+1"],"picked":"SKIP","floor":27},{"not_picked":["Fusion+1","Ball Lightning"],"picked":"Hologram","floor":30},{"not_picked":["Blizzard","FTL"],"picked":"Capacitor","floor":31},{"not_picked":["Hello World","Reinforced Body+1"],"picked":"Force Field","floor":35},{"not_picked":["Redo+1","Consume+1","Go for the Eyes"],"picked":"SKIP","floor":36},{"not_picked":["Redo+1","Consume+1","Go for the Eyes"],"picked":"SKIP","floor":36},{"not_picked":["Fusion+1","Beam Cell+1"],"picked":"Recycle","floor":37},{"not_picked":["Coolheaded+1","BootSequence","Go for the Eyes+1"],"picked":"SKIP","floor":39},{"not_picked":["Coolheaded+1","Go for the Eyes+1"],"picked":"BootSequence","floor":39},{"not_picked":["Streamline","Lockon+1"],"picked":"Core Surge","floor":40},{"not_picked":["Chill","Rebound+1","Machine Learning"],"picked":"SKIP","floor":42},{"not_picked":["Leap+1","Storm+1"],"picked":"Hologram+1","floor":47},{"not_picked":["Storm","Force Field"],"picked":"Coolheaded+1","floor":48}],"player_experience":998565,"relics_obtained":[{"floor":7,"key":"Vajra"},{"floor":9,"key":"StoneCalendar"},{"floor":10,"key":"Emotion Chip"},{"floor":24,"key":"White Beast Statue"},{"floor":28,"key":"Thread and Needle"},{"floor":28,"key":"The Courier"},{"floor":30,"key":"Cables"},{"floor":40,"key":"Blood Vial"},{"floor":42,"key":"Centennial Puzzle"},{"floor":48,"key":"Happy Flower"}],"event_choices":[{"damage_healed":0,"gold_gain":0,"cards_transformed":["Strike_B"],"player_choice":"Transformed","damage_taken":0,"max_hp_gain":0,"max_hp_loss":0,"event_name":"Transmorgrifier","floor":8,"gold_loss":0,"cards_obtained":["Skim"]},{"damage_healed":0,"gold_gain":0,"player_choice":"Simplicity","damage_taken":0,"max_hp_gain":0,"max_hp_loss":0,"event_name":"Back to Basics","floor":20,"gold_loss":0,"cards_upgraded":["Strike_B","Strike_B","Strike_B","Defend_B","Defend_B","Defend_B","Defend_B"]},{"damage_healed":0,"gold_gain":0,"player_choice":"Fight","damage_taken":0,"max_hp_gain":0,"max_hp_loss":0,"event_name":"Colosseum","floor":28,"gold_loss":0},{"damage_healed":0,"gold_gain":0,"player_choice":"Fought Nobs","damage_taken":0,"max_hp_gain":0,"max_hp_loss":0,"event_name":"Colosseum","floor":28,"gold_loss":0},{"damage_healed":0,"gold_gain":0,"player_choice":"1 cards matched","damage_taken":0,"max_hp_gain":0,"max_hp_loss":0,"event_name":"Match and Keep!","floor":29,"gold_loss":0,"cards_obtained":["Finesse"]},{"damage_healed":0,"gold_gain":0,"player_choice":"Max HP","damage_taken":0,"max_hp_gain":0,"max_hp_loss":4,"event_name":"Winding Halls","floor":38,"gold_loss":0},{"damage_healed":0,"gold_gain":300,"player_choice":"Gold","damage_taken":0,"max_hp_gain":0,"max_hp_loss":0,"event_name":"Wheel of Change","floor":46,"gold_loss":0}],"is_beta":false,"boss_relics":[{"not_picked":["Sozu","Astrolabe"],"picked":"Cursed Key"},{"not_picked":["Runic Pyramid","FrozenCore"],"picked":"Philosopher\u0027s Stone"}],"items_purged_floors":[45],"is_endless":false,"potions_floor_spawned":[1,3,4,12,14,21,24,27,28,28,30,31,33,35,36,37,39,40,42,47,48],"ascension_level":6}}