{"host":"uyrebrj0204enqpc","time":1611174578,"event":{"mods":["Act Like it!","Bard","BaseMod","Block Reminder","Challenge The Spire","Colored Map","Colored Powertips","DeckTracker","Downfall","GifTheSpireLib","HexUI Lib","Highlight Path","Hubris","Infinite Spire","Minty Spire (QoL Compilation)","Pale of the Ancients","Quick Restart","Random Character Button","Relic Sorter","Relic Stats","Shop Mod","StSLib","The Blue Laboratory","The Bug Knight","The Cursed","The Jungle","The Marked","Wandering Minibosses"],"gold_per_floor":[110,127,52,52,67,94,194,194,194,221,221,237,269,269,269,269,269],"floor_reached":16,"language":"ENG","playtime":731,"items_purged":["Normality"],"score":153,"play_id":"19045b41-d18b-44a0-a25b-2218490ea6e2","local_time":"20210120152938","is_ascension_mode":true,"campfire_choices":[{"data":"theMarked:BanishingStrike","floor":8,"key":"SMITH"},{"data":"theMarked:WardOff","floor":11,"key":"SMITH"},{"data":"theMarked:WardOff","floor":15,"key":"SMITH"}],"circlet_count":0,"master_deck":["theMarked:Strike","theMarked:Strike","theMarked:Strike","theMarked:Strike","theMarked:Strike+1","theMarked:Defend","theMarked:Defend","theMarked:Defend+1","theMarked:Defend","theMarked:SoldierOfQuellstein","theMarked:WardOff+1","theMarked:BanishingStrike+1","theMarked:WardOff+1","theMarked:AttractMetal"],"relics":["theMarked:ArtifactOfAir","hubris:FunFungus","StrikeDummy","Bronze Scales","hubris:Potato"],"acts_visited":["Exordium"],"potions_floor_usage":[],"damage_taken":[{"damage":2,"enemies":"Jaw Worm","floor":1,"turns":5},{"damage":0,"enemies":"2 Louse","floor":2,"turns":3},{"damage":0,"enemies":"Cultist","floor":5,"turns":3},{"damage":22,"enemies":"3 Sentries","floor":6,"turns":12},{"damage":22,"enemies":"Lagavulin","floor":10,"turns":6},{"damage":4,"enemies":"3 Louse","floor":12,"turns":2},{"damage":8,"enemies":"Gremlin Nob","floor":13,"turns":3},{"damage":5,"enemies":"Slime Boss","floor":16,"turns":3}],"seed_played":"-6319825814676385653","potions_obtained":[{"floor":2,"key":"SmokeBomb"},{"floor":13,"key":"SpeedPotion"}],"is_trial":false,"path_per_floor":["M","M","$","?","M","E","?","R","T","E","R","M","E","?","R","B"],"character_chosen":"THE_DEFAULT","items_purchased":[],"campfire_rested":0,"item_purchase_floors":[],"current_hp_per_floor":[61,61,61,47,47,28,28,28,28,13,13,9,1,1,1,0,0],"gold":269,"neow_bonus":"ONE_RARE_RELIC","is_daily":false,"chose_seed":false,"campfire_upgraded":3,"win_rate":0.0,"timestamp":1611174578,"path_taken":["M","M","$","?","M","E","?","R","T","E","R","?","E","?","R","BOSS"],"items_purchased_type":[],"build_version":"2020-12-22","purchased_purges":1,"victory":false,"max_hp_per_floor":[70,70,70,70,70,70,70,70,70,70,70,70,70,70,70,70,70],"relic_stats":{"counters":[8,37],"Bronze Scales":[9],"obtain_stats":[{"theMarked:ArtifactOfAir":0,"Bronze Scales":10,"hubris:FunFungus":0,"StrikeDummy":6,"hubris:Potato":13},{"theMarked:ArtifactOfAir":0,"Bronze Scales":5,"hubris:FunFungus":0,"StrikeDummy":4,"hubris:Potato":7},{"theMarked:ArtifactOfAir":0,"Bronze Scales":29,"hubris:FunFungus":0,"StrikeDummy":23,"hubris:Potato":34}]},"card_choices":[{"not_picked":["theMarked:ElectricStrings","theMarked:StartUp"],"picked":"theMarked:WardOff","floor":1},{"not_picked":["theMarked:ChainLightning","theMarked:Seal"],"picked":"theMarked:BanishingStrike","floor":2},{"not_picked":["theMarked:ParalyzingBlade","theMarked:TwofoldDefense"],"picked":"theMarked:WardOff","floor":5},{"not_picked":["theMarked:Reabsorb","theMarked:ReduceFriction","theMarked:Overthink"],"picked":"SKIP","floor":6},{"not_picked":["theMarked:WastefulAttack","theMarked:Snap"],"picked":"theMarked:AttractMetal","floor":10},{"not_picked":["theMarked:WastefulAttack","theMarked:TwofoldDefense","theMarked:Panic"],"picked":"SKIP","floor":12},{"not_picked":["theMarked:Parkour","theMarked:HeightenedSenses","theMarked:ChainLightning"],"picked":"SKIP","floor":13}],"player_experience":1085913,"relics_obtained":[{"floor":6,"key":"StrikeDummy"},{"floor":10,"key":"Bronze Scales"},{"floor":13,"key":"hubris:Potato"}],"event_choices":[{"damage_healed":0,"gold_gain":0,"player_choice":"Entered Light","damage_taken":14,"max_hp_gain":0,"max_hp_loss":0,"event_name":"Shining Light","floor":4,"gold_loss":0,"cards_upgraded":["theMarked:Defend","theMarked:Strike"]},{"damage_healed":0,"gold_gain":100,"player_choice":"Pray","damage_taken":0,"max_hp_gain":0,"max_hp_loss":0,"event_name":"Golden Shrine","floor":7,"gold_loss":0},{"damage_healed":0,"gold_gain":0,"player_choice":"Ignored","damage_taken":0,"max_hp_gain":0,"max_hp_loss":0,"event_name":"Liars Game","floor":14,"gold_loss":0}],"is_beta":false,"boss_relics":[],"items_purged_floors":[3],"is_endless":false,"potions_floor_spawned":[2,13],"killed_by":"Slime Boss","ascension_level":6}}