{"host":"u9xtr94typ21duox","time":1611125617,"event":{"mods":["BaseMod","Key Reminder","KinomotoSakuraMod(ƒæ÷Æ±æ”£)","LagranYue(¿≠∏Ò¿ °§‘¬)","Marisa£®ÏF”Í°°ƒß¿Ì…≥£©","Minty Spire (QoL Compilation)","Reimu£®≤©¿ˆ¡È√Œ£©","Replay The Spire","StSLib","Td1madao Mod","The Administrix","The Bladedancer","The Bug Knight","The Construct","The Cursed","The Gatherer","The Runesmith","The Servant 0.9.4","WarShipGirlsR/’ΩΩ¢…Ÿ≈ÆR mod","Youmu£®ªÍ∆«—˝√Œ£©","vexMod"],"gold_per_floor":[360,1,20,20,20,47,47,47,70,82,82,108,108,121,121,121,121],"floor_reached":16,"language":"ZHS","playtime":384,"items_purged":[],"score":166,"play_id":"cfc04054-7fdc-45d6-9931-92ed04744506","local_time":"20210120145337","is_ascension_mode":true,"campfire_choices":[{"data":"Streamline","floor":7,"key":"SMITH"},{"data":"Dualcast","floor":11,"key":"SMITH"},{"data":"Reprogram","floor":13,"key":"SMITH"},{"floor":15,"key":"RECALL"}],"circlet_count":0,"master_deck":["Strike_B","Strike_B","Defend_B","Defend_B","Defend_B","Defend_B","Zap+1","Dualcast+1","Streamline+1","Coolheaded","Cold Snap+1","Coolheaded","Reprogram+1"],"relics":["Cracked Core","LagranYue:RandomDrawCardRelic","Durian","Juzu Bracelet","keyreminder:keyreminder","Shuriken"],"acts_visited":["Exordium"],"potions_floor_usage":[12],"damage_taken":[{"damage":7,"enemies":"2 Louse","floor":1,"turns":2},{"damage":0,"enemies":"Cultist","floor":3,"turns":3},{"damage":0,"enemies":"HollowMod:MossKnight","floor":6,"turns":13},{"damage":5,"enemies":"Small Slimes","floor":10,"turns":3},{"damage":0,"enemies":"Gremlin Nob","floor":12,"turns":3},{"damage":8,"enemies":"Exordium Thugs","floor":14,"turns":4},{"damage":0,"enemies":"Hexaghost","floor":16,"turns":1}],"seed_played":"5057435175227679158","potions_obtained":[{"floor":3,"key":"SkillPotion"},{"floor":6,"key":"PowerPotion"},{"floor":12,"key":"SkillPotion"},{"floor":14,"key":"Weak Potion"}],"is_trial":false,"path_per_floor":["M","$","M","?","?","E","R","?","T","M","R","E","R","M","R","B"],"character_chosen":"DEFECT","items_purchased":["Durian","Coolheaded"],"campfire_rested":0,"item_purchase_floors":[2,2],"current_hp_per_floor":[47,52,52,52,52,52,52,52,52,47,47,47,47,39,39,39,39],"gold":121,"neow_bonus":"TWO_FIFTY_GOLD","is_daily":false,"chose_seed":false,"campfire_upgraded":3,"win_rate":0.0,"timestamp":1611125617,"path_taken":["M","$","M","?","?","E","R","?","T","M","R","E","R","M","R","BOSS"],"items_purchased_type":["Relic","Card"],"build_version":"2020-12-22","purchased_purges":0,"victory":false,"max_hp_per_floor":[75,80,80,80,80,80,80,80,80,80,80,80,80,80,80,80,80],"card_choices":[{"not_picked":["Sweeping Beam","Go for the Eyes"],"picked":"Streamline","floor":1},{"not_picked":["Gash","Reinforced Body","Sweeping Beam"],"picked":"SKIP","floor":3},{"not_picked":["Loop","Fusion"],"picked":"Coolheaded","floor":6},{"not_picked":["Hello World","Fusion","Redo"],"picked":"SKIP","floor":10},{"not_picked":["Rebound","Panic Button"],"picked":"Reprogram","floor":12},{"not_picked":["Barrage","Aggregate","ReplayTheSpireMod:Reroute Power"],"picked":"SKIP","floor":14}],"player_experience":322044,"relics_obtained":[{"floor":6,"key":"Juzu Bracelet"},{"floor":12,"key":"Shuriken"}],"event_choices":[{"cards_removed":["Strike_B"],"damage_healed":0,"gold_gain":0,"player_choice":"Purged","damage_taken":0,"max_hp_gain":0,"max_hp_loss":0,"event_name":"Purifier","floor":5,"gold_loss":0},{"damage_healed":0,"gold_gain":0,"player_choice":"Grow","damage_taken":0,"max_hp_gain":0,"max_hp_loss":0,"event_name":"Living Wall","floor":8,"gold_loss":0,"cards_upgraded":["Zap"]}],"is_beta":false,"boss_relics":[],"items_purged_floors":[],"is_endless":false,"potions_floor_spawned":[3,6,12,14],"killed_by":"Hexaghost","ascension_level":1}}