{"host":"u9xtr94typ21duox","time":1611121431,"event":{"mods":["BaseMod","Key Reminder","KinomotoSakuraMod(ƒæ÷Æ±æ”£)","LagranYue(¿≠∏Ò¿ °§‘¬)","Marisa£®ÏF”Í°°ƒß¿Ì…≥£©","Minty Spire (QoL Compilation)","Reimu£®≤©¿ˆ¡È√Œ£©","Replay The Spire","StSLib","Td1madao Mod","The Administrix","The Bladedancer","The Bug Knight","The Construct","The Cursed","The Gatherer","The Runesmith","The Servant 0.9.4","WarShipGirlsR/’ΩΩ¢…Ÿ≈ÆR mod","Youmu£®ªÍ∆«—˝√Œ£©","vexMod"],"gold_per_floor":[119,131,198,198,208,128,128,144,221,252,22,32,32,42,42,146,146,163,179,179,179,189,189,224,234,283,283,299,299,319,93,93,197,297,317,337,247,257,257,257],"floor_reached":39,"language":"ZHS","playtime":1482,"items_purged":["Writhe"],"score":478,"play_id":"2d2d70a0-3f8c-49d2-abf8-bc6b55f2dcdb","local_time":"20210120134351","is_ascension_mode":true,"campfire_choices":[{"data":"Zap","floor":7,"key":"SMITH"},{"data":"Echo Form","floor":13,"key":"SMITH"},{"data":"Scrape","floor":15,"key":"SMITH"},{"data":"Fusion","floor":23,"key":"SMITH"},{"data":"Streamline","floor":27,"key":"SMITH"},{"floor":29,"key":"REST"},{"floor":32,"key":"REST"}],"circlet_count":0,"master_deck":["Strike_B","Defend_B","Defend_B","Defend_B","Defend_B","Zap+1","Dualcast","Gash","Steam+1","Beam Cell","Go for the Eyes","FTL","Streamline+1","BootSequence","Scrape+1","Conserve Battery","Conserve Battery","Echo Form+1","Seek","ReplayGash","Machine Learning","Chaos","Fusion+1","Gash","Genetic Algorithm+1","Skim","Apotheosis","Mirror Shield","Gash","Skim+1"],"relics":["Cracked Core","LagranYue:RandomDrawCardRelic","Replay:Towering Pillar of Hats","keyreminder:keyreminder","Toy Ornithopter","Orrery","Sozu","Frozen Egg 2","Vajra","Smiling Mask","Replay:Wanted Poster"],"acts_visited":["Exordium","TheCity","TheBeyond"],"potions_floor_usage":[33,33,33],"damage_taken":[{"damage":2,"enemies":"Small Slimes","floor":1,"turns":2},{"damage":0,"enemies":"Cultist","floor":2,"turns":3},{"damage":0,"enemies":"Jaw Worm","floor":5,"turns":3},{"damage":5,"enemies":"Looter","floor":8,"turns":2},{"damage":8,"enemies":"Lagavulin","floor":10,"turns":7},{"damage":0,"enemies":"Large Slime","floor":12,"turns":6},{"damage":6,"enemies":"Gremlin Gang","floor":14,"turns":4},{"damage":0,"enemies":"Slime Boss","floor":16,"turns":6},{"damage":0,"enemies":"Spheric Guardian","floor":18,"turns":3},{"damage":5,"enemies":"Shell Parasite","floor":19,"turns":3},{"damage":9,"enemies":"Shelled Parasite and Fungi","floor":22,"turns":5},{"damage":23,"enemies":"Book of Stabbing","floor":24,"turns":6},{"damage":19,"enemies":"Sentry and Sphere","floor":25,"turns":5},{"damage":14,"enemies":"3 Cultists","floor":28,"turns":6},{"damage":26,"enemies":"Snake Plant","floor":30,"turns":6},{"damage":12,"enemies":"Champ","floor":33,"turns":8},{"damage":39,"enemies":"3 Darklings","floor":35,"turns":7},{"damage":18,"enemies":"3 Shapes","floor":36,"turns":4},{"damage":10,"enemies":"Jaw Worm Horde","floor":38,"turns":5},{"damage":10,"enemies":"4 Shapes","floor":39,"turns":1}],"seed_played":"-4584395241225489350","potions_obtained":[{"floor":3,"key":"LiquidBronze"},{"floor":3,"key":"EssenceOfSteel"},{"floor":3,"key":"FocusPotion"}],"is_trial":false,"path_per_floor":["M","M","?","?","M","?","R","M","T","E","$","M","R","M","R","B",null,"M","M","?","?","M","R","E","M","T","R","M","R","M","$","R","B",null,"M","M","?","M","M"],"character_chosen":"DEFECT","items_purchased":["Scrape","Orrery","Apotheosis"],"campfire_rested":2,"item_purchase_floors":[11,11,31],"current_hp_per_floor":[52,52,52,52,52,52,52,47,47,39,39,39,39,33,33,33,75,75,70,70,70,61,61,38,19,19,19,5,27,1,1,23,26,75,36,18,18,8,0,0],"gold":257,"neow_bonus":"ONE_RARE_RELIC","is_daily":false,"chose_seed":false,"campfire_upgraded":5,"win_rate":0.0,"timestamp":1611121431,"path_taken":["M","M","?","?","?","?","R","M","T","E","$","M","R","M","R","BOSS","M","M","?","?","M","R","E","M","T","R","M","R","M","$","R","BOSS","M","M","?","?","M"],"items_purchased_type":["Card","Relic","Card"],"build_version":"2020-12-22","purchased_purges":1,"victory":false,"max_hp_per_floor":[75,75,75,75,75,75,75,75,75,75,75,75,75,75,75,75,75,75,75,75,75,75,75,75,75,75,75,75,75,75,75,75,75,75,75,75,75,75,75,75],"card_choices":[{"not_picked":["Streamline","Genetic Algorithm"],"picked":"Gash","floor":1},{"not_picked":["Barrage","Turbo"],"picked":"Steam","floor":2},{"not_picked":["Barrage","Hologram"],"picked":"Beam Cell","floor":3},{"not_picked":["Steam","Compile Driver"],"picked":"FTL","floor":5},{"not_picked":[],"picked":"Streamline","floor":6},{"not_picked":[],"picked":"BootSequence","floor":6},{"not_picked":["Stack","Sweeping Beam","Compile Driver"],"picked":"SKIP","floor":8},{"not_picked":["Cold Snap","Static Discharge","Steam"],"picked":"SKIP","floor":10},{"not_picked":["Capacitor","Ball Lightning"],"picked":"Conserve Battery","floor":11},{"not_picked":["ReplayTheSpireMod:Reroute Power","Turbo"],"picked":"Conserve Battery","floor":11},{"not_picked":["BasicCrystalCard","Compile Driver"],"picked":"Echo Form","floor":11},{"not_picked":["Sweeping Beam","Stack"],"picked":"Seek","floor":12},{"not_picked":["Barrage","Consume"],"picked":"ReplayGash","floor":14},{"not_picked":["Core Surge","Electrodynamics"],"picked":"Machine Learning","floor":16},{"not_picked":["FIFO Queue","Fusion","Panic Button"],"picked":"SKIP","floor":18},{"not_picked":["Rebound","Go for the Eyes","Turbo+1"],"picked":"SKIP","floor":19},{"not_picked":["Sweeping Beam","Rebound"],"picked":"Gash","floor":22},{"not_picked":["Hyperbeam","Thunder Strike","Aggregate+1"],"picked":"SKIP","floor":24},{"not_picked":["Steam Power","Compile Driver+1","Rebound+1"],"picked":"SKIP","floor":25},{"not_picked":["Compile Driver+1","Sweeping Beam"],"picked":"Genetic Algorithm+1","floor":28},{"not_picked":["ReplaySolidLightProjector","Skim","Beam Cell"],"picked":"SKIP","floor":30},{"not_picked":["ReplaySolidLightProjector","Beam Cell"],"picked":"Skim","floor":30},{"not_picked":["ReplayRNGCard","Core Surge"],"picked":"Mirror Shield","floor":33},{"not_picked":["Hologram","Panic Button+1"],"picked":"Gash","floor":35},{"not_picked":["Reinforced Body+1","Reprogram"],"picked":"Skim+1","floor":36},{"not_picked":["Sunder+1","Force Field+1","Streamline+1"],"picked":"SKIP","floor":38}],"player_experience":320562,"relics_obtained":[{"floor":10,"key":"Toy Ornithopter"},{"floor":24,"key":"Vajra"},{"floor":26,"key":"Smiling Mask"}],"event_choices":[{"damage_healed":0,"gold_gain":0,"player_choice":"1 cards matched","damage_taken":0,"max_hp_gain":0,"max_hp_loss":0,"event_name":"Match and Keep!","floor":4,"gold_loss":0,"cards_obtained":["Go for the Eyes"]},{"damage_healed":0,"gold_gain":0,"player_choice":"Opened","damage_taken":0,"relics_obtained":["Frozen Egg 2"],"max_hp_gain":0,"max_hp_loss":0,"event_name":"The Mausoleum","floor":20,"gold_loss":0,"cards_obtained":["Writhe"]},{"damage_healed":0,"gold_gain":0,"cards_transformed":["Strike_B","Strike_B"],"player_choice":"Became Test Subject","damage_taken":0,"max_hp_gain":0,"max_hp_loss":0,"event_name":"Drug Dealer","floor":21,"gold_loss":0,"cards_obtained":["Chaos","Fusion"]},{"cards_removed":["Strike_B"],"damage_healed":0,"gold_gain":0,"player_choice":"Upgrade and Remove","damage_taken":0,"max_hp_gain":0,"max_hp_loss":0,"event_name":"Designer","floor":37,"gold_loss":90,"cards_upgraded":["Steam"]}],"is_beta":false,"boss_relics":[{"not_picked":["RedLine:ReiMu","construct:WeddingRing"],"picked":"Sozu"},{"not_picked":["Pandora\u0027s Box","Empty Cage"],"picked":"Replay:Wanted Poster"}],"items_purged_floors":[31],"is_endless":false,"potions_floor_spawned":[5,8,10,16,22,25,28,30],"killed_by":"4 Shapes","ascension_level":1}}