{"host":"l5xpox9cbdko122s","time":1611182295,"event":{"mods":["AchievementEnabler","BaseMod","Better Skull","Colored Map","Colored Powertips","Curses Come First","Displayed Cursed Tome","Hermit","Highlight Path","Minty Spire (QoL Compilation)","Quick Restart","Shop Mod","StSLib"],"gold_per_floor":[114,298,298,316,333,333,368,368,368,388,468,468,483,493,493,493,493],"floor_reached":16,"language":"ENG","playtime":1035,"items_purged":[],"score":102,"play_id":"a2c43e16-c146-4df8-9cdd-a16ff18181bf","local_time":"20210120173815","is_ascension_mode":false,"campfire_choices":[{"floor":6,"key":"RECALL"},{"floor":8,"key":"REST"},{"floor":15,"key":"REST"}],"circlet_count":0,"master_deck":["hermit:Strike_Hermit","hermit:Strike_Hermit","hermit:Strike_Hermit","hermit:Strike_Hermit","hermit:Defend_Hermit","hermit:Defend_Hermit","hermit:Defend_Hermit","hermit:Snapshot","hermit:Covet"],"relics":["hermit:Momento","CeramicFish","Gremlin Horn","Darkstone Periapt"],"acts_visited":["Exordium"],"potions_floor_usage":[4,7,14],"damage_taken":[{"damage":0,"enemies":"Small Slimes","floor":1,"turns":3},{"damage":3,"enemies":"Jaw Worm","floor":4,"turns":3},{"damage":1,"enemies":"Cultist","floor":5,"turns":3},{"damage":38,"enemies":"3 Sentries","floor":7,"turns":14},{"damage":0,"enemies":"Large Slime","floor":10,"turns":6},{"damage":2,"enemies":"Blue Slaver","floor":13,"turns":4},{"damage":17,"enemies":"Exordium Thugs","floor":14,"turns":6},{"damage":59,"enemies":"Slime Boss","floor":16,"turns":10}],"seed_played":"-7465150528527835325","potions_obtained":[{"floor":1,"key":"SkillPotion"},{"floor":5,"key":"Strength Potion"},{"floor":13,"key":"Weak Potion"}],"is_trial":false,"path_per_floor":["M","?","?","M","M","R","E","R","T","M","T","?","M","M","R","B"],"character_chosen":"HERMIT","items_purchased":[],"campfire_rested":2,"item_purchase_floors":[],"current_hp_per_floor":[75,75,68,65,64,64,26,48,48,48,48,48,46,29,51,0,0],"gold":493,"neow_bonus":"RANDOM_COMMON_RELIC","is_daily":false,"chose_seed":false,"campfire_upgraded":0,"win_rate":0.0,"timestamp":1611182295,"path_taken":["M","?","?","M","M","R","E","R","T","M","?","?","M","M","R","BOSS"],"items_purchased_type":[],"build_version":"2020-12-22","purchased_purges":0,"victory":false,"max_hp_per_floor":[75,75,75,75,75,75,75,75,75,75,75,75,75,75,75,75,75],"card_choices":[{"not_picked":["hermit:DeadMansHand","hermit:Grudge","hermit:Combo"],"picked":"SKIP","floor":1},{"not_picked":["hermit:BodyArmor","hermit:Ricochet","hermit:CalledShot"],"picked":"SKIP","floor":4},{"not_picked":["hermit:TrackingShot","hermit:TakeAim","hermit:Cheat"],"picked":"SKIP","floor":5},{"not_picked":["hermit:Grudge","hermit:CalledShot","hermit:FlashPowder"],"picked":"SKIP","floor":7},{"not_picked":["hermit:Vantage","hermit:ItchyTrigger","hermit:Ricochet"],"picked":"SKIP","floor":10},{"not_picked":["hermit:Feint","hermit:Vantage","hermit:ItchyTrigger"],"picked":"SKIP","floor":13},{"not_picked":["hermit:DeadMansHand","hermit:Scavenge","hermit:EternalForm"],"picked":"SKIP","floor":14}],"player_experience":163783,"relics_obtained":[{"floor":7,"key":"Gremlin Horn"},{"floor":11,"key":"Darkstone Periapt"}],"event_choices":[{"damage_healed":0,"gold_gain":175,"player_choice":"AGREE","damage_taken":0,"max_hp_gain":0,"max_hp_loss":0,"event_name":"Liars Game","floor":2,"gold_loss":0,"cards_obtained":["Doubt"]},{"cards_removed":["Doubt"],"damage_healed":0,"gold_gain":0,"player_choice":"Card Removal","damage_taken":7,"max_hp_gain":0,"max_hp_loss":0,"event_name":"Golden Wing","floor":3,"gold_loss":0},{"cards_removed":["hermit:Defend_Hermit"],"damage_healed":0,"gold_gain":0,"player_choice":"Offered Basic","damage_taken":0,"max_hp_gain":0,"max_hp_loss":0,"event_name":"Bonfire Elementals","floor":12,"gold_loss":0}],"is_beta":false,"boss_relics":[],"items_purged_floors":[],"is_endless":false,"potions_floor_spawned":[1,5,13],"killed_by":"Slime Boss","ascension_level":0}}