{"host":"foq4mrde4mssg7vt","time":1611143095,"event":{"mods":["AchievementEnabler","BaseMod","Colored Map","Colored Powertips","Highlight Path","Minty Spire (QoL Compilation)","Relic Stats","everything is the same but u backflip on backflip"],"gold_per_floor":[366,386,49,60,72,72,99,99,123,123,123,142,152,186,186,261,261,274,287,300,316,366,366,397,397,397,407,407,407,442,461,461,461,461],"floor_reached":33,"language":"ENG","playtime":814,"items_purged":[],"score":544,"play_id":"3aa8788b-d9db-4362-ac9f-2eefa2264b7f","local_time":"20210120194455","is_ascension_mode":true,"campfire_choices":[{"data":"Uppercut","floor":6.0,"key":"SMITH"},{"data":"Twin Strike","floor":8.0,"key":"SMITH"},{"data":"True Grit","floor":11.0,"key":"SMITH"},{"data":"Inflame","floor":15.0,"key":"SMITH"},{"floor":23.0,"key":"REST"},{"floor":25.0,"key":"REST"},{"floor":28,"key":"REST"},{"floor":32,"key":"REST"}],"circlet_count":0,"master_deck":["AscendersBane","Strike_R","Strike_R","Strike_R","Strike_R","Strike_R","Defend_R","Defend_R","Defend_R","Defend_R","Bash","Uppercut+1","Twin Strike+1","Inflame+1","True Grit+1","Anger","Thunderclap","Cleave","Sentinel","Pummel","Limit Break","Feel No Pain","Disarm"],"relics":["Burning Blood","Red Skull","Happy Flower","Vajra","Pen Nib","SlaversCollar","White Beast Statue","Nunchaku","Red Mask"],"acts_visited":["Exordium","TheCity"],"potions_floor_usage":[27,30],"damage_taken":[{"damage":2.0,"enemies":"2 Louse","floor":1.0,"turns":3.0},{"damage":4.0,"enemies":"Cultist","floor":2.0,"turns":3.0},{"damage":12.0,"enemies":"Jaw Worm","floor":4.0,"turns":2.0},{"damage":12.0,"enemies":"Exordium Wildlife","floor":5.0,"turns":4.0},{"damage":3.0,"enemies":"3 Sentries","floor":7.0,"turns":6.0},{"damage":6.0,"enemies":"Looter","floor":12.0,"turns":2.0},{"damage":3.0,"enemies":"Blue Slaver","floor":13.0,"turns":2.0},{"damage":25.0,"enemies":"Lagavulin","floor":14.0,"turns":5.0},{"damage":28.0,"enemies":"Slime Boss","floor":16.0,"turns":6.0},{"damage":21.0,"enemies":"Spheric Guardian","floor":18.0,"turns":4.0},{"damage":0.0,"enemies":"Chosen","floor":19.0,"turns":3.0},{"damage":29.0,"enemies":"Snecko","floor":20.0,"turns":5.0},{"damage":18.0,"enemies":"3 Cultists","floor":21.0,"turns":4.0},{"damage":31.0,"enemies":"Book of Stabbing","floor":24.0,"turns":4.0},{"damage":21,"enemies":"Cultist and Chosen","floor":27,"turns":4},{"damage":31,"enemies":"Masked Bandits","floor":30,"turns":3},{"damage":18,"enemies":"Chosen and Byrds","floor":31,"turns":4},{"damage":31,"enemies":"Collector","floor":33,"turns":5}],"seed_played":"7051417928670084899","potions_obtained":[{"floor":1.0,"key":"AttackPotion"},{"floor":12.0,"key":"Regen Potion"},{"floor":14.0,"key":"Fire Potion"},{"floor":24.0,"key":"FearPotion"},{"floor":27,"key":"Energy Potion"},{"floor":30,"key":"SpeedPotion"},{"floor":31,"key":"Energy Potion"}],"is_trial":false,"path_per_floor":["M","M","$","M","M","R","E","R","T","?","R","M","M","E","R","B",null,"M","M","M","M","?","R","E","R","T","M","R","T","?","M","R","B"],"character_chosen":"IRONCLAD","items_purchased":["Twin Strike","Inflame","True Grit","Red Skull"],"campfire_rested":4,"item_purchase_floors":[3,3,3,3],"current_hp_per_floor":[68,68,68,62,56,56,59,59,59,59,59,59,62,43,43,21,56,41,47,36,24,24,44,19,39,39,24,44,44,19,7,27,0,0],"gold":461,"neow_bonus":"TWO_FIFTY_GOLD","is_daily":false,"chose_seed":false,"campfire_upgraded":4,"win_rate":0.0,"timestamp":1611143095,"path_taken":["M","M","$","M","M","R","E","R","T","?","R","M","M","E","R","BOSS","M","M","?","M","?","R","E","R","T","M","R","?","?","M","R","BOSS"],"items_purchased_type":["Card","Card","Card","Relic"],"build_version":"2020-12-22","purchased_purges":0,"victory":false,"max_hp_per_floor":[68,68,68,68,68,68,68,68,68,68,68,68,68,68,68,68,68,68,68,68,68,68,68,68,68,68,68,68,68,68,68,68,68,68],"relic_stats":{"Nunchaku":[2],"Happy Flower":[17],"counters":[18,69],"Pen Nib":[8],"obtain_stats":[{"SlaversCollar":17,"Nunchaku":29,"Happy Flower":7,"Vajra":9,"Pen Nib":14,"Red Mask":30,"Burning Blood":0,"Red Skull":3,"White Beast Statue":24},{"SlaversCollar":9,"Nunchaku":15,"Happy Flower":5,"Vajra":5,"Pen Nib":8,"Red Mask":16,"Burning Blood":0,"Red Skull":2,"White Beast Statue":14},{"SlaversCollar":33,"Nunchaku":57,"Happy Flower":18,"Vajra":18,"Pen Nib":27,"Red Mask":60,"Burning Blood":0,"Red Skull":6,"White Beast Statue":53}],"Burning Blood":96},"card_choices":[{"not_picked":["Rupture","Wild Strike"],"picked":"Uppercut","floor":1.0},{"not_picked":["Havoc","Searing Blow","Flex"],"picked":"SKIP","floor":2.0},{"not_picked":["Dark Embrace","True Grit","Warcry"],"picked":"SKIP","floor":4.0},{"not_picked":["Warcry","Shrug It Off"],"picked":"Anger","floor":5.0},{"not_picked":["Power Through","Infernal Blade"],"picked":"Thunderclap","floor":7.0},{"not_picked":["Sever Soul","Uppercut"],"picked":"Sentinel","floor":12.0},{"not_picked":["Whirlwind","Rupture","Infernal Blade"],"picked":"SKIP","floor":13.0},{"not_picked":["Warcry","Iron Wave"],"picked":"Pummel","floor":14.0},{"not_picked":["Double Tap","Offering"],"picked":"Limit Break","floor":16.0},{"not_picked":["Warcry","Reckless Charge","Wild Strike"],"picked":"SKIP","floor":18.0},{"not_picked":["Flex","Hemokinesis","Armaments"],"picked":"SKIP","floor":19.0},{"not_picked":["Anger","Warcry","Cleave"],"picked":"SKIP","floor":20.0},{"not_picked":["Body Slam","Sword Boomerang"],"picked":"Feel No Pain","floor":21.0},{"not_picked":["Intimidate","Combust","Carnage"],"picked":"SKIP","floor":24.0},{"not_picked":["Twin Strike","Cleave","Heavy Blade"],"picked":"SKIP","floor":27},{"not_picked":["Wild Strike","Perfected Strike"],"picked":"Disarm","floor":31}],"player_experience":508465,"relics_obtained":[{"floor":7.0,"key":"Happy Flower"},{"floor":9.0,"key":"Vajra"},{"floor":14.0,"key":"Pen Nib"},{"floor":24.0,"key":"White Beast Statue"},{"floor":29,"key":"Nunchaku"},{"floor":30,"key":"Red Mask"}],"event_choices":[{"damage_healed":0.0,"max_hp_gain":0.0,"max_hp_loss":0.0,"gold_gain":0.0,"event_name":"Match and Keep!","player_choice":"1 cards matched","floor":10.0,"gold_loss":0.0,"damage_taken":0.0,"cards_obtained":["Cleave"]},{"damage_healed":0.0,"max_hp_gain":0.0,"max_hp_loss":0.0,"gold_gain":50.0,"event_name":"Nest","player_choice":"Stole From Cult","floor":22.0,"gold_loss":0.0,"damage_taken":0.0},{"damage_healed":0,"gold_gain":0,"player_choice":"Fought Bandits","damage_taken":0,"max_hp_gain":0,"max_hp_loss":0,"event_name":"Masked Bandits","floor":30,"gold_loss":0}],"is_beta":false,"boss_relics":[{"not_picked":["Philosopher\u0027s Stone","Black Star"],"picked":"SlaversCollar"}],"items_purged_floors":[],"is_endless":false,"potions_floor_spawned":[1,12,14,16,18,19,24,27,30,31],"killed_by":"Collector","ascension_level":19}}