{"host":"7mo9b2f9hhzb5x6f","time":1611154091,"event":{"mods":["100% Spire Juice","2.2 Compatiblity","ATMod(阿瑾Mod)","Act Like it!","Arknights The Spire","BaseMod","Better-Laid Plans","Gensokyo","LazyManMod","Library of Ruina","Library of Ruina Extra","Marked Mod","Minty Spire (QoL Compilation)","MostiFishMod","Relic Stats","Spicy Shops","StSLib","TestMod","The Alterego","The Hayseed","UnlockEverythingMod","Yakumo Yukari mod","【功能Mod】混沌之环修复补丁","【功能Mod】精心准备"],"gold_per_floor":[125,125,168,168,195,195,244,271,367,407,407,166,199,199,199,247,247],"floor_reached":16,"language":"ZHS","playtime":965,"items_purged":["Strike_P"],"score":256,"play_id":"f92772c8-4236-44a2-9a72-b86a7abe2774","local_time":"20210120224811","is_ascension_mode":true,"campfire_choices":[{"data":"Eruption","floor":6,"key":"SMITH"},{"floor":11,"key":"REST"},{"data":"dwlrmod:BlackCat","floor":15,"key":"SMITH"}],"circlet_count":0,"master_deck":["AscendersBane","Strike_P","Strike_P+1","Defend_P+1","Defend_P","Defend_P","Defend_P","Eruption+1","Vigilance+1","AT_EmpoweredMortalDraw+1","Evaluate+1","TalkToTheHand+1","MostiFishMod:Adaptation","FollowUp+1","MentalFortress","Halt+1","MostiFishMod:PathToVictory+1","dwlrmod:BlackCat+1","Adaptation"],"relics":["testmod-TestBox","DaveBox","AT_ATBox","DSteel32","testmod-CrystalShield","ats:Gyao","SynthV:TestCard","AT_ChloranthyRing","Orichalcum","Toxic Egg 2","Bottled Tornado","PageOfSingingMachine","dwlrmod:ProjectRecorder","testmod-Acrobat"],"acts_visited":["Gensokyo:Gensokyo"],"potions_floor_usage":[],"damage_taken":[{"damage":9,"enemies":"Gensokyo:Gryphon","floor":1,"turns":4},{"damage":19,"enemies":"Gensokyo:Cirno","floor":3,"turns":6},{"damage":0,"enemies":"Gensokyo:2_Kodama","floor":5,"turns":2},{"damage":0,"enemies":"Gensokyo:Aya","floor":7,"turns":9},{"damage":0,"enemies":"Gensokyo:Python","floor":8,"turns":2},{"damage":6,"enemies":"Gensokyo:Cirno","floor":10,"turns":7},{"damage":0,"enemies":"Gensokyo:3_Kodama","floor":13,"turns":1},{"damage":59,"enemies":"Gensokyo:Yukari","floor":16,"turns":3}],"seed_played":"-1177729420315566477","potions_obtained":[{"floor":1,"key":"BlessingOfTheForge"},{"floor":3,"key":"BlessingOfTheForge"}],"is_trial":false,"path_per_floor":["M","?","?","?","M","R","E","M","T","E","R","$","M","?","R","B"],"character_chosen":"WATCHER","items_purchased":["testmod-Acrobat"],"campfire_rested":1,"item_purchase_floors":[12],"current_hp_per_floor":[52,35,16,16,16,16,16,16,16,10,30,30,30,30,30,0,0],"gold":247,"neow_bonus":"THREE_CARDS","is_daily":false,"chose_seed":false,"campfire_upgraded":2,"win_rate":0.0,"timestamp":1611154091,"path_taken":["M","?","?","?","M","R","E","M","T","E","R","$","?","?","R","BOSS"],"items_purchased_type":["Relic"],"build_version":"2020-12-22","purchased_purges":1,"victory":false,"max_hp_per_floor":[68,68,68,68,68,68,68,68,68,68,68,68,68,68,68,68,68],"relic_stats":{"counters":[8,34],"Orichalcum":[6],"obtain_stats":[{"DSteel32":0,"AT_ChloranthyRing":2,"dwlrmod:ProjectRecorder":10,"testmod-TestBox":0,"AT_ATBox":0,"DaveBox":0,"PageOfSingingMachine":10,"Orichalcum":3,"Bottled Tornado":9,"ats:Gyao":0,"testmod-CrystalShield":0,"SynthV:TestCard":1,"testmod-Acrobat":12,"PureWater":0,"Toxic Egg 2":7},{"DSteel32":0,"AT_ChloranthyRing":1,"dwlrmod:ProjectRecorder":6,"testmod-TestBox":0,"AT_ATBox":0,"DaveBox":0,"PageOfSingingMachine":6,"Orichalcum":2,"Bottled Tornado":5,"ats:Gyao":0,"testmod-CrystalShield":0,"SynthV:TestCard":1,"testmod-Acrobat":6,"PureWater":0,"Toxic Egg 2":4},{"DSteel32":0,"AT_ChloranthyRing":4,"dwlrmod:ProjectRecorder":30,"testmod-TestBox":0,"AT_ATBox":0,"DaveBox":0,"PageOfSingingMachine":30,"Orichalcum":10,"Bottled Tornado":23,"ats:Gyao":0,"testmod-CrystalShield":0,"SynthV:TestCard":4,"testmod-Acrobat":30,"PureWater":0,"Toxic Egg 2":21}]},"card_choices":[{"not_picked":["FlyingSleeves","MostiFishMod:Clarity"],"picked":"Evaluate","floor":0},{"not_picked":["Nirvana","MarkedMod:FirstStrike"],"picked":"TalkToTheHand","floor":1},{"not_picked":["MostiFishMod:Clarity","CrushJoints","AT_ChampionStep","Evaluate"],"picked":"MostiFishMod:Adaptation","floor":3},{"not_picked":["Crescendo","MarkedMod:PinPointDefense","MarkedMod:GracefulMovements","SignatureMove"],"picked":"FollowUp","floor":5},{"not_picked":["MostiFishMod:StarHerder","FearNoEvil","MarkedMod:GentlePulse+1","EmptyBody+1"],"picked":"MentalFortress","floor":7},{"not_picked":["ClearTheMind+1","ThirdEye+1","ReachHeaven","SashWhip"],"picked":"Halt+1","floor":8},{"not_picked":["AT_MachinaRedman+1","MarkedMod:FirstStrike+1","ClearTheMind+1","EmptyFist"],"picked":"MostiFishMod:PathToVictory+1","floor":10},{"not_picked":["dwlrmod:TheArena+2","dwlrmod:WickedWhispers"],"picked":"dwlrmod:BlackCat","floor":13},{"not_picked":["Ragnarok","JustLucky","Prostrate+1","FlyingSleeves"],"picked":"Adaptation","floor":13}],"player_experience":106589,"relics_obtained":[{"floor":1,"key":"SynthV:TestCard"},{"floor":3,"key":"Orichalcum"},{"floor":7,"key":"Toxic Egg 2"},{"floor":9,"key":"Bottled Tornado"},{"floor":10,"key":"PageOfSingingMachine"},{"floor":10,"key":"dwlrmod:ProjectRecorder"}],"event_choices":[],"is_beta":false,"boss_relics":[],"items_purged_floors":[12],"is_endless":false,"potions_floor_spawned":[1,3,8],"killed_by":"Gensokyo:Yukari","ascension_level":20}}