{"host":"s41rn2jhghpwfrvz","time":1611120887,"event":{"mods":["BaseMod","Minty Spire (QoL Compilation)","Quick Restart","Relic Stats","SuperFastMode"],"gold_per_floor":[110,385,76,89,106,106,6,34,88,88,88],"floor_reached":10,"language":"ENG","playtime":153,"items_purged":["Regret","Defend_P"],"score":132,"play_id":"c72196bf-2c82-49ac-b1c9-f2857324a981","local_time":"20210120073447","is_ascension_mode":true,"campfire_choices":[{"data":"Eruption","floor":6,"key":"SMITH"}],"circlet_count":0,"master_deck":["AscendersBane","Strike_P","Strike_P","Strike_P","Strike_P","Defend_P","Defend_P","Defend_P","Eruption+1","Vigilance","SashWhip","InnerPeace","Steam","Prepared","Vault"],"relics":["PureWater","NeowsBlessing","PrismaticShard","Omamori","Blood Vial"],"acts_visited":["Exordium"],"potions_floor_usage":[10],"damage_taken":[{"damage":0,"enemies":"Jaw Worm","floor":1,"turns":2},{"damage":0,"enemies":"Cultist","floor":4,"turns":1},{"damage":0,"enemies":"Small Slimes","floor":5,"turns":1},{"damage":27,"enemies":"Lagavulin","floor":8,"turns":7},{"damage":50,"enemies":"Gremlin Nob","floor":10,"turns":4}],"seed_played":"-5954858908202791343","potions_obtained":[{"floor":1,"key":"LiquidMemories"}],"is_trial":false,"path_per_floor":["M","?","$","M","M","R","$","E","T","E"],"character_chosen":"WATCHER","items_purchased":["PrismaticShard","InnerPeace"],"campfire_rested":0,"item_purchase_floors":[3,3],"current_hp_per_floor":[61,61,61,61,61,61,61,34,34,0,0],"gold":88,"neow_bonus":"THREE_ENEMY_KILL","is_daily":false,"chose_seed":false,"campfire_upgraded":1,"win_rate":0.0,"timestamp":1611120887,"path_taken":["M","?","$","?","M","R","?","E","T","E"],"items_purchased_type":["Relic","Card"],"build_version":"2020-12-22","purchased_purges":2,"victory":false,"max_hp_per_floor":[68,68,68,68,68,68,68,68,68,68,68],"relic_stats":{"Blood Vial":2,"counters":[5,15],"obtain_stats":[{"Blood Vial":9,"NeowsBlessing":0,"Omamori":8,"PureWater":0,"PrismaticShard":3},{"Blood Vial":4,"NeowsBlessing":0,"Omamori":4,"PureWater":0,"PrismaticShard":1},{"Blood Vial":11,"NeowsBlessing":0,"Omamori":11,"PureWater":0,"PrismaticShard":2}]},"card_choices":[{"not_picked":["FollowUp","Evaluate"],"picked":"SashWhip","floor":1},{"not_picked":["Thunderclap","Burning Pact"],"picked":"Steam","floor":4},{"not_picked":["Dagger Spray","BattleHymn"],"picked":"Prepared","floor":5},{"not_picked":["Wild Strike","Loop"],"picked":"Vault","floor":8}],"player_experience":1812227,"relics_obtained":[{"floor":8,"key":"Omamori"},{"floor":9,"key":"Blood Vial"}],"event_choices":[{"damage_healed":0,"gold_gain":275,"player_choice":"Desecrate","damage_taken":0,"max_hp_gain":0,"max_hp_loss":0,"event_name":"Golden Shrine","floor":2,"gold_loss":0,"cards_obtained":["Regret"]}],"is_beta":false,"boss_relics":[],"items_purged_floors":[3,7],"is_endless":false,"potions_floor_spawned":[1],"killed_by":"Gremlin Nob","ascension_level":20}}