{"host":"ctlqibkg0sskiu65","time":1611110439,"event":{"mods":["AchievementEnabler","Aspiration","BaseMod","BetterRewards","Colored Map","Colored Powertips","Conspire","Fiend Mod","Infinite Spire","Minty Spire (QoL Compilation)","Quick Restart","Replay The Spire","Shop Mod","StSLib","The Bladedancer","The Cursed","The Hierophant","The Jungle","The Kombatant","The Servant 0.9.4","TheBandit"],"gold_per_floor":[117,117,117,129,129,129,162,174,198,198,209,209,227,246,246,343,393,408,408,408,422,435,435,465,465,465,465,490,42,69,69,69,69,69],"floor_reached":33,"language":"ENG","playtime":1154,"items_purged":["Strike_G"],"score":653,"play_id":"63903a74-7cc0-4726-b006-29d25ba0f779","local_time":"20210119204039","is_ascension_mode":true,"campfire_choices":[{"data":"Neutralize","floor":6.0,"key":"SMITH"},{"data":"Bandage Up","floor":12.0,"key":"SMITH"},{"data":"Adrenaline","floor":15.0,"key":"SMITH"},{"data":"Doppelganger","floor":23.0,"key":"SMITH"},{"floor":25.0,"key":"REST"},{"data":"Cloak And Dagger","floor":27.0,"key":"SMITH"},{"data":"Deflect","floor":32.0,"key":"SMITH"}],"circlet_count":0,"master_deck":["AscendersBane","Strike_G","Strike_G","Strike_G+1","Strike_G","Defend_G","Defend_G","Defend_G","Defend_G+1","Defend_G+1","Survivor+1","Neutralize+1","Dagger Spray+1","Endless Agony+1","Malaise+1","Deflect+1","Neutralize+1","Bandage Up+1","Riddle With Holes+1","Slice+1","Adrenaline+1","Doppelganger+1","Flechettes+1","Cloak And Dagger+1","Endless Agony+1","Dramatic Entrance+1"],"relics":["Ring of the Snake","Molten Egg 2","Du-Vu Doll","aspiration:DSix","aspiration:HummingbirdHeart","ReplayTheSpireMod:Lightbulb","Tiny House","Replay:Wax Seal","War Paint","The Courier","Lantern","infinitespire:CheckeredPen","Pen Nib"],"acts_visited":["Exordium","TheCity"],"potions_floor_usage":[],"damage_taken":[{"damage":2.0,"enemies":"Cultist","floor":1.0,"turns":4.0},{"damage":2.0,"enemies":"Jaw Worm","floor":4.0,"turns":3.0},{"damage":0.0,"enemies":"3 Sentries","floor":7.0,"turns":4.0},{"damage":0.0,"enemies":"Small Slimes","floor":8.0,"turns":1.0},{"damage":0.0,"enemies":"3 Louse","floor":11.0,"turns":3.0},{"damage":0.0,"enemies":"Exordium Wildlife","floor":13.0,"turns":2.0},{"damage":0.0,"enemies":"Looter","floor":14.0,"turns":2.0},{"damage":5.0,"enemies":"The Guardian","floor":16.0,"turns":15.0},{"damage":4.0,"enemies":"3 Byrds","floor":18.0,"turns":5.0},{"damage":3.0,"enemies":"Chosen","floor":21.0,"turns":5.0},{"damage":3.0,"enemies":"Snake Plant","floor":22.0,"turns":5.0},{"damage":58.0,"enemies":"Gremlin Leader","floor":24.0,"turns":11.0},{"damage":4.0,"enemies":"Slavers","floor":28.0,"turns":9.0},{"damage":56,"enemies":"Collector","floor":33,"turns":5}],"seed_played":"7190752116330909716","potions_obtained":[{"floor":1.0,"key":"Explosive Potion"},{"floor":8.0,"key":"Fire Potion"},{"floor":16.0,"key":"Reflective Coating"},{"floor":17.0,"key":"GhostInAJar"},{"floor":24.0,"key":"Languid Potion"}],"is_trial":false,"path_per_floor":["M","?","T","M","?","R","E","M","T","?","M","R","M","M","R","B",null,"M","?","?","M","M","R","E","R","T","R","E","$","T","$","R","B"],"character_chosen":"THE_SILENT","items_purchased":["Molten Egg 2","Lantern","infinitespire:CheckeredPen","Dramatic Entrance+1"],"campfire_rested":1,"item_purchase_floors":[0,29,29,29],"current_hp_per_floor":[61,61,61,59,45,45,45,45,45,45,49,49,49,55,55,56,72,74,74,74,71,72,72,20,42,42,42,44,44,44,44,44,0,0],"gold":69,"neow_bonus":"","is_daily":false,"chose_seed":false,"campfire_upgraded":6,"win_rate":0.0,"timestamp":1611110439,"path_taken":["M","?","?","M","?","R","E","?","T","?","?","R","M","M","R","BOSS","M","?","?","M","M","R","E","R","T","R","E","$","?","?","R","BOSS"],"items_purchased_type":["Relic","Relic","Relic","Card"],"build_version":"2020-12-22","purchased_purges":1,"victory":false,"max_hp_per_floor":[70,70,70,70,70,70,70,70,70,70,70,70,70,70,70,70,75,75,75,75,75,75,75,75,75,75,75,75,75,75,75,75,75,75],"card_choices":[{"not_picked":["Underhanded Strike+1","Quick Slash+1"],"picked":"Dagger Spray+1","floor":1.0},{"not_picked":["Deadly Poison","Dodge and Roll"],"picked":"Endless Agony+1","floor":4.0},{"not_picked":["Outmaneuver","PiercingWail"],"picked":"Malaise","floor":7.0},{"not_picked":["Flying Knee+1","Blade Dance"],"picked":"Deflect","floor":8.0},{"not_picked":["Fluid Movement","Draining Mist"],"picked":"Riddle With Holes+1","floor":11.0},{"not_picked":["Deflect","Prepared"],"picked":"Slice+1","floor":13.0},{"not_picked":["Slice+1","Dagger Spray+1"],"picked":"Adrenaline","floor":14.0},{"not_picked":["Tools of the Trade","Bullet Time"],"picked":"Doppelganger","floor":16.0},{"not_picked":["Deadly Poison+1","Masterful Stab+1"],"picked":"Flechettes+1","floor":18.0},{"not_picked":["Choke+1","Flying Knee+1","Prepared"],"picked":"SKIP","floor":21.0},{"not_picked":["Dodge and Roll","Quick Slash+1","Dash+1"],"picked":"SKIP","floor":22.0},{"not_picked":["Infinite Blades","PiercingWail"],"picked":"Cloak And Dagger","floor":24.0},{"not_picked":["Slice+1","Underhanded Strike+1"],"picked":"Endless Agony+1","floor":28.0}],"player_experience":197463,"relics_obtained":[{"floor":3.0,"key":"aspiration:DSix"},{"floor":7.0,"key":"aspiration:HummingbirdHeart"},{"floor":9.0,"key":"ReplayTheSpireMod:Lightbulb"},{"floor":24.0,"key":"Replay:Wax Seal"},{"floor":26.0,"key":"War Paint"},{"floor":28.0,"key":"The Courier"},{"floor":30.0,"key":"Pen Nib"}],"event_choices":[{"damage_healed":0.0,"max_hp_gain":0.0,"max_hp_loss":0.0,"gold_gain":0.0,"event_name":"conspire:Investor","player_choice":"Leave","floor":2.0,"gold_loss":0.0,"damage_taken":0.0},{"damage_healed":0.0,"max_hp_gain":0.0,"max_hp_loss":0.0,"gold_gain":0.0,"event_name":"Shining Light","player_choice":"Entered Light","floor":5.0,"gold_loss":0.0,"damage_taken":14.0,"cards_upgraded":["Survivor","Strike_G"]},{"damage_healed":0.0,"max_hp_gain":0.0,"max_hp_loss":0.0,"gold_gain":0.0,"event_name":"Match and Keep!","player_choice":"2 cards matched","floor":10.0,"gold_loss":0.0,"damage_taken":0.0,"cards_obtained":["Neutralize","Bandage Up"]}],"is_beta":false,"boss_relics":[{"not_picked":["conspire:RunicOctahedron","aspiration:RitualDagger"],"picked":"Tiny House"}],"items_purged_floors":[29],"is_endless":false,"potions_floor_spawned":[1,8,16,24],"killed_by":"Collector","ascension_level":12}}