{"host":"s41rn2jhghpwfrvz","time":1611118973,"event":{"mods":["BaseMod","Minty Spire (QoL Compilation)","Quick Restart","Relic Stats","SuperFastMode"],"gold_per_floor":[110,126,126,51,64,95,95,118,165,165,63,138,138,164,164,235,235,252,177,189,189,203,203,203,203,203],"floor_reached":25,"language":"ENG","playtime":767,"items_purged":["Strike_P"],"score":464,"play_id":"ba552202-ce6c-4450-b221-9bd15e927f49","local_time":"20210120070253","is_ascension_mode":true,"campfire_choices":[{"data":"Vault","floor":7,"key":"SMITH"},{"data":"Eruption","floor":10,"key":"SMITH"},{"data":"Madness","floor":13,"key":"SMITH"},{"data":"Wallop","floor":15,"key":"SMITH"},{"data":"Adaptation","floor":23,"key":"SMITH"}],"circlet_count":0,"master_deck":["AscendersBane","Eruption+1","Vigilance","Nirvana","Establishment","Wallop+1","Vault+1","InnerPeace","Madness+1","WheelKick","Adaptation+1","Madness+1"],"relics":["PureWater","Damaru","Odd Mushroom","Blood Vial","Orichalcum","Empty Cage"],"acts_visited":["Exordium","TheCity"],"potions_floor_usage":[16,16,22],"damage_taken":[{"damage":1,"enemies":"Cultist","floor":1,"turns":4},{"damage":0,"enemies":"Jaw Worm","floor":2,"turns":3},{"damage":0,"enemies":"2 Louse","floor":5,"turns":2},{"damage":30,"enemies":"Gremlin Nob","floor":6,"turns":4},{"damage":6,"enemies":"The Mushroom Lair","floor":8,"turns":5},{"damage":0,"enemies":"Lagavulin","floor":14,"turns":5},{"damage":9,"enemies":"The Guardian","floor":16,"turns":11},{"damage":3,"enemies":"3 Byrds","floor":18,"turns":5},{"damage":10,"enemies":"2 Thieves","floor":20,"turns":4},{"damage":18,"enemies":"Centurion and Healer","floor":22,"turns":6},{"damage":48,"enemies":"Shelled Parasite and Fungi","floor":25,"turns":2}],"seed_played":"6926677261090462763","potions_obtained":[{"floor":5,"key":"BottledMiracle"},{"floor":6,"key":"AttackPotion"},{"floor":14,"key":"SpeedPotion"},{"floor":20,"key":"Regen Potion"}],"is_trial":false,"path_per_floor":["M","M","?","?","M","E","R","?","T","R","$","?","R","E","R","B",null,"M","$","M","?","M","R","?","M"],"character_chosen":"WATCHER","items_purchased":["Madness"],"campfire_rested":0,"item_purchase_floors":[11],"current_hp_per_floor":[60,60,53,53,53,23,23,17,17,17,17,6,6,8,8,1,47,46,46,38,38,37,37,37,0,0],"gold":203,"neow_bonus":"TRANSFORM_TWO_CARDS","is_daily":false,"chose_seed":false,"campfire_upgraded":5,"win_rate":0.0,"timestamp":1611118973,"path_taken":["M","M","?","?","M","E","R","?","T","R","?","?","R","E","R","BOSS","M","$","M","?","?","R","?","?"],"items_purchased_type":["Card"],"build_version":"2020-12-22","purchased_purges":1,"victory":false,"max_hp_per_floor":[62,62,62,62,62,62,62,62,62,62,62,62,62,62,62,62,62,62,62,62,62,62,62,62,62,62],"relic_stats":{"Blood Vial":12,"counters":[11,51],"Orichalcum":[42],"obtain_stats":[{"Blood Vial":9,"Damaru":6,"PureWater":0,"Odd Mushroom":8,"Orichalcum":14,"Empty Cage":17},{"Blood Vial":5,"Damaru":4,"PureWater":0,"Odd Mushroom":5,"Orichalcum":6,"Empty Cage":7},{"Blood Vial":18,"Damaru":13,"PureWater":0,"Odd Mushroom":18,"Orichalcum":23,"Empty Cage":34}]},"card_choices":[{"not_picked":["FlurryOfBlows","Halt"],"picked":"Wallop","floor":1},{"not_picked":["ReachHeaven","Consecrate","Evaluate"],"picked":"SKIP","floor":2},{"not_picked":["ReachHeaven","Consecrate","Evaluate"],"picked":"SKIP","floor":2},{"not_picked":["Nirvana","Vengeance","Fasting2"],"picked":"SKIP","floor":5},{"not_picked":["ThirdEye","Consecrate"],"picked":"Vault","floor":6},{"not_picked":["Perseverance","Evaluate"],"picked":"InnerPeace","floor":8},{"not_picked":["PathToVictory","FlyingSleeves"],"picked":"WheelKick","floor":14},{"not_picked":["FlyingSleeves","FollowUp","Tantrum"],"picked":"SKIP","floor":18},{"not_picked":["CutThroughFate","Halt"],"picked":"Adaptation","floor":20},{"not_picked":["Consecrate","LikeWater","WheelKick"],"picked":"SKIP","floor":22}],"player_experience":1812227,"relics_obtained":[{"floor":6,"key":"Damaru"},{"floor":8,"key":"Odd Mushroom"},{"floor":9,"key":"Blood Vial"},{"floor":14,"key":"Orichalcum"}],"event_choices":[{"cards_removed":["Strike_P"],"damage_healed":0,"gold_gain":0,"player_choice":"Card Removal","damage_taken":7,"max_hp_gain":0,"max_hp_loss":0,"event_name":"Golden Wing","floor":3,"gold_loss":0},{"cards_removed":["Defend_P"],"damage_healed":0,"gold_gain":0,"player_choice":"Card Removal","damage_taken":0,"max_hp_gain":0,"max_hp_loss":0,"event_name":"The Cleric","floor":4,"gold_loss":75},{"damage_healed":0,"gold_gain":0,"player_choice":"Fought Mushrooms","damage_taken":0,"max_hp_gain":0,"max_hp_loss":0,"event_name":"Mushrooms","floor":8,"gold_loss":0},{"damage_healed":0,"gold_gain":75,"player_choice":"Gather Gold","damage_taken":11,"max_hp_gain":0,"max_hp_loss":0,"event_name":"World of Goop","floor":12,"gold_loss":0},{"damage_healed":0,"gold_gain":0,"player_choice":"Copied","damage_taken":0,"max_hp_gain":0,"max_hp_loss":0,"event_name":"Duplicator","floor":21,"gold_loss":0,"cards_obtained":["Madness"]},{"cards_removed":["Defend_P"],"damage_healed":0,"gold_gain":0,"player_choice":"Purged","damage_taken":0,"max_hp_gain":0,"max_hp_loss":0,"event_name":"Purifier","floor":24,"gold_loss":0}],"is_beta":false,"boss_relics":[{"not_picked":["SlaversCollar","Pandora\u0027s Box"],"picked":"Empty Cage"}],"items_purged_floors":[19],"is_endless":false,"potions_floor_spawned":[5,6,8,14,20],"killed_by":"Shelled Parasite and Fungi","ascension_level":20}}