{"host":"6jrnojxwearbrjzo","time":1611165807,"event":{"mods":["BaseMod","Conspire","Downfall","Highlight Path","Marisa（F雨　魔理沙）","Minty Spire (QoL Compilation)","MostiFishMod","Quick Restart","Random Character Button","Shop Mod","Spicy Shops","StSLib","The Construct","The Servant 0.9.4","Yuyuko","[功能]功能增强和修复MOD","vexMod"],"gold_per_floor":[99,99,91,91,109,9,9,46,0,0,36,36,46,146,171,279,279,179,179,3,111,280,300,300,300,337,337,337,337,356,356,367,474,474,474,574,592,642,539,588,588,360,360,460,310,345,345,88,107,107],"floor_reached":51,"language":"ZHS","playtime":2264,"items_purged":["Pride","conspire:GhostlyStrike","conspire:GhostlyDefend","downfall:Malfunctioning","conspire:GhostlyDefend","conspire:GhostlyStrike","conspire:GhostlyStrike","conspire:GhostlyDefend","Blind","Impatience","Pride","downfall:Bewildered"],"score":911,"play_id":"f8b5a674-1c9f-4ab4-b457-917051ae7f57","local_time":"20210121020327","is_ascension_mode":false,"campfire_choices":[{"data":"hexamod:Float","floor":1,"key":"SMITH"},{"data":"hexamod:HeatShield","floor":10,"key":"SMITH"},{"floor":18,"key":"REST"},{"data":"hexamod:HeatMetal","floor":35,"key":"SMITH"},{"data":"hexamod:RadiantFlame","floor":47,"key":"SMITH"}],"circlet_count":0,"master_deck":["hexamod:Sear+1","hexamod:Float+1","hexamod:FirstSeal","hexamod:SecondSeal","hexamod:ThermalTransfer+1","hexamod:HeatShield+1","hexamod:StepThrough+1","hexamod:FourthSeal","hexamod:GhostflameInferno+1","hexamod:TimeOfNeed+1","hexamod:RadiantFlame+1","hexamod:FlameSwitch+1","J.A.X.+1","hexamod:HeatMetal+1","hexamod:RainOfEmbers+1","hexamod:TurnItUp+1","hexamod:ChargedBarrage+1","hexamod:SkipABeat+1","hexamod:TimeOfNeed+1","hexamod:EmpoweredFlame","hexamod:BurningTouch+1","hexamod:SearingWound+1","MostiFishMod:PerfectForm+1"],"relics":["hexamod:SpiritBrand","DaveBox","BrkXgEgg","ArrowTower","Potion Belt","SynthV","vexMod:Dragonfruit","Bird Faced Urn","conspire:Flyswatter","Technique","conspire:BottledYoYo","Blue Candle","vexMod:CursedCompass","downfall:HeartBlessingGreen","Bag of Preparation","Vajra","ChiLing","Chi","Ling","Toolbox","MutagenicStrength","Sling","ImprovedEquipment","Frozen Eye","PreservedInsect","StrikeDummy","Pen Nib","sneckomod:BabySnecko","Orichalcum","ShadowXiaoBlade","White Beast Statue","Ice Cream","hexamod:MatchstickCase","HandDrill","MostiFishMod:AdaptiveDefenses","CatCart","InkBottle","MetatronsCube","vexMod:MemoryStick","MostiFishMod:Haymaker","Bronze Scales","Juzu Bracelet","Akabeko","War Paint","OrangePellets","MealTicket","Boot","Singing Bowl","HornCleat","Lantern","TimeFreeze","Orrery"],"acts_visited":["Exordium","TheCity","TheBeyond"],"potions_floor_usage":[16,22,33,40],"damage_taken":[{"damage":6,"enemies":"Jaw Worm","floor":5,"turns":3},{"damage":0,"enemies":"downfall:FleeingMerchant","floor":6,"turns":4},{"damage":6,"enemies":"3 Sentries","floor":8,"turns":4},{"damage":0,"enemies":"downfall:FleeingMerchant","floor":9,"turns":4},{"damage":10,"enemies":"Lagavulin","floor":11,"turns":4},{"damage":0,"enemies":"2 Louse","floor":13,"turns":2},{"damage":2,"enemies":"Cultist","floor":15,"turns":3},{"damage":3,"enemies":"IC_STATUS_ARCHETYPE","floor":16,"turns":3},{"damage":0,"enemies":"downfall:FleeingMerchant","floor":20,"turns":4},{"damage":21,"enemies":"downfall:Augmenter","floor":21,"turns":4},{"damage":6,"enemies":"downfall:FleeingMerchant","floor":22,"turns":2},{"damage":3,"enemies":"Shell Parasite","floor":23,"turns":1},{"damage":3,"enemies":"Book of Stabbing","floor":26,"turns":2},{"damage":1,"enemies":"Chosen","floor":30,"turns":3},{"damage":11,"enemies":"Shelled Parasite and Fungi","floor":32,"turns":3},{"damage":4,"enemies":"SI_MIRROR_ARCHETYPE","floor":33,"turns":3},{"damage":0,"enemies":"downfall:LadyInBlue","floor":36,"turns":1},{"damage":0,"enemies":"3 Shapes","floor":37,"turns":1},{"damage":2,"enemies":"3 Shapes","floor":38,"turns":2},{"damage":9,"enemies":"Orin","floor":40,"turns":5},{"damage":0,"enemies":"conspire:MimicChest","floor":46,"turns":3},{"damage":1,"enemies":"3 Darklings","floor":49,"turns":2},{"damage":3,"enemies":"WA_ARCHETYPE_DIVINITY","floor":50,"turns":3}],"seed_played":"5226016854894410182","potions_obtained":[{"floor":11,"key":"BlessingOfTheForge"},{"floor":11,"key":"Fire Potion"},{"floor":11,"key":"LiquidMemories"},{"floor":13,"key":"SkillPotion"},{"floor":15,"key":"BlessingOfTheForge"},{"floor":16,"key":"Strength Potion"},{"floor":16,"key":"PowerPotion"},{"floor":20,"key":"CultistPotion"},{"floor":21,"key":"DistilledChaos"},{"floor":22,"key":"SteroidPotion"},{"floor":31,"key":"CultistPotion"},{"floor":33,"key":"PowerPotion"},{"floor":37,"key":"FairyPotion"},{"floor":40,"key":"Energy Potion"}],"is_trial":false,"path_per_floor":["R","?","?","?","M","$","T","E","$","R","E","?","M","?","M","B",null,"R","?","$","?","$","M","T","?","E","?","?","?","M","?","M","B",null,"R","?","M","?","$","?","T","$","?","?","$","?","R","?","M","B",null],"character_chosen":"THE_SPIRIT","items_purchased":["Potion Belt","SynthV","vexMod:Dragonfruit","Technique","Bag of Preparation","Vajra","ChiLing","hexamod:FlameSwitch+1","Toolbox","Sling","vexMod:BerryBomb","ImprovedEquipment","Frozen Eye","hexamod:MatchstickCase","HandDrill","MostiFishMod:AdaptiveDefenses","MetatronsCube","vexMod:MemoryStick","hexamod:TimeOfNeed+1","MostiFishMod:Haymaker","Bronze Scales","Juzu Bracelet","Akabeko","War Paint","OrangePellets","Boot","Singing Bowl","HornCleat","Lantern","TimeFreeze","Orrery","MostiFishMod:PerfectForm+1"],"campfire_rested":1,"item_purchase_floors":[6,6,6,9,20,20,20,20,20,22,22,22,22,39,39,39,42,42,42,42,45,45,45,45,45,48,48,48,48,48,48,48],"current_hp_per_floor":[63,63,56,56,57,68,68,68,68,68,65,65,68,68,67,68,68,68,68,68,64,74,71,71,71,74,74,74,74,74,74,64,74,74,74,74,74,74,74,73,73,73,73,73,73,74,74,80,82,81],"gold":107,"neow_bonus":"ONE_RARE_RELIC","is_daily":false,"chose_seed":false,"campfire_upgraded":4,"win_rate":0.0,"timestamp":1611165807,"path_taken":["R","?","?","?","?","?","T","E","$","R","E","?","?","?","M","BOSS","R","?","$","?","?","?","T","?","E","?","?","?","?","?","M","BOSS","R","?","?","?","$","?","T","?","?","?","$","?","R","?","M","BOSS"],"items_purchased_type":["Relic","Relic","Relic","Relic","Relic","Relic","Relic","Card","Relic","Relic","Relic","Relic","Relic","Relic","Relic","Relic","Relic","Relic","Card","Relic","Relic","Relic","Relic","Relic","Relic","Relic","Relic","Relic","Relic","Relic","Relic","Card"],"build_version":"2020-12-22","purchased_purges":12,"victory":true,"max_hp_per_floor":[63,63,63,63,63,68,68,68,68,68,68,68,68,68,68,68,68,68,68,68,68,74,74,74,74,74,74,74,74,74,74,74,74,74,74,74,74,74,74,74,74,74,74,74,74,74,74,80,82,82],"card_choices":[{"not_picked":["hexamod:Firestarter","hexamod:ShieldOfDarkness"],"picked":"hexamod:ThermalTransfer","floor":5},{"not_picked":["hexamod:GhostLash","hexamod:SecondSeal"],"picked":"hexamod:HeatShield","floor":6},{"not_picked":["hexamod:NightmareGuise","hexamod:BacktrackSmack"],"picked":"hexamod:StepThrough","floor":8},{"not_picked":["hexamod:FastForward","hexamod:Rewind"],"picked":"hexamod:FourthSeal","floor":9},{"not_picked":["hexamod:GhostflameBarrier","hexamod:CatchUp"],"picked":"hexamod:GhostflameInferno+1","floor":11},{"not_picked":["hexamod:SwordOfDarkness","hexamod:AdvancingGuard","hexamod:PhantomFireball"],"picked":"SKIP","floor":13},{"not_picked":["hexamod:GhostShield","hexamod:HauntingEcho","hexamod:InspiringFlames"],"picked":"SKIP","floor":15},{"not_picked":["hexamod:HexaLevel+1","hexamod:UnleashSpirits+1"],"picked":"hexamod:TimeOfNeed+1","floor":16},{"not_picked":["hexamod:SpectersWail","hexamod:InspiringFlames"],"picked":"hexamod:RadiantFlame","floor":20},{"not_picked":[],"picked":"J.A.X.","floor":21},{"not_picked":["hexamod:SwordOfDarkness","hexamod:AdvancingGuard"],"picked":"hexamod:HeatMetal","floor":21},{"not_picked":["hexamod:SkipABeat","hexamod:FirstSeal","hexamod:GhostflameInferno+1"],"picked":"SKIP","floor":22},{"not_picked":["hexamod:Haunt","hexamod:ThermalTransfer","hexamod:RadiantFlame"],"picked":"SKIP","floor":23},{"not_picked":["hexamod:NightmareStrike","hexamod:InspiringFlames"],"picked":"hexamod:RainOfEmbers+1","floor":26},{"not_picked":["hexamod:GhostLash","hexamod:GhostOfSpirePast","hexamod:HauntingEcho+1"],"picked":"SKIP","floor":30},{"not_picked":["hexamod:Hexaguard+1","hexamod:Firestarter","hexamod:FirstSeal"],"picked":"SKIP","floor":32},{"not_picked":["hexamod:TimeWarp+1","hexamod:FlameSwitch+1"],"picked":"hexamod:TurnItUp+1","floor":33},{"not_picked":["hexamod:GhostLash","hexamod:PhantomCloak"],"picked":"hexamod:ChargedBarrage+1","floor":37},{"not_picked":["hexamod:Hexaguard","hexamod:FourthSeal"],"picked":"hexamod:SkipABeat","floor":40},{"not_picked":["hexamod:ShieldOfDarkness","hexamod:BurningTouch"],"picked":"hexamod:EmpoweredFlame","floor":46},{"not_picked":["hexamod:ThermalTransfer","hexamod:CatchUp+1","hexamod:GhostOfSpirePast"],"picked":"Singing Bowl","floor":48},{"not_picked":["hexamod:HeatShield","hexamod:ChargedBarrage+1","hexamod:ShieldOfDarkness+1"],"picked":"Singing Bowl","floor":48},{"not_picked":["hexamod:EtherealExpedition+1","hexamod:PhantomCloak"],"picked":"hexamod:BurningTouch+1","floor":48},{"not_picked":["hexamod:NightmareStrike+1","hexamod:SwordOfDarkness"],"picked":"hexamod:SearingWound+1","floor":48},{"not_picked":["hexamod:AdvancingGuard","hexamod:ParanormalForm+1","hexamod:Firestarter"],"picked":"Singing Bowl","floor":48},{"not_picked":["hexamod:HeatMetal+1","hexamod:SpectersWail+1","hexamod:Rewind"],"picked":"Singing Bowl","floor":49}],"player_experience":96875,"relics_obtained":[{"floor":7,"key":"Bird Faced Urn"},{"floor":8,"key":"conspire:Flyswatter"},{"floor":11,"key":"conspire:BottledYoYo"},{"floor":21,"key":"MutagenicStrength"},{"floor":24,"key":"PreservedInsect"},{"floor":26,"key":"Pen Nib"},{"floor":36,"key":"White Beast Statue"},{"floor":38,"key":"Ice Cream"},{"floor":40,"key":"CatCart"},{"floor":41,"key":"InkBottle"},{"floor":46,"key":"MealTicket"}],"event_choices":[{"damage_healed":0,"gold_gain":0,"player_choice":"Agree","damage_taken":0,"max_hp_gain":0,"max_hp_loss":0,"event_name":"conspire:LoneGhost","floor":2,"gold_loss":0},{"damage_healed":0,"gold_gain":0,"player_choice":"Forge","damage_taken":0,"max_hp_gain":0,"max_hp_loss":0,"event_name":"Accursed Blacksmith","floor":4,"gold_loss":0,"cards_upgraded":["hexamod:Sear"]},{"damage_healed":0,"gold_gain":0,"player_choice":"Leave","damage_taken":0,"max_hp_gain":0,"max_hp_loss":0,"event_name":"conspire:Investor","floor":12,"gold_loss":0},{"damage_healed":0,"gold_gain":0,"player_choice":"Stole Relic","damage_taken":0,"relics_obtained":["StrikeDummy"],"max_hp_gain":0,"max_hp_loss":0,"event_name":"Addict","floor":25,"gold_loss":0,"cards_obtained":["Pride"]},{"damage_healed":0,"gold_gain":0,"player_choice":"Ignored","damage_taken":0,"max_hp_gain":0,"max_hp_loss":0,"event_name":"Vampires","floor":27,"gold_loss":0},{"damage_healed":0,"gold_gain":0,"player_choice":"Fight","damage_taken":0,"max_hp_gain":0,"max_hp_loss":0,"event_name":"OrinTheCat","floor":40,"gold_loss":0}],"is_beta":false,"boss_relics":[{"not_picked":["GreenFoldingFan","MoonlightInvasionPlan"],"picked":"vexMod:CursedCompass"},{"not_picked":["hexamod:IceCube","Runic Pyramid"],"picked":"ShadowXiaoBlade"}],"items_purged_floors":[6,9,9,20,20,22,22,22,22,22,39,39],"is_endless":false,"potions_floor_spawned":[11,11,13,13,16,16,23,26,26,30,30,32,33,37,37,37,38,40,46,49],"ascension_level":0}}