{"host":"yd6hhqps9de4qmof","time":1611147978,"event":{"mods":["BaseMod","Downfall","Hermit","Highlight Path","Jorbs\u0027s Wanderer Trilogy","Minty Spire (QoL Compilation)","Relic Stats","Shade Mod","StSLib","The Cursed","The Servant 0.9.4"],"gold_per_floor":[99,117,117,131,131,31,54,54,70,2,102,127,144,163,176,273,273,273,290,46,46,56,74,125,154,154,154,154,166,194,144,161,256,256,256,268,268,284,7,7,7,21,21,36,36,53,87,87,110,110],"floor_reached":51,"language":"ENG","playtime":2423,"items_purged":["bronze:Strike"],"score":744,"play_id":"fc327bc4-0995-4377-b686-3f8274e5f3e5","local_time":"20210120140618","is_ascension_mode":false,"campfire_choices":[{"floor":1,"key":"RECALL"},{"floor":6,"key":"REST"},{"data":"bronze:WhirlingStrike","floor":8,"key":"SMITH"},{"data":"bronze:Break","floor":18,"key":"SMITH"},{"data":"bronze:Format","floor":26,"key":"SMITH"},{"floor":35,"key":"REST"},{"floor":40,"key":"REST"},{"floor":48,"key":"REST"}],"circlet_count":0,"master_deck":["bronze:Strike+1","bronze:Defend+1","bronze:Defend+1","bronze:Defend+1","bronze:Replicate","bronze:Goto","bronze:FollowUp","bronze:DigitalCarnage","bronze:GetLatest","bronze:WhirlingStrike+1","bronze:Branch","bronze:Assembly","bronze:OilSpill","bronze:Branch","bronze:ItsAFeature","bronze:WildBeam","bronze:SpaghettiCode","bronze:Repulsor","bronze:Break+1","bronze:Fortify+1","bronze:BuggyMess+1","bronze:Overheat","bronze:Format+1","bronze:DelayedSlice+1","bronze:BurnOut","bronze:WhirlingStrike+1","bronze:Mutator","bronze:ThunderWave","bronze:Iterate+1","bronze:DigitalCarnage","bronze:ItsAFeature+1","bronze:Boost+1","bronze:FindAndReplace"],"relics":["bronze:BronzeCore","downfall:ShatteredFragment","downfall:HeartBlessingRed","Regal Pillow","Potion Belt","Meat on the Bone","Philosopher\u0027s Stone","Blood Vial","Oddly Smooth Stone","Strawberry","sneckomod:BabySnecko","Torii","Fusion Hammer","Vajra","Lee\u0027s Waffle","PreservedInsect","Gremlin Horn","CeramicFish"],"acts_visited":["Exordium","TheCity","TheBeyond"],"potions_floor_usage":[11,12,16,16,25,25,33,42,46,50,50],"damage_taken":[{"damage":6,"enemies":"Jaw Worm","floor":2,"turns":2},{"damage":5,"enemies":"Small Slimes","floor":4,"turns":2},{"damage":0,"enemies":"Cultist","floor":9,"turns":2},{"damage":0,"enemies":"downfall:FleeingMerchant","floor":10,"turns":4},{"damage":0,"enemies":"downfall:LadyInBlue","floor":11,"turns":4},{"damage":10,"enemies":"3 Sentries","floor":12,"turns":3},{"damage":5,"enemies":"Red Slaver","floor":13,"turns":2},{"damage":6,"enemies":"Large Slime","floor":14,"turns":2},{"damage":10,"enemies":"3 Louse","floor":15,"turns":7},{"damage":4,"enemies":"IC_STATUS_ARCHETYPE","floor":16,"turns":4},{"damage":14,"enemies":"Shell Parasite","floor":19,"turns":2},{"damage":10,"enemies":"downfall:FleeingMerchant","floor":20,"turns":4},{"damage":0,"enemies":"Chosen","floor":22,"turns":2},{"damage":0,"enemies":"Centurion and Healer","floor":23,"turns":3},{"damage":18,"enemies":"Book of Stabbing","floor":25,"turns":3},{"damage":0,"enemies":"Shelled Parasite and Fungi","floor":29,"turns":2},{"damage":21,"enemies":"Gremlin Leader","floor":30,"turns":3},{"damage":0,"enemies":"Cultist and Chosen","floor":32,"turns":3},{"damage":26,"enemies":"WA_ARCHETYPE_CALM","floor":33,"turns":8},{"damage":35,"enemies":"3 Shapes","floor":36,"turns":5},{"damage":7,"enemies":"Orb Walker","floor":38,"turns":2},{"damage":0,"enemies":"downfall:FleeingMerchant","floor":39,"turns":3},{"damage":14,"enemies":"Spire Growth","floor":42,"turns":3},{"damage":0,"enemies":"4 Shapes","floor":44,"turns":2},{"damage":11,"enemies":"3 Darklings","floor":46,"turns":3},{"damage":43,"enemies":"Giant Head","floor":47,"turns":6},{"damage":0,"enemies":"Transient","floor":49,"turns":5},{"damage":36,"enemies":"DF_ARCHETYPE_ORBS","floor":50,"turns":6}],"seed_played":"-5669805541199601511","potions_obtained":[{"floor":2,"key":"Block Potion"},{"floor":11,"key":"SkillPotion"},{"floor":11,"key":"LiquidBronze"},{"floor":11,"key":"PowerPotion"},{"floor":11,"key":"SmokeBomb"},{"floor":13,"key":"Dexterity Potion"},{"floor":14,"key":"LiquidBronze"},{"floor":15,"key":"Block Potion"},{"floor":19,"key":"GamblersBrew"},{"floor":29,"key":"FearPotion"},{"floor":30,"key":"Energy Potion"},{"floor":32,"key":"EssenceOfSteel"},{"floor":36,"key":"Fruit Juice"},{"floor":42,"key":"bronze:BurnAndBuffPotion"},{"floor":49,"key":"GamblersBrew"}],"is_trial":false,"path_per_floor":["R","M","?","M","?","R","T","R","M","$","?","E","M","M","M","B",null,"R","M","$","?","M","M","T","E","R","?","?","M","E","?","M","B",null,"R","M","?","M","$","R","T","M","?","M","?","M","E","R","M","B",null],"character_chosen":"THE_AUTOMATON","items_purchased":["bronze:OilSpill","Blood Vial","Vajra","bronze:Mutator","Lee\u0027s Waffle","PreservedInsect"],"campfire_rested":4,"item_purchase_floors":[10,20,39,39,39,39],"current_hp_per_floor":[63,57,36,31,31,49,49,49,49,49,49,39,34,40,42,38,63,63,49,39,39,41,43,43,46,46,46,46,48,41,69,70,44,70,70,47,47,42,77,77,77,68,68,70,70,61,32,71,73,51],"gold":110,"neow_bonus":"TRANSFORM_TWO_CARDS","is_daily":false,"chose_seed":false,"campfire_upgraded":3,"win_rate":0.0,"timestamp":1611147978,"path_taken":["R","M","?","M","?","R","T","R","M","?","?","E","M","?","M","BOSS","R","M","$","?","M","M","T","E","R","?","?","M","E","?","M","BOSS","R","M","?","M","$","R","T","M","?","?","?","?","E","R","M","BOSS"],"items_purchased_type":["Card","Relic","Relic","Card","Relic","Relic"],"build_version":"2020-12-22","purchased_purges":1,"victory":true,"max_hp_per_floor":[63,63,63,63,63,63,63,63,63,63,63,63,63,63,63,63,63,63,63,63,63,63,63,63,70,70,70,70,70,70,70,70,70,70,70,70,70,70,77,77,77,82,82,82,82,82,82,82,82,82],"relic_stats":{"Blood Vial":25,"Regal Pillow":15,"Lee\u0027s Waffle":33,"Torii":11,"Gremlin Horn":[5,5],"counters":[28,97],"CeramicFish":18,"PreservedInsect":125,"obtain_stats":[{"Potion Belt":11,"Regal Pillow":7,"Lee\u0027s Waffle":39,"bronze:BronzeCore":0,"downfall:ShatteredFragment":3,"downfall:HeartBlessingRed":6,"Torii":30,"Gremlin Horn":41,"CeramicFish":47,"Oddly Smooth Stone":24,"Vajra":39,"PreservedInsect":39,"Blood Vial":20,"sneckomod:BabySnecko":27,"Strawberry":25,"Philosopher\u0027s Stone":17,"Fusion Hammer":34,"Meat on the Bone":12},{"Potion Belt":5,"Regal Pillow":2,"Lee\u0027s Waffle":22,"bronze:BronzeCore":0,"downfall:ShatteredFragment":1,"downfall:HeartBlessingRed":2,"Torii":17,"Gremlin Horn":22,"CeramicFish":26,"Oddly Smooth Stone":14,"Vajra":22,"PreservedInsect":22,"Blood Vial":12,"sneckomod:BabySnecko":15,"Strawberry":15,"Philosopher\u0027s Stone":10,"Fusion Hammer":19,"Meat on the Bone":6},{"Potion Belt":14,"Regal Pillow":4,"Lee\u0027s Waffle":72,"bronze:BronzeCore":0,"downfall:ShatteredFragment":2,"downfall:HeartBlessingRed":4,"Torii":51,"Gremlin Horn":72,"CeramicFish":86,"Oddly Smooth Stone":43,"Vajra":72,"PreservedInsect":72,"Blood Vial":38,"sneckomod:BabySnecko":46,"Strawberry":46,"Philosopher\u0027s Stone":32,"Fusion Hammer":62,"Meat on the Bone":17}],"Meat on the Bone":84},"card_choices":[{"not_picked":["bronze:CloningBeam","bronze:MaxOutput"],"picked":"bronze:Optimize","floor":2},{"not_picked":["bronze:OilSpill","bronze:DelayedSlice"],"picked":"bronze:GetLatest","floor":4},{"not_picked":["bronze:DarkDash","bronze:Frontload"],"picked":"bronze:Branch","floor":9},{"not_picked":["bronze:Philosophize","bronze:Deprecate"],"picked":"bronze:Assembly","floor":10},{"not_picked":["bronze:WildBeam","bronze:Overheat"],"picked":"bronze:Branch","floor":11},{"not_picked":["bronze:Backtrace","bronze:CutThrough"],"picked":"bronze:ItsAFeature","floor":12},{"not_picked":["bronze:BronzeArmor","bronze:Branch"],"picked":"bronze:WildBeam","floor":13},{"not_picked":["bronze:Overheat","bronze:Shell"],"picked":"bronze:SpaghettiCode","floor":14},{"not_picked":["bronze:Backtrace","bronze:ClassDefault"],"picked":"bronze:Repulsor","floor":15},{"not_picked":["bronze:AlphaBuild","bronze:CleanCode"],"picked":"bronze:Break","floor":16},{"not_picked":["bronze:ForLoop","bronze:BitShift+1","bronze:Shell"],"picked":"SKIP","floor":19},{"not_picked":["bronze:Deprecate","bronze:ThunderWave"],"picked":"bronze:Fortify+1","floor":20},{"not_picked":["bronze:ForLoop","bronze:WildBeam"],"picked":"bronze:BuggyMess+1","floor":22},{"not_picked":["bronze:Invalidate","bronze:BitShift+1"],"picked":"bronze:Overheat","floor":23},{"not_picked":["bronze:Safeguard","bronze:WildBeam+1"],"picked":"bronze:Format","floor":25},{"not_picked":["bronze:BronzeArmor","bronze:CutThrough","bronze:FineTuning"],"picked":"SKIP","floor":29},{"not_picked":["bronze:Turbo+1","bronze:CutThrough","bronze:Iterate"],"picked":"SKIP","floor":30},{"not_picked":["bronze:Shield","bronze:FineTuning"],"picked":"bronze:DelayedSlice+1","floor":32},{"not_picked":["bronze:Format","bronze:HardenedForm"],"picked":"bronze:BurnOut","floor":33},{"not_picked":["bronze:WildBeam","bronze:ItsAFeature","bronze:DelayedSlice"],"picked":"SKIP","floor":36},{"not_picked":["bronze:ForLoop+1","bronze:Branch+1","bronze:Turbo+1"],"picked":"SKIP","floor":38},{"not_picked":["bronze:Shell","bronze:Backtrace+1"],"picked":"bronze:WhirlingStrike+1","floor":39},{"not_picked":["bronze:Shield","bronze:BitShift"],"picked":"bronze:ThunderWave","floor":42},{"not_picked":["bronze:NullPointer+1","bronze:Philosophize"],"picked":"bronze:Iterate+1","floor":44},{"not_picked":["bronze:DelayedSlice+1","bronze:WildBeam+1"],"picked":"bronze:ItsAFeature+1","floor":46},{"not_picked":["bronze:GetLatest","bronze:CutThrough+1"],"picked":"bronze:Boost+1","floor":47},{"not_picked":["bronze:DelayedSlice","bronze:Frontload+1"],"picked":"bronze:FindAndReplace","floor":49}],"player_experience":1145006,"relics_obtained":[{"floor":7,"key":"Regal Pillow"},{"floor":11,"key":"Potion Belt"},{"floor":12,"key":"Meat on the Bone"},{"floor":24,"key":"Oddly Smooth Stone"},{"floor":25,"key":"Strawberry"},{"floor":30,"key":"Torii"},{"floor":41,"key":"Gremlin Horn"},{"floor":47,"key":"CeramicFish"}],"event_choices":[{"damage_healed":0,"gold_gain":0,"player_choice":"Ignored","damage_taken":0,"max_hp_gain":0,"max_hp_loss":0,"event_name":"Ghosts","floor":21,"gold_loss":0},{"cards_removed":["bronze:Optimize"],"damage_healed":0,"gold_gain":0,"player_choice":"Removed Power","damage_taken":0,"max_hp_gain":0,"max_hp_loss":0,"event_name":"Falling","floor":37,"gold_loss":0}],"is_beta":false,"boss_relics":[{"not_picked":["Sozu","Astrolabe"],"picked":"Philosopher\u0027s Stone"},{"not_picked":["Snecko Eye","Pandora\u0027s Box"],"picked":"Fusion Hammer"}],"items_purged_floors":[20],"is_endless":false,"potions_floor_spawned":[2,11,13,14,15,19,29,30,32,36,42,44,49],"ascension_level":0}}