{"host":"foq4mrde4mssg7vt","time":1611147909,"event":{"mods":["AchievementEnabler","BaseMod","Colored Map","Colored Powertips","Highlight Path","Minty Spire (QoL Compilation)","Relic Stats","everything is the same but u backflip on backflip"],"gold_per_floor":[117,130,31,41,41,75,100,100,100,100,131,149,149,193,193,292,292,305,329,8,8,8,46,62,62,85,101,114,147,147,147,147,240,240,260,281,74,139,159,159,193,214,239,239,239,239,254,277,277,277,277,277,22,56,56,56],"floor_reached":55,"language":"ENG","playtime":2553,"items_purged":["Strike_B","Zap+1"],"score":1476,"play_id":"552e5e81-18db-4453-ba88-b7c589706911","local_time":"20210120210509","is_ascension_mode":true,"campfire_choices":[{"data":"Sunder","floor":8.0,"key":"SMITH"},{"floor":10.0,"key":"REST"},{"floor":15.0,"key":"REST"},{"data":"Hologram","floor":25.0,"key":"SMITH"},{"data":"Reinforced Body","floor":32.0,"key":"SMITH"},{"data":"Defragment","floor":40.0,"key":"SMITH"},{"floor":49.0,"key":"RECALL"},{"data":"Static Discharge","floor":52.0,"key":"SMITH"}],"circlet_count":0,"master_deck":["AscendersBane","Strike_B+1","Strike_B+1","Strike_B+1","Defend_B+1","Defend_B+1","Defend_B+1","Defend_B+1","Dualcast","Sweeping Beam","Sunder+1","Coolheaded","Self Repair","Auto Shields","Hologram+1","Static Discharge+1","Glacier","Reinforced Body+1","Electrodynamics","Barrage+1","Compile Driver","Reinforced Body","Force Field+1","Undo","Doom and Gloom","Defragment+1","Meteor Strike+1","Glacier+1"],"relics":["Cracked Core","Golden Idol","Lantern","Bag of Marbles","Pear","Mummified Hand","Snecko Eye","Membership Card","PreservedInsect","StrikeDummy","Anchor","Toxic Egg 2","MutagenicStrength","SlaversCollar","DataDisk","Du-Vu Doll","Mercury Hourglass","Bottled Flame","Art of War","Whetstone"],"acts_visited":["Exordium","TheCity","TheBeyond","TheEnding"],"potions_floor_usage":[55,55],"damage_taken":[{"damage":2.0,"enemies":"Jaw Worm","floor":1.0,"turns":2.0},{"damage":3.0,"enemies":"2 Louse","floor":2.0,"turns":2.0},{"damage":23.0,"enemies":"Small Slimes","floor":4.0,"turns":4.0},{"damage":39.0,"enemies":"Gremlin Nob","floor":6.0,"turns":4.0},{"damage":0.0,"enemies":"Blue Slaver","floor":7.0,"turns":2.0},{"damage":15.0,"enemies":"Lagavulin","floor":11.0,"turns":7.0},{"damage":11.0,"enemies":"Large Slime","floor":12.0,"turns":7.0},{"damage":8.0,"enemies":"Gremlin Nob","floor":14.0,"turns":3.0},{"damage":36.0,"enemies":"The Guardian","floor":16.0,"turns":16.0},{"damage":3.0,"enemies":"Chosen","floor":18.0,"turns":4.0},{"damage":4.0,"enemies":"Shell Parasite","floor":19.0,"turns":5.0},{"damage":3.0,"enemies":"Gremlin Leader","floor":23.0,"turns":3.0},{"damage":0.0,"enemies":"Cultist and Chosen","floor":24.0,"turns":3.0},{"damage":0.0,"enemies":"Shelled Parasite and Fungi","floor":27.0,"turns":1.0},{"damage":0.0,"enemies":"Snecko","floor":28.0,"turns":2.0},{"damage":0.0,"enemies":"Slavers","floor":29.0,"turns":2.0},{"damage":49.0,"enemies":"Automaton","floor":33.0,"turns":9.0},{"damage":0.0,"enemies":"Orb Walker","floor":35.0,"turns":3.0},{"damage":0.0,"enemies":"3 Darklings","floor":36.0,"turns":4.0},{"damage":26.0,"enemies":"2 Orb Walkers","floor":38.0,"turns":4.0},{"damage":5.0,"enemies":"Writhing Mass","floor":39.0,"turns":4.0},{"damage":39.0,"enemies":"Giant Head","floor":41.0,"turns":12.0},{"damage":14.0,"enemies":"Jaw Worm Horde","floor":42.0,"turns":3.0},{"damage":4.0,"enemies":"4 Shapes","floor":47.0,"turns":5.0},{"damage":19.0,"enemies":"Spire Growth","floor":48.0,"turns":5.0},{"damage":4.0,"enemies":"Awakened One","floor":50.0,"turns":25.0},{"damage":0.0,"enemies":"Shield and Spear","floor":54.0,"turns":5.0},{"damage":64,"enemies":"The Heart","floor":55,"turns":6}],"seed_played":"3469527216873796385","potions_obtained":[{"floor":4.0,"key":"PowerPotion"},{"floor":6.0,"key":"BlessingOfTheForge"},{"floor":11.0,"key":"Strength Potion"},{"floor":18.0,"key":"PotionOfCapacity"},{"floor":39.0,"key":"Swift Potion"},{"floor":42.0,"key":"Strength Potion"},{"floor":47.0,"key":"SkillPotion"}],"is_trial":false,"path_per_floor":["M","M","$","M","?","E","M","R","T","R","E","M","?","E","R","B",null,"M","M","$","?","?","E","M","R","T","M","M","E","?","?","R","B",null,"M","M","$","?","M","R","E","M","T","?","?","?","M","M","R","B",null,"R","$","E","B"],"character_chosen":"DEFECT","items_purchased":["Coolheaded","Self Repair","Membership Card","PreservedInsect","FocusPotion","DataDisk","Meteor Strike","Bottled Flame","PowerPotion","Art of War"],"campfire_rested":2,"item_purchase_floors":[3,3,20,20,20,37,37,53,53,53],"current_hp_per_floor":[62,59,59,43,43,11,18,18,18,37,39,35,35,27,49,20,61,65,68,68,68,68,65,72,72,72,72,74,74,74,74,74,32,64,71,71,71,52,54,54,22,15,15,61,61,61,61,49,49,52,59,59,59,61,0,0],"gold":56,"neow_bonus":"UPGRADE_CARD","is_daily":false,"chose_seed":false,"campfire_upgraded":5,"win_rate":0.0,"timestamp":1611147909,"path_taken":["M","M","$","M","?","E","M","R","T","R","E","M","?","E","R","BOSS","M","M","$","?","?","E","M","R","T","M","M","E","?","?","R","BOSS","M","M","$","?","M","R","E","M","T","?","?","?","M","M","R","BOSS","R","$","E","BOSS"],"items_purchased_type":["Card","Card","Relic","Relic","Potion","Relic","Card","Relic","Potion","Relic"],"build_version":"2020-12-22","purchased_purges":2,"victory":false,"max_hp_per_floor":[71,71,71,71,64,64,64,64,64,64,74,74,74,74,74,74,74,74,74,74,74,74,74,74,74,74,74,74,74,74,74,74,74,74,74,74,74,74,74,74,74,74,74,61,61,61,61,61,61,61,61,61,61,61,61,61],"relic_stats":{"counters":[28,152],"Golden Idol":176,"Mummified Hand":[94],"Snecko Eye":[169,170,199,162],"PreservedInsect":300,"Art of War":[2],"Whetstone":["Barrage","Meteor Strike"],"obtain_stats":[{"Lantern":6,"Pear":11,"Golden Idol":5,"PreservedInsect":20,"Whetstone":54,"Mercury Hourglass":41,"Du-Vu Doll":38,"SlaversCollar":34,"Anchor":26,"DataDisk":37,"Bottled Flame":53,"Mummified Hand":14,"MutagenicStrength":30,"Snecko Eye":17,"Bag of Marbles":9,"Art of War":53,"Membership Card":20,"Toxic Egg 2":29,"Cracked Core":0,"StrikeDummy":23},{"Lantern":4,"Pear":6,"Golden Idol":3,"PreservedInsect":11,"Whetstone":27,"Mercury Hourglass":22,"Du-Vu Doll":20,"SlaversCollar":17,"Anchor":13,"DataDisk":19,"Bottled Flame":26,"Mummified Hand":8,"MutagenicStrength":16,"Snecko Eye":9,"Bag of Marbles":5,"Art of War":26,"Membership Card":11,"Toxic Egg 2":16,"Cracked Core":0,"StrikeDummy":12},{"Lantern":12,"Pear":21,"Golden Idol":8,"PreservedInsect":56,"Whetstone":146,"Mercury Hourglass":103,"Du-Vu Doll":87,"SlaversCollar":76,"Anchor":62,"DataDisk":83,"Bottled Flame":141,"Mummified Hand":31,"MutagenicStrength":67,"Snecko Eye":47,"Bag of Marbles":14,"Art of War":141,"Membership Card":56,"Toxic Egg 2":67,"Cracked Core":0,"StrikeDummy":59}],"Mercury Hourglass":[183]},"card_choices":[{"not_picked":["Barrage","Genetic Algorithm"],"picked":"Sweeping Beam","floor":1.0},{"not_picked":["Hologram","Chaos"],"picked":"Sunder","floor":2.0},{"not_picked":["Turbo","Steam"],"picked":"Auto Shields","floor":4.0},{"not_picked":["BootSequence","Self Repair"],"picked":"Hologram","floor":6.0},{"not_picked":["Fusion","Leap"],"picked":"Static Discharge","floor":7.0},{"not_picked":["Hyperbeam","Loop"],"picked":"Glacier","floor":11.0},{"not_picked":["Streamline","Hologram","Steam"],"picked":"SKIP","floor":12.0},{"not_picked":["Ball Lightning","Cold Snap"],"picked":"Reinforced Body","floor":14.0},{"not_picked":["Amplify","Fission"],"picked":"Electrodynamics","floor":16.0},{"not_picked":["Reprogram+1","Redo"],"picked":"Barrage","floor":18.0},{"not_picked":["Sweeping Beam","Rebound"],"picked":"Compile Driver","floor":19.0},{"not_picked":["Beam Cell","Aggregate"],"picked":"Reinforced Body","floor":23.0},{"not_picked":["Sweeping Beam","Undo"],"picked":"Force Field+1","floor":24.0},{"not_picked":["Storm","Leap"],"picked":"Undo","floor":27.0},{"not_picked":["Compile Driver","Scrape","Sweeping Beam"],"picked":"SKIP","floor":28.0},{"not_picked":["Cold Snap","Glacier+1"],"picked":"Doom and Gloom","floor":29.0},{"not_picked":["Hyperbeam","Multi-Cast+1"],"picked":"Fission+1","floor":33.0},{"not_picked":["Heatsinks","Ball Lightning","Beam Cell+1"],"picked":"SKIP","floor":35.0},{"not_picked":["Scrape","Compile Driver"],"picked":"Defragment","floor":36.0},{"not_picked":["Reprogram+1","Beam Cell+1"],"picked":"Glacier+1","floor":39.0},{"not_picked":["Rebound","Auto Shields+1","Turbo+1"],"picked":"SKIP","floor":41.0},{"not_picked":["White Noise+1","Hello World","Leap+1"],"picked":"SKIP","floor":42.0},{"not_picked":["Barrage","Streamline","Hyperbeam"],"picked":"SKIP","floor":47.0},{"not_picked":["Rip and Tear","Doom and Gloom","Tempest+1"],"picked":"SKIP","floor":48.0},{"not_picked":["Fission+1","Gash+1","Cold Snap"],"picked":"SKIP","floor":54.0}],"player_experience":510695,"relics_obtained":[{"floor":6.0,"key":"Lantern"},{"floor":9.0,"key":"Bag of Marbles"},{"floor":11.0,"key":"Pear"},{"floor":14.0,"key":"Mummified Hand"},{"floor":23.0,"key":"StrikeDummy"},{"floor":26.0,"key":"Anchor"},{"floor":29.0,"key":"Toxic Egg 2"},{"floor":38.0,"key":"Du-Vu Doll"},{"floor":41.0,"key":"Mercury Hourglass"},{"floor":54.0,"key":"Whetstone"}],"event_choices":[{"damage_healed":0.0,"max_hp_gain":0.0,"max_hp_loss":7.0,"gold_gain":0.0,"event_name":"Golden Idol","player_choice":"Lose Max HP","floor":5.0,"gold_loss":0.0,"damage_taken":0.0,"relics_obtained":["Golden Idol"]},{"damage_healed":0.0,"max_hp_gain":0.0,"max_hp_loss":0.0,"gold_gain":0.0,"event_name":"Liars Game","player_choice":"Ignored","floor":13.0,"gold_loss":0.0,"damage_taken":0.0},{"damage_healed":0.0,"max_hp_gain":0.0,"max_hp_loss":0.0,"gold_gain":0.0,"event_name":"Vampires","player_choice":"Ignored","floor":21.0,"gold_loss":0.0,"damage_taken":0.0},{"damage_healed":0.0,"max_hp_gain":0.0,"max_hp_loss":0.0,"gold_gain":0.0,"event_name":"Back to Basics","player_choice":"Simplicity","floor":22.0,"gold_loss":0.0,"damage_taken":0.0,"cards_upgraded":["Strike_B","Strike_B","Strike_B","Defend_B","Defend_B","Defend_B","Defend_B"]},{"damage_healed":0.0,"max_hp_gain":0.0,"max_hp_loss":0.0,"gold_gain":0.0,"event_name":"Drug Dealer","player_choice":"Inject Mutagens","floor":30.0,"gold_loss":0.0,"damage_taken":0.0,"relics_obtained":["MutagenicStrength"]},{"damage_healed":0.0,"max_hp_gain":0.0,"max_hp_loss":0.0,"gold_gain":0.0,"event_name":"The Mausoleum","player_choice":"Ignored","floor":31.0,"gold_loss":0.0,"damage_taken":0.0},{"damage_healed":0.0,"max_hp_gain":0.0,"max_hp_loss":0.0,"gold_gain":0.0,"event_name":"Mysterious Sphere","player_choice":"Fight","floor":38.0,"gold_loss":0.0,"damage_taken":0.0},{"damage_healed":61.0,"max_hp_gain":0.0,"max_hp_loss":13.0,"gold_gain":0.0,"event_name":"The Moai Head","player_choice":"Heal","floor":44.0,"gold_loss":0.0,"damage_taken":0.0},{"damage_healed":0.0,"max_hp_gain":0.0,"max_hp_loss":0.0,"gold_gain":0.0,"event_name":"Tomb of Lord Red Mask","player_choice":"Ignored","floor":45.0,"gold_loss":0.0,"damage_taken":0.0},{"cards_removed":["Fission"],"damage_healed":0.0,"max_hp_gain":0.0,"max_hp_loss":0.0,"gold_gain":0.0,"event_name":"Falling","player_choice":"Removed Skill","floor":46.0,"gold_loss":0.0,"damage_taken":0.0}],"is_beta":false,"boss_relics":[{"not_picked":["Busted Crown","Sozu"],"picked":"Snecko Eye"},{"not_picked":["Philosopher\u0027s Stone","Tiny House"],"picked":"SlaversCollar"}],"items_purged_floors":[20,37],"is_endless":false,"potions_floor_spawned":[4,6,11,14,18,19,27,29,39,42,47],"killed_by":"The Heart","ascension_level":19}}