{"host":"od5czx9kemjopzpf","time":1611154134,"event":{"mods":["Aspiration","BaseMod","Defuse TimeMaze Blight","Downfall","Minty Spire (QoL Compilation)","Spicy Shops","StSLib"],"gold_per_floor":[99,116,101,117,392,410,410,421,221,671,671,185,185,185,203,203,203,203],"floor_reached":16,"language":"ZHS","playtime":620,"items_purged":["Regret","downfall:Icky"],"score":90,"play_id":"bdfde28d-c776-4666-a129-69c81823c38b","local_time":"20210120224854","is_ascension_mode":false,"campfire_choices":[{"floor":1.0,"key":"RECALL"},{"data":"bronze:Branch","floor":9,"key":"SMITH"},{"data":"bronze:DelayedGuard","floor":11,"key":"SMITH"}],"circlet_count":0,"master_deck":["bronze:Strike","bronze:Strike","bronze:Strike","bronze:Defend","bronze:Defend","bronze:Defend","bronze:Defend","bronze:Replicate","bronze:Goto","bronze:WhirlingStrike","bronze:Branch+1","bronze:GetLatest","bronze:Turbo","bronze:DelayedGuard+1","downfall:Icky","downfall:Icky","bronze:HardenedForm","bronze:CutThrough","bronze:CleanCode","bronze:ChildClass","Parasite","bronze:Branch"],"relics":["bronze:BronzeCore","downfall:HeartBlessingRed","downfall:HeartBlessingBlue"],"acts_visited":["Exordium"],"potions_floor_usage":[8,16],"damage_taken":[{"damage":0.0,"enemies":"Cultist","floor":2.0,"turns":4.0},{"damage":0.0,"enemies":"downfall:FleeingMerchant","floor":3.0,"turns":4.0},{"damage":0.0,"enemies":"Small Slimes","floor":4.0,"turns":3.0},{"damage":1.0,"enemies":"2 Louse","floor":6.0,"turns":2.0},{"damage":5,"enemies":"2 Fungi Beasts","floor":8,"turns":3},{"damage":16,"enemies":"downfall:FleeingMerchant","floor":12,"turns":4},{"damage":21,"enemies":"Lots of Slimes","floor":15,"turns":6},{"damage":65,"enemies":"IC_STATUS_ARCHETYPE","floor":16,"turns":10}],"seed_played":"4823584195011052850","potions_obtained":[{"floor":4.0,"key":"ColorlessPotion"},{"floor":15,"key":"Weak Potion"}],"is_trial":false,"path_per_floor":["R","M","$","M","?","M","T","M","R","?","R","$","?","?","M","B"],"character_chosen":"THE_AUTOMATON","items_purchased":["bronze:CutThrough","bronze:CleanCode","bronze:ChildClass"],"campfire_rested":0,"item_purchase_floors":[12,12,12],"current_hp_per_floor":[70,70,70,70,70,69,69,64,74,74,74,58,58,78,57,0,0,0],"gold":203,"neow_bonus":"THREE_CARDS","is_daily":false,"chose_seed":false,"campfire_upgraded":2,"win_rate":0.0,"timestamp":1611154134,"path_taken":["R","M","$","M","?","M","T","?","R","?","R","$","?","?","M","BOSS"],"items_purchased_type":["Card","Card","Card"],"build_version":"2020-12-22","purchased_purges":2,"victory":false,"max_hp_per_floor":[70,70,70,70,70,70,70,70,80,80,80,80,80,80,80,80,80,80],"card_choices":[{"not_picked":["bronze:Branch","bronze:DelayedGuard"],"picked":"bronze:WhirlingStrike","floor":0.0},{"not_picked":["bronze:MaxOutput","bronze:Deprecate"],"picked":"bronze:Branch","floor":2.0},{"not_picked":["bronze:Iterate","bronze:Shield","bronze:ChosenStrike"],"picked":"SKIP","floor":3.0},{"not_picked":["bronze:Fortify","bronze:ForLoop"],"picked":"bronze:GetLatest","floor":4.0},{"not_picked":["bronze:DelayedGuard","bronze:Deprecate"],"picked":"bronze:Turbo","floor":6.0},{"not_picked":["bronze:Turbo","bronze:Backtrace"],"picked":"bronze:DelayedGuard","floor":8},{"not_picked":["bronze:Branch","bronze:WildBeam"],"picked":"bronze:HardenedForm","floor":12},{"not_picked":["bronze:Safeguard","bronze:BronzeOrb"],"picked":"bronze:Branch","floor":15}],"player_experience":74484,"relics_obtained":[],"event_choices":[{"damage_healed":20,"gold_gain":0,"player_choice":"Healed and dodged fight","damage_taken":0,"max_hp_gain":0,"max_hp_loss":0,"event_name":"Mushrooms","floor":14,"gold_loss":0,"cards_obtained":["Parasite"]}],"is_beta":false,"boss_relics":[],"items_purged_floors":[12,12],"is_endless":false,"potions_floor_spawned":[4,15],"killed_by":"IC_STATUS_ARCHETYPE","ascension_level":0}}