{"host":"7qoz5gmva6til3yp","time":1611157463,"event":{"mods":["AchievementEnabler","BaseMod","Minty Spire (QoL Compilation)","StSLib","SuperFastMode"],"gold_per_floor":[118,118,45,55,55,55,130,173,198,198,123,164,164,164,164,164,164],"floor_reached":16,"language":"KOR","playtime":280,"items_purged":["Strike_G"],"score":197,"play_id":"7d0c8189-0c9f-44ae-80c4-ed6d4f89bf65","local_time":"20210121004423","is_ascension_mode":true,"campfire_choices":[{"data":"Underhanded Strike","floor":6.0,"key":"SMITH"},{"floor":10.0,"key":"REST"},{"data":"Calculated Gamble","floor":13,"key":"SMITH"},{"data":"Reflex","floor":15,"key":"SMITH"}],"circlet_count":0,"master_deck":["Strike_G","Strike_G","Strike_G","Strike_G","Defend_G","Defend_G","Defend_G","Defend_G","Survivor","Neutralize","Backflip","Reflex+1","Underhanded Strike+1","Calculated Gamble+1"],"relics":["Ring of the Snake","NeowsBlessing","Golden Idol","Boot","Orichalcum","Sundial"],"acts_visited":["Exordium"],"potions_floor_usage":[16],"damage_taken":[{"damage":0.0,"enemies":"Cultist","floor":1.0,"turns":1.0},{"damage":0.0,"enemies":"Jaw Worm","floor":4.0,"turns":1.0},{"damage":0.0,"enemies":"Gremlin Nob","floor":8.0,"turns":1.0},{"damage":0,"enemies":"3 Sentries","floor":12,"turns":1},{"damage":64,"enemies":"Slime Boss","floor":16,"turns":8}],"seed_played":"-7688706278819189540","potions_obtained":[{"floor":1.0,"key":"Swift Potion"}],"is_trial":false,"path_per_floor":["M","?","$","M","?","R","?","E","T","R","$","E","R","?","R","B"],"character_chosen":"THE_SILENT","items_purchased":["Reflex"],"campfire_rested":1,"item_purchase_floors":[3],"current_hp_per_floor":[70,63,63,63,46,46,35,35,35,56,56,56,56,61,61,0,0],"gold":164,"neow_bonus":"THREE_ENEMY_KILL","is_daily":false,"chose_seed":false,"campfire_upgraded":3,"win_rate":0.0,"timestamp":1611157463,"path_taken":["M","?","$","M","?","R","?","E","T","R","?","E","R","?","R","BOSS"],"items_purchased_type":["Card"],"build_version":"2020-12-22","purchased_purges":1,"victory":false,"max_hp_per_floor":[70,70,70,70,70,70,70,70,70,70,70,70,70,75,75,75,75],"card_choices":[{"not_picked":["Skewer","Dagger Spray"],"picked":"Backflip","floor":1.0},{"not_picked":["Reflex","Eviscerate"],"picked":"Underhanded Strike","floor":4.0},{"not_picked":["Flying Knee","Backflip"],"picked":"Calculated Gamble","floor":8.0},{"not_picked":["Calculated Gamble","Caltrops","Bullet Time"],"picked":"SKIP","floor":12}],"player_experience":410152,"relics_obtained":[{"floor":8.0,"key":"Boot"},{"floor":9.0,"key":"Orichalcum"},{"floor":12,"key":"Sundial"}],"event_choices":[{"cards_removed":["Defend_G"],"damage_healed":0.0,"max_hp_gain":0.0,"max_hp_loss":0.0,"gold_gain":0.0,"event_name":"Golden Wing","player_choice":"Card Removal","floor":2.0,"gold_loss":0.0,"damage_taken":7.0},{"damage_healed":0.0,"max_hp_gain":0.0,"max_hp_loss":0.0,"gold_gain":0.0,"event_name":"Golden Idol","player_choice":"Take Damage","floor":5.0,"gold_loss":0.0,"damage_taken":17.0,"relics_obtained":["Golden Idol"]},{"damage_healed":0.0,"max_hp_gain":0.0,"max_hp_loss":0.0,"gold_gain":75.0,"event_name":"World of Goop","player_choice":"Gather Gold","floor":7.0,"gold_loss":0.0,"damage_taken":11.0},{"damage_healed":0,"gold_gain":0,"player_choice":"Donut","damage_taken":0,"max_hp_gain":5,"max_hp_loss":0,"event_name":"Big Fish","floor":14,"gold_loss":0}],"is_beta":false,"boss_relics":[],"items_purged_floors":[11],"is_endless":false,"potions_floor_spawned":[1],"killed_by":"Slime Boss","ascension_level":2}}