{"host":"l9yshwnp37vxhsgm","time":1611143434,"event":{"mods":["BaseMod","Block Reminder","Colored Map","Colored Powertips","DeckTracker","Highlight Path","Minty Spire (QoL Compilation)","Quick Restart","Relic Stats","StSLib","The Cursed"],"gold_per_floor":[113,113,39,53,5,5,5,33,79,79,96,96,106,123,123,228,228,243,243,46,125,139,150,150,165,244,244,244,18,33,48,48,48,48],"floor_reached":33,"language":"ITA","playtime":2064,"items_purged":["Writhe"],"score":272,"play_id":"43cec0c0-f4d0-4860-a55d-faec4a68ebfa","local_time":"20210120125034","is_ascension_mode":false,"campfire_choices":[{"data":"TheCursedMod:Stigma","floor":6,"key":"SMITH"},{"floor":12,"key":"REST"},{"data":"TheCursedMod:CursedWand","floor":15,"key":"SMITH"},{"floor":24,"key":"REST"},{"floor":27,"key":"REST"},{"data":"TheCursedMod:AntiAging","floor":32,"key":"SMITH"}],"circlet_count":0,"master_deck":["TheCursedMod:Strike_TheCursed","TheCursedMod:Strike_TheCursed","TheCursedMod:Strike_TheCursed","TheCursedMod:Strike_TheCursed","TheCursedMod:Defend_TheCursed","TheCursedMod:Defend_TheCursed","TheCursedMod:Defend_TheCursed","TheCursedMod:Defend_TheCursed","TheCursedMod:CursedWand+1","TheCursedMod:CleanUpWorkshop","TheCursedMod:Dregs","TheCursedMod:VitalStrike","TheCursedMod:CursedShiv","TheCursedMod:Stigma+1","TheCursedMod:CursedArmor","TheCursedMod:FleshFromBone","TheCursedMod:Obscuration","TheCursedMod:StingEye","TheCursedMod:CircleOfFlame","TheCursedMod:SpitefulPray","TheCursedMod:AntiAging+1","TheCursedMod:WearCloak","TheCursedMod:CursedBlade","TheCursedMod:SurpriseAttack+1","TheCursedMod:TacticalStrike","TheCursedMod:CursedBlade","TheCursedMod:RapidMovement","TheCursedMod:SmokeScreen+1","TheCursedMod:Hemoplague+1","TheCursedMod:SpitefulPray"],"relics":["TheCursedMod:BlackMagic101","Centennial Puzzle","TheCursedMod:Tack","Tiny Chest","Gremlin Horn","SacredBark","Dream Catcher","Bronze Scales","Darkstone Periapt","TheCursedMod:DemonicMark","Frozen Egg 2","Lantern"],"acts_visited":["Exordium","TheCity"],"potions_floor_usage":[22,25,33],"damage_taken":[{"damage":0,"enemies":"2 Louse","floor":1,"turns":3},{"damage":0,"enemies":"Cultist","floor":4,"turns":3},{"damage":14,"enemies":"Gremlin Nob","floor":8,"turns":3},{"damage":0,"enemies":"Small Slimes","floor":11,"turns":2},{"damage":0,"enemies":"Looter","floor":13,"turns":3},{"damage":2,"enemies":"Blue Slaver","floor":14,"turns":3},{"damage":27,"enemies":"The Guardian","floor":16,"turns":11},{"damage":9,"enemies":"Chosen","floor":18,"turns":5},{"damage":11,"enemies":"Spheric Guardian","floor":22,"turns":7},{"damage":18,"enemies":"Snecko","floor":23,"turns":6},{"damage":4,"enemies":"Snake Plant","floor":25,"turns":3},{"damage":5,"enemies":"Shelled Parasite and Fungi","floor":30,"turns":4},{"damage":0,"enemies":"Cultist and Chosen","floor":31,"turns":4},{"damage":89,"enemies":"Champ","floor":33,"turns":15}],"seed_played":"4115749031933946723","potions_obtained":[{"floor":4,"key":"Explosive Potion"},{"floor":13,"key":"SpeedPotion"},{"floor":16,"key":"GamblersBrew"},{"floor":25,"key":"LiquidBronze"}],"is_trial":false,"path_per_floor":["M","?","$","M","$","R","?","E","T","T","M","R","M","M","R","B",null,"M","T","$","T","M","M","R","M","T","R","?","$","M","M","R","B"],"character_chosen":"THE_CURSED","items_purchased":["TheCursedMod:CursedShiv","TheCursedMod:Stigma","TheCursedMod:FleshFromBone","Bronze Scales","TheCursedMod:CursedBlade","Lantern"],"campfire_rested":3,"item_purchase_floors":[3,3,5,20,20,29],"current_hp_per_floor":[75,75,75,75,75,75,75,61,61,61,61,75,75,73,73,46,75,68,68,68,68,59,43,67,65,65,83,89,89,86,86,86,0,0],"gold":48,"neow_bonus":"RANDOM_COMMON_RELIC","is_daily":false,"chose_seed":false,"campfire_upgraded":3,"win_rate":0.0,"timestamp":1611143434,"path_taken":["M","?","$","M","?","R","?","E","T","?","?","R","M","M","R","BOSS","M","?","$","?","M","M","R","?","T","R","?","?","M","M","R","BOSS"],"items_purchased_type":["Card","Card","Card","Relic","Card","Relic"],"build_version":"2020-12-22","purchased_purges":1,"victory":false,"max_hp_per_floor":[75,75,75,75,75,75,75,75,75,75,75,75,75,75,75,75,75,77,77,77,77,79,81,81,83,83,83,89,89,91,91,91,94,94],"relic_stats":{"Darkstone Periapt":6,"Centennial Puzzle":[27],"Dream Catcher":2,"Gremlin Horn":[3,3],"counters":[14,72],"Bronze Scales":[66],"Tiny Chest":1,"obtain_stats":[{"Darkstone Periapt":21,"TheCursedMod:BlackMagic101":0,"Centennial Puzzle":0,"Dream Catcher":19,"Lantern":29,"Gremlin Horn":10,"TheCursedMod:Tack":8,"SacredBark":17,"Bronze Scales":20,"Tiny Chest":9,"Frozen Egg 2":28,"TheCursedMod:DemonicMark":26},{"Darkstone Periapt":8,"TheCursedMod:BlackMagic101":0,"Centennial Puzzle":0,"Dream Catcher":8,"Lantern":11,"Gremlin Horn":3,"TheCursedMod:Tack":3,"SacredBark":7,"Bronze Scales":8,"Tiny Chest":3,"Frozen Egg 2":11,"TheCursedMod:DemonicMark":11},{"Darkstone Periapt":33,"TheCursedMod:BlackMagic101":0,"Centennial Puzzle":0,"Dream Catcher":33,"Lantern":49,"Gremlin Horn":9,"TheCursedMod:Tack":9,"SacredBark":28,"Bronze Scales":33,"Tiny Chest":9,"Frozen Egg 2":49,"TheCursedMod:DemonicMark":49}]},"card_choices":[{"not_picked":["TheCursedMod:AshesToAshes","TheCursedMod:CircleOfWindfury"],"picked":"TheCursedMod:VitalStrike","floor":1},{"not_picked":["TheCursedMod:PrepareRite","TheCursedMod:BloodBarrier"],"picked":"TheCursedMod:CursedArmor","floor":4},{"not_picked":["TheCursedMod:ReleasedKnowledge","TheCursedMod:BlessingInDisguise"],"picked":"TheCursedMod:Obscuration","floor":8},{"not_picked":["TheCursedMod:Torture","TheCursedMod:SoulCrush"],"picked":"TheCursedMod:StingEye","floor":11},{"not_picked":["TheCursedMod:Torture","TheCursedMod:TacticalStrike"],"picked":"TheCursedMod:CircleOfFlame","floor":13},{"not_picked":["TheCursedMod:SpitefulStrike","TheCursedMod:CircleOfCorruption"],"picked":"TheCursedMod:SpitefulPray","floor":14},{"not_picked":["TheCursedMod:DarkBarrier","TheCursedMod:VoidForm"],"picked":"TheCursedMod:AntiAging","floor":16},{"not_picked":["TheCursedMod:Stretching+1","TheCursedMod:CursedShiv"],"picked":"TheCursedMod:WearCloak","floor":18},{"not_picked":["TheCursedMod:Stigma","TheCursedMod:Stretching"],"picked":"TheCursedMod:SurpriseAttack+1","floor":22},{"not_picked":["TheCursedMod:CursedBlade","TheCursedMod:SpitefulPray"],"picked":"TheCursedMod:TacticalStrike","floor":23},{"not_picked":["TheCursedMod:Wield","TheCursedMod:RavingStaff"],"picked":"TheCursedMod:CursedBlade","floor":24},{"not_picked":["TheCursedMod:SpitefulPlan","TheCursedMod:VoidForm"],"picked":"TheCursedMod:RapidMovement","floor":25},{"not_picked":["TheCursedMod:CursedBlade","TheCursedMod:CursedAmulet+1"],"picked":"TheCursedMod:SmokeScreen+1","floor":27},{"not_picked":["TheCursedMod:DoubleShield+1","TheCursedMod:SmokeScreen"],"picked":"TheCursedMod:Hemoplague+1","floor":30},{"not_picked":["TheCursedMod:CursedBlade","TheCursedMod:RavingStaff+1"],"picked":"TheCursedMod:SpitefulPray","floor":31}],"player_experience":121599,"relics_obtained":[{"floor":8,"key":"TheCursedMod:Tack"},{"floor":9,"key":"Tiny Chest"},{"floor":10,"key":"Gremlin Horn"},{"floor":19,"key":"Dream Catcher"},{"floor":21,"key":"Darkstone Periapt"},{"floor":26,"key":"TheCursedMod:DemonicMark"}],"event_choices":[{"damage_healed":0,"gold_gain":0,"player_choice":"Bought 0 Potions","damage_taken":0,"max_hp_gain":0,"max_hp_loss":0,"event_name":"The Woman in Blue","floor":2,"gold_loss":0},{"damage_healed":0,"gold_gain":0,"player_choice":"Ignored","damage_taken":0,"max_hp_gain":0,"max_hp_loss":0,"event_name":"Golden Wing","floor":7,"gold_loss":0},{"damage_healed":0,"gold_gain":0,"player_choice":"Opened","damage_taken":0,"relics_obtained":["Frozen Egg 2"],"max_hp_gain":0,"max_hp_loss":0,"event_name":"The Mausoleum","floor":28,"gold_loss":0,"cards_obtained":["Writhe"]}],"is_beta":false,"boss_relics":[{"not_picked":["Ectoplasm","Runic Pyramid"],"picked":"SacredBark"}],"items_purged_floors":[29],"is_endless":false,"potions_floor_spawned":[4,13,16,25],"killed_by":"Champ","ascension_level":0}}