{"host":"uxx7prhn9zlu6i2v","time":1611100844,"event":{"mods":["100% Spire Juice","2.2 Compatiblity","AchievementEnabler","Act Like it!","BaseMod","CapriCore","Colored Powertips","Dio Mod","Gensokyo","GifTheSpireLib","HololiveMod","Koishi","KomeijiMod","Marisa????????","Minty Spire (QoL Compilation)","Permanent Neow","Quick Restart","RNG Fix","Rare Cards Sparkle","Reimu??????","Relic Filter","Relic Sorter","Relic Stats","Spicy Shops","StSLib","Strawberry Spire","The Administrix","The Bug Knight","The Exalted","The Immortal","The Mystic","Wandering Minibosses","Yakumo Yukari mod","??????REMEMod"],"gold_per_floor":[190,12,12,25,41,41,583,583,583,513,513,525,525,525,525,624,624,645,610,860,878,346,385,72,96,96,96,96,96,155,155,155,256,256,322,322,369,302,302,302,373,373,444,482,482,703,703,703,703,794],"floor_reached":51,"language":"ENG","playtime":4385,"items_purged":["Hololive_Strike","Hololive_Strike"],"score":1059,"play_id":"d5da07e2-a7e2-485b-8099-8f2f6c04082a","local_time":"20210119180044","is_ascension_mode":false,"campfire_choices":[{"data":"Hololive_CallYozoraMel","floor":6,"key":"SMITH"},{"data":"Hololive_CallAmaneKanata","floor":8,"key":"SMITH"},{"data":"Hololive_Spy","floor":13,"key":"SMITH"},{"data":"Hololive_RevenueBasedLive","floor":15,"key":"SMITH"},{"data":"Hololive_CallTokinoSora","floor":27,"key":"SMITH"},{"data":"Hololive_CallShiranuiFlare","floor":32,"key":"SMITH"},{"data":"Hololive_DiamondStrike","floor":40,"key":"SMITH"},{"data":"Gensokyo:PrivateSquare","floor":45,"key":"SMITH"},{"data":"Hololive_MaximGun","floor":49,"key":"SMITH"}],"circlet_count":0,"master_deck":["Hololive_RevenueBasedLive+1","Hololive_CallTokinoSora+1","Hololive_CallHoshimachiSuisei+1","Hololive_CallMinatoAqua","Hololive_CallAmaneKanata+1","Hololive_CallShiranuiFlare+1","Hololive_CallYozoraMel+1","Hololive_CocoNews+1","Hololive_Spy+1","Hololive_Psychosis","Hololive_DDD+1","Hololive_CallInugamiKorone+1","Hololive_CallManoAloe+1","Hololive_ILoveYou+1","Hololive_DevilCharm","Hololive_CallRosalyn+1","Hololive_FlyingPonyTail","Hololive_MaximGun+1","Hololive_CallMomosuzuNene+8","Hololive_CallFriendA+1","Hololive_FlyingPonyTail+1","Hololive_DiamondStrike+1","Hololive_CallSpadeEcho+1","Gensokyo:LifeSpringInfinity+1","Hololive_Drill","Gensokyo:PrivateSquare+1","Hololive_StrengthChampion+1"],"relics":["Hololive_TheStar","REME_ComplimentaryCards","Gensokyo:CelestialsFlawlessClothing","strawberrySpire:PoopsieRoll","Frozen Egg 2","Ginger","PureWhite:ReiMu","Calling Bell","Bromod:ArcaneConsequence","The Courier","Prayer Wheel","War Paint","Matryoshka","Hololive_LightStick","Strawberry","Omamori","Art of War","Sundial","Pen Nib","Hololive_Finger","wanderingMiniBosses:ThiefScarf","Ornamental Fan","Bromod:ArcaneTrickery","Molten Egg 2","Bromod:ArcaneDeflection","PreservedInsect"],"acts_visited":["Gensokyo:Gensokyo","Gensokyo:Gensokyoer","Gensokyo:Gensokyoest"],"potions_floor_usage":[19],"damage_taken":[{"damage":0,"enemies":"Gensokyo:3_Fairies","floor":1,"turns":5},{"damage":0,"enemies":"Gensokyo:2_Kodama","floor":4,"turns":6},{"damage":0,"enemies":"Gensokyo:Python","floor":5,"turns":4},{"damage":0,"enemies":"Gensokyo:Cirno","floor":7,"turns":7},{"damage":0,"enemies":"Gensokyo:LivingMonolith","floor":12,"turns":4},{"damage":0,"enemies":"Gensokyo:Yukari","floor":16,"turns":8},{"damage":0,"enemies":"Gensokyo:Chomper","floor":18,"turns":4},{"damage":0,"enemies":"Gensokyo:AngelMirror","floor":19,"turns":5},{"damage":0,"enemies":"Gensokyo:Slime_Group","floor":21,"turns":5},{"damage":0,"enemies":"Gensokyo:Tenshi","floor":23,"turns":5},{"damage":0,"enemies":"Gensokyo:Mirror_and_Dog","floor":25,"turns":5},{"damage":0,"enemies":"Gensokyo:Koishi","floor":30,"turns":4},{"damage":0,"enemies":"Gensokyo:Eternal_Rivals","floor":33,"turns":7},{"damage":0,"enemies":"Gensokyo:AncientGuardian","floor":35,"turns":5},{"damage":0,"enemies":"Gensokyo:AncientGuardian","floor":36,"turns":5},{"damage":0,"enemies":"Gensokyo:3_Bats","floor":37,"turns":3},{"damage":0,"enemies":"Gensokyo:Kasen","floor":41,"turns":5},{"damage":0,"enemies":"Gensokyo:Sharpion","floor":44,"turns":5},{"damage":0,"enemies":"Gensokyo:4_Bats","floor":46,"turns":3},{"damage":0,"enemies":"Gensokyo:Yuyuko","floor":50,"turns":5}],"seed_played":"-1122529791190152389","potions_obtained":[{"floor":1,"key":"SpeedPotion"},{"floor":12,"key":"Block Potion"},{"floor":19,"key":"Strength Potion"},{"floor":21,"key":"ColorlessPotion"},{"floor":41,"key":"LiquidMemories"}],"is_trial":false,"path_per_floor":["M","COS","?","M","M","R","E","R","T","?","?","M","R","T","R","B",null,"M","M","?","M","$","E","$","M","T","R","?","?","E","?","R","B",null,"M","?","M","COS","?","R","E","?","T","M","R","M","?","?","R","B",null],"character_chosen":"Hololive_HololiveCharacter","items_purchased":["Hololive_CallRosalyn+1","War Paint","Matryoshka","Hololive_LightStick","Omamori","Hololive_MaximGun"],"campfire_rested":0,"item_purchase_floors":[22,22,22,22,24,24],"current_hp_per_floor":[35,35,27,27,27,27,35,35,35,35,35,35,35,35,35,35,35,35,35,33,33,33,40,40,40,40,40,40,40,40,40,40,40,40,40,40,40,40,40,40,40,40,40,40,40,40,34,34,34,34],"gold":794,"neow_bonus":"HUNDRED_GOLD","is_daily":false,"chose_seed":false,"campfire_upgraded":9,"win_rate":0.0,"timestamp":1611100844,"path_taken":["M","COS","?","?","M","R","E","R","T","?","?","M","R","?","R","BOSS","M","M","?","M","$","E","$","M","T","R","?","?","E","?","R","BOSS","M","?","M","COS","?","R","E","?","T","M","R","?","?","?","R","BOSS"],"items_purchased_type":["Card","Relic","Relic","Relic","Relic","Card"],"build_version":"2020-12-22","purchased_purges":2,"victory":true,"max_hp_per_floor":[35,35,35,35,35,35,35,35,35,35,35,35,35,35,35,35,35,35,35,33,33,33,40,40,40,40,40,40,40,40,40,40,40,40,40,40,40,40,40,40,40,40,40,40,40,40,40,40,40,40],"relic_stats":{"counters":[20,99],"Sundial":[6],"Ornamental Fan":[32],"Prayer Wheel":8,"Pen Nib":[7],"PreservedInsect":0,"Art of War":[10],"Ginger":[8],"War Paint":["Hololive_DDD","Hololive_Defend"],"obtain_stats":[{"Bromod:ArcanePistoleer":50,"Ginger":12,"Boot":37,"Bromod:ArcaneAegis":36,"Frozen Eye":30,"Dream Catcher":44,"Matryoshka":22,"Sundial":26,"Bromod:ArcaneTrickery":41,"Strawberry":23,"Pantograph":44,"Prayer Wheel":17,"Hololive_Finger":34,"strawberrySpire:PoopsieRoll":7,"wanderingMiniBosses:ThiefScarf":35,"Oddly Smooth Stone":36,"Thread and Needle":46,"The Courier":17,"Pen Nib":30,"PreservedInsect":44,"Omamori":24,"Gensokyo:CelestialsFlawlessClothing":3,"Frozen Egg 2":9,"War Paint":22,"MawBank":41,"Bromod:ArcaneConsequence":17,"Calling Bell":17,"PureWhite:ReiMu":16,"Hololive_LightStick":22,"Ornamental Fan":14,"Shuriken":37,"Bromod:ArcaneDeflection":43,"Hololive_TheStar":0,"Molten Egg 2":43,"Art of War":26,"Membership Card":50,"REME_ComplimentaryCards":0,"Meat on the Bone":41},{"Bromod:ArcanePistoleer":19,"Ginger":5,"Boot":15,"Bromod:ArcaneAegis":14,"Frozen Eye":11,"Dream Catcher":17,"Matryoshka":9,"Sundial":11,"Bromod:ArcaneTrickery":17,"Strawberry":10,"Pantograph":17,"Prayer Wheel":6,"Hololive_Finger":13,"strawberrySpire:PoopsieRoll":4,"wanderingMiniBosses:ThiefScarf":14,"Oddly Smooth Stone":14,"Thread and Needle":18,"The Courier":6,"Pen Nib":12,"PreservedInsect":18,"Omamori":10,"Gensokyo:CelestialsFlawlessClothing":1,"Frozen Egg 2":4,"War Paint":9,"MawBank":16,"Bromod:ArcaneConsequence":6,"Calling Bell":6,"PureWhite:ReiMu":6,"Hololive_LightStick":9,"Ornamental Fan":5,"Shuriken":15,"Bromod:ArcaneDeflection":17,"Hololive_TheStar":0,"Molten Egg 2":17,"Art of War":11,"Membership Card":19,"REME_ComplimentaryCards":0,"Meat on the Bone":16},{"Bromod:ArcanePistoleer":94,"Ginger":23,"Boot":78,"Bromod:ArcaneAegis":73,"Frozen Eye":58,"Dream Catcher":86,"Matryoshka":48,"Sundial":58,"Bromod:ArcaneTrickery":86,"Strawberry":53,"Pantograph":86,"Prayer Wheel":34,"Hololive_Finger":68,"strawberrySpire:PoopsieRoll":22,"wanderingMiniBosses:ThiefScarf":73,"Oddly Smooth Stone":73,"Thread and Needle":91,"The Courier":34,"Pen Nib":61,"PreservedInsect":88,"Omamori":53,"Gensokyo:CelestialsFlawlessClothing":5,"Frozen Egg 2":22,"War Paint":48,"MawBank":81,"Bromod:ArcaneConsequence":34,"Calling Bell":34,"PureWhite:ReiMu":31,"Hololive_LightStick":48,"Ornamental Fan":26,"Shuriken":78,"Bromod:ArcaneDeflection":86,"Hololive_TheStar":0,"Molten Egg 2":86,"Art of War":58,"Membership Card":94,"REME_ComplimentaryCards":0,"Meat on the Bone":81}]},"card_choices":[{"not_picked":["Hololive_HuntDinosaur","Hololive_CallHoshimachiSuisei","Hololive_CocoNews"],"picked":"Hololive_CallYozoraMel","floor":1},{"not_picked":["Hololive_Sequa","Hololive_Breathe","Hololive_OvertimeWork"],"picked":"Hololive_CocoNews","floor":4},{"not_picked":["Hololive_CandyCastle","Hololive_Psychosis","Hololive_StrengthChampion"],"picked":"Hololive_Spy","floor":5},{"not_picked":["Hololive_CocoNews","Hololive_Trident","Hololive_HuntDinosaur"],"picked":"Hololive_Psychosis","floor":7},{"not_picked":["Hololive_Sequa","Hololive_ASMR","Hololive_CallAiraniIofifteen+1","Hololive_OvertimeWork"],"picked":"SKIP","floor":12},{"not_picked":["Hololive_IdolExercise","Hololive_Nanodesu","Hololive_ScarfAndHalo"],"picked":"Hololive_DDD","floor":16},{"not_picked":["Hololive_Breathe","Hololive_CallShiroganeNoel+1","Hololive_CallCivia+1"],"picked":"Hololive_CallInugamiKorone+1","floor":18},{"not_picked":["Hololive_WolfAndLamb","Hololive_CallMinatoAqua+1","Hololive_CallYukihanaLamy+1"],"picked":"Hololive_CallManoAloe+1","floor":18},{"not_picked":["Hololive_CallSpadeEcho+1","Hololive_RevenueBasedLive","Hololive_CallShiroganeNoel+1"],"picked":"Hololive_ILoveYou+1","floor":19},{"not_picked":["Hololive_Rebound","Hololive_RevenueBasedLive","Hololive_CallManoAloe+1"],"picked":"Hololive_DevilCharm","floor":19},{"not_picked":["Hololive_RevenueBasedLive","Hololive_CocoNews","Hololive_Spy+1","Hololive_HuntDinosaur"],"picked":"SKIP","floor":21},{"not_picked":["Hololive_Breathe","Hololive_RevenueBasedLive","Hololive_OvertimeWork","Hololive_CallShishiroBotan+1"],"picked":"SKIP","floor":21},{"not_picked":["Hololive_CallTsunomakiWatame+1","Hololive_CandyCastle+1","Hololive_CallAkiRosenthal+1"],"picked":"Hololive_FlyingPonyTail","floor":23},{"not_picked":["Hololive_CallAiraniIofifteen+1","Hololive_StrengthChampion+1","Hololive_AWSL"],"picked":"Hololive_CallMomosuzuNene+1","floor":25},{"not_picked":["Hololive_Sequa+1","Hololive_LuckPotion+1","Hololive_Drill"],"picked":"Hololive_CallFriendA+1","floor":25},{"not_picked":["Hololive_RevenueBasedLive","Hololive_Breathe","Hololive_StrengthChampion"],"picked":"Hololive_FlyingPonyTail+1","floor":30},{"not_picked":["Hololive_WolfAndLamb","Hololive_ScarfAndHalo","Hololive_MaximGun"],"picked":"Hololive_DiamondStrike","floor":33},{"not_picked":["Hololive_Rebound","Hololive_Sequa+1","Hololive_Breathe+1"],"picked":"Hololive_CallSpadeEcho+1","floor":35},{"not_picked":["Hololive_Psychosis","Hololive_HuntDinosaur+1","Hololive_CallHimemoriLuna+1","Hololive_OvertimeWork"],"picked":"SKIP","floor":35},{"not_picked":["Gensokyo:RainbowDanmaku+1","Gensokyo:UnlikelyAid+1"],"picked":"Gensokyo:LifeSpringInfinity+1","floor":36},{"not_picked":["Hololive_ILoveYou","Hololive_StrengthChampion+1","Hololive_FlareMind"],"picked":"Hololive_Drill","floor":37},{"not_picked":["Hololive_CallAkaiHaato+1","Hololive_Sequa","Hololive_LuckPotion+1","Hololive_CallInugamiKorone+1"],"picked":"SKIP","floor":37},{"not_picked":["Hololive_Watashimo","Hololive_CallNakiriAyame+1","Hololive_HuntDinosaur+1","Hololive_Psychosis+1"],"picked":"SKIP","floor":41},{"not_picked":["Hololive_RevenueBasedLive","Hololive_LuckPotion","Hololive_CallArtia+1","Hololive_Psychosis+1"],"picked":"SKIP","floor":44},{"not_picked":["Hololive_OvertimeWork+1","Hololive_CallMinatoAqua+1","Hololive_Psychosis+1","Hololive_Sequa+1"],"picked":"SKIP","floor":44},{"not_picked":["Hololive_Yoholoon+1","Hololive_HuntDinosaur","Hololive_Breathe"],"picked":"Hololive_StrengthChampion+1","floor":46},{"not_picked":["Hololive_LuckPotion","Hololive_CallNatsuiroMatsuri+1","Hololive_DevilCharm+1","Hololive_Breathe+1"],"picked":"SKIP","floor":46}],"player_experience":1786050,"relics_obtained":[{"floor":7,"key":"strawberrySpire:PoopsieRoll"},{"floor":9,"key":"Frozen Egg 2"},{"floor":14,"key":"Ornamental Fan"},{"floor":17,"key":"Bromod:ArcaneConsequence"},{"floor":17,"key":"The Courier"},{"floor":17,"key":"Prayer Wheel"},{"floor":23,"key":"Strawberry"},{"floor":26,"key":"Art of War"},{"floor":26,"key":"Sundial"},{"floor":30,"key":"Pen Nib"},{"floor":35,"key":"wanderingMiniBosses:ThiefScarf"},{"floor":35,"key":"Ornamental Fan"},{"floor":41,"key":"Bromod:ArcaneTrickery"},{"floor":43,"key":"Molten Egg 2"},{"floor":43,"key":"Bromod:ArcaneDeflection"}],"event_choices":[],"is_beta":false,"boss_relics":[{"not_picked":["REME_DuelDisc","strawberrySpire:SolarisEssence"],"picked":"Calling Bell"},{"not_picked":["Hololive_ChaosS","SacredBark"],"picked":"Hololive_Finger"}],"items_purged_floors":[22,24],"is_endless":false,"potions_floor_spawned":[1,12,19,21,33,37,41,46],"ascension_level":0}}