{"host":"9op7xyky91xc1g6p","time":1611191228,"event":{"mods":["Act Like it!","Astrologer","Bartender","BaseMod","Beaked The Cultist","Better Altar","Better Note","Better Sensory Stone","Better Skull","Better Third Choice","Better Vampires","BshForSts","CapriCore","Energized Spire","Gensokyo","Hallownest","Hermit","HololiveMod","Infinite Spire","Koishi","Magitek Elite","Marisa????????","Minty Spire (QoL Compilation)","Random Character Button","Remilia??????","Retaliation","Robot Space Explorer","Shade Mod","SpireExporter+","StSLib","The Animator","The Disciple","The Dragon Tamer","The Elementalist","The Hierophant","The Immortal","The Marked","The Mystic","The Poker Player","The Runesmith","The Spell Scribe","TheBandit","Trackpad","Yuyuko","??????REMEMod"],"gold_per_floor":[115,115,134,146,146,172,3,21,48,62,79,79,90,55,55,159,159,169,169,169,169,189,189,189,189,189],"floor_reached":24,"language":"ENG","playtime":2644,"items_purged":[],"score":223,"play_id":"19afb073-e7de-4239-b4e5-07da27cf1d88","local_time":"20210120170708","is_ascension_mode":false,"metric_token":2899,"campfire_choices":[{"floor":12,"key":"REST"},{"data":"DTMod:StarRain","floor":15,"key":"SMITH"},{"floor":23,"key":"REST"}],"dtmod_dragon_data":[33,50,2,-1,12,0],"circlet_count":0,"master_deck":["DTMod:Strike","DTMod:Strike","DTMod:Strike","DTMod:Strike","DTMod:DoubleHit","DTMod:TargetDefense","DTMod:TargetDefense","DTMod:TargetDefense","DTMod:TargetDefense","DTMod:SwitchingTactic+1","DTMod:Threaten","DTMod:StarRain+1","Runesmith:GrandSlam","DTMod:Training","infinitespire:Collect","DTMod:TagTeam","DTMod:BurningEnergy","DTMod:BizarreTactic","DTMod:BlueScale","DTMod:DeepFocus","DTMod:BlueScale","DTMod:SealedStrike","DTMod:Cover","theMarked:ThrowWeapon","DTMod:QuickFly"],"relics":["DTMod:PactStone","REME_ComplimentaryCards","trackpad:Compendium","Medical Kit","MealTicket","Runic Dome"],"acts_visited":["Exordium","TheCity"],"potions_floor_usage":[24,24,24],"damage_taken":[{"damage":4,"enemies":"Cultist","floor":1,"turns":4},{"damage":0,"enemies":"2 Louse","floor":3,"turns":2},{"damage":0,"enemies":"Jaw Worm","floor":4,"turns":2},{"damage":0,"enemies":"Gremlin Nob","floor":6,"turns":5},{"damage":0,"enemies":"Exordium Wildlife","floor":8,"turns":5},{"damage":0,"enemies":"2 Fungi Beasts","floor":10,"turns":5},{"damage":0,"enemies":"Exordium Thugs","floor":11,"turns":5},{"damage":0,"enemies":"3 Louse","floor":13,"turns":5},{"damage":46,"enemies":"Hexaghost","floor":16,"turns":16},{"damage":22,"enemies":"2 Thieves","floor":18,"turns":4},{"damage":16,"enemies":"Chosen","floor":22,"turns":5},{"damage":26,"enemies":"Gremlin Leader","floor":24,"turns":4}],"seed_played":"-8097951658000860691","potions_obtained":[{"floor":3,"key":"LiquidBronze"},{"floor":6,"key":"Dexterity Potion"},{"floor":10,"key":"Ancient Potion"}],"is_trial":false,"path_per_floor":["M","?","M","M","?","E","$","M","T","M","M","R","M","?","R","B",null,"M","?","?","?","M","R","E"],"character_chosen":"THE_DT","items_purchased":["Medical Kit","DTMod:BurningEnergy"],"campfire_rested":2,"item_purchase_floors":[7,7],"current_hp_per_floor":[45,45,45,45,33,33,33,33,33,33,33,47,47,49,49,3,49,27,27,27,27,11,25,0,0,0],"gold":189,"neow_bonus":"TEN_PERCENT_HP_BONUS","is_daily":false,"chose_seed":false,"campfire_upgraded":1,"win_rate":0.0,"timestamp":1611191228,"path_taken":["M","?","M","M","?","E","?","?","T","M","M","R","M","?","R","BOSS","M","?","?","?","M","R","E"],"items_purchased_type":["Relic","Card"],"build_version":"2020-12-22","purchased_purges":0,"victory":false,"max_hp_per_floor":[49,49,49,49,49,49,49,49,49,49,49,49,49,49,49,49,49,49,49,49,49,49,49,49,49,49],"card_choices":[{"not_picked":["DTMod:Astonish","DTMod:QuickFly"],"picked":"DTMod:Threaten","floor":1},{"not_picked":["DTMod:Overwhelm","DTMod:Hide"],"picked":"DTMod:StarRain","floor":3},{"not_picked":["DTMod:Weaken","DTMod:Observe"],"picked":"DTMod:Training","floor":4},{"not_picked":["infinitespire:UltimateForm","infinitespire:SevenWalls"],"picked":"infinitespire:Collect","floor":5},{"not_picked":["DTMod:Safeguard","DTMod:EchoTactic"],"picked":"DTMod:TagTeam","floor":6},{"not_picked":["DTMod:Threaten","DTMod:Weaken"],"picked":"DTMod:BizarreTactic","floor":8},{"not_picked":["DTMod:BreakAttack","DTMod:MagicField"],"picked":"DTMod:BlueScale","floor":10},{"not_picked":["DTMod:QuickFly","DTMod:BizarreTactic"],"picked":"DTMod:DeepFocus","floor":11},{"not_picked":["DTMod:GhostSkin","DTMod:BurningEnergy"],"picked":"DTMod:BlueScale","floor":13},{"not_picked":["DTMod:EchoTactic","DTMod:ResonanceForm"],"picked":"DTMod:SealedStrike","floor":16},{"not_picked":["DTMod:BurningEnergy","DTMod:Training"],"picked":"DTMod:Cover","floor":18},{"not_picked":["DTMod:ComboAttack","DTMod:StarRain"],"picked":"DTMod:QuickFly","floor":22}],"player_experience":421588,"relics_obtained":[{"floor":6,"key":"trackpad:Compendium"},{"floor":9,"key":"MealTicket"}],"event_choices":[{"damage_healed":0,"gold_gain":0,"player_choice":"Grow","damage_taken":0,"max_hp_gain":0,"max_hp_loss":0,"event_name":"Living Wall","floor":2,"gold_loss":0,"cards_upgraded":["DTMod:SwitchingTactic"]},{"damage_healed":12,"gold_gain":0,"player_choice":"Healed","damage_taken":0,"max_hp_gain":0,"max_hp_loss":0,"event_name":"The Cleric","floor":14,"gold_loss":35},{"cards_removed":["DTMod:StarRain"],"damage_healed":0,"gold_gain":0,"player_choice":"Take \u0026 Give","damage_taken":0,"max_hp_gain":0,"max_hp_loss":0,"event_name":"betterNote:BetterNote","floor":19,"gold_loss":0,"cards_obtained":["theMarked:ThrowWeapon"]},{"damage_healed":0,"gold_gain":0,"player_choice":"Ignored","damage_taken":0,"max_hp_gain":0,"max_hp_loss":0,"event_name":"Ghosts","floor":20,"gold_loss":0}],"is_beta":false,"boss_relics":[{"not_picked":["trackpad:StolenKidneys","Pandora\u0027s Box"],"picked":"Runic Dome"}],"items_purged_floors":[],"is_endless":false,"potions_floor_spawned":[3,6,10,11],"killed_by":"Gremlin Leader","ascension_level":0}}