{"host":"tjq6rykv202u6iqx","time":1611177978,"event":{"mods":["AchievementEnabler","BaseMod","Minty Spire (QoL Compilation)","Rare Cards Sparkle","Relic Stats"],"gold_per_floor":[99,99,99,99,99,99,99,99,99,99,99,99,99,99,99,99,99,99,99,99,99,99,99,99,99,99,99,99,99,99,99,99,99,99,99,99,99,99,99,99,99,99,99,99,99,99,10,10,10,10,10,10,10,10,10],"floor_reached":56,"language":"ENG","playtime":6389,"items_purged":[],"score":2378,"play_id":"3523c962-7ce4-4f27-8790-b6bb53318ccb","local_time":"20210120152618","is_ascension_mode":true,"campfire_choices":[{"data":"Shockwave","floor":6.0,"key":"SMITH"},{"data":"Twin Strike","floor":8.0,"key":"SMITH"},{"data":"Pummel","floor":11.0,"key":"SMITH"},{"floor":15.0,"key":"REST"},{"floor":23.0,"key":"REST"},{"data":"Demon Form","floor":32.0,"key":"SMITH"},{"floor":49,"key":"RECALL"},{"data":"Bash","floor":52,"key":"SMITH"}],"circlet_count":0,"master_deck":["AscendersBane","Bash+1","Pummel+1","Shockwave+1","Cleave","Twin Strike+1","Flame Barrier+1","Demon Form+1","Burning Pact+1","Anger","Sword Boomerang","Armaments+1","Flex+1","Flex+1","Sword Boomerang","Battle Trance+1","Impervious+1","Double Tap+1","Sentinel+1","True Grit+1","Exhume+1","Disarm+1","Warcry+1","Limit Break+1","Dark Embrace+1","Shockwave+1","Evolve+1","Bandage Up+1","Thinking Ahead+1","Sentinel+1","Feel No Pain+1","Purity+1"],"relics":["Ectoplasm","Singing Bowl","PreservedInsect","Potion Belt","Toxic Egg 2","Omamori","Pandora\u0027s Box","Frozen Egg 2","Calipers","Toy Ornithopter","Art of War","Eternal Feather","Bottled Tornado","Runic Cube","Lizard Tail","Bronze Scales","Centennial Puzzle","Paper Frog"],"acts_visited":["Exordium","TheCity","TheBeyond","TheEnding"],"potions_floor_usage":[38,40,44,55,55,55],"damage_taken":[{"damage":11.0,"enemies":"Small Slimes","floor":1.0,"turns":3.0},{"damage":1.0,"enemies":"2 Louse","floor":4.0,"turns":2.0},{"damage":0.0,"enemies":"Cultist","floor":5.0,"turns":3.0},{"damage":20.0,"enemies":"3 Sentries","floor":7.0,"turns":6.0},{"damage":10.0,"enemies":"Lagavulin","floor":10.0,"turns":6.0},{"damage":0.0,"enemies":"Gremlin Nob","floor":12.0,"turns":2.0},{"damage":16.0,"enemies":"The Guardian","floor":16.0,"turns":11.0},{"damage":10.0,"enemies":"Shell Parasite","floor":18.0,"turns":3.0},{"damage":0.0,"enemies":"Chosen","floor":20.0,"turns":2.0},{"damage":19.0,"enemies":"Snake Plant","floor":21.0,"turns":2.0},{"damage":12.0,"enemies":"Cultist and Chosen","floor":22.0,"turns":4.0},{"damage":17.0,"enemies":"Gremlin Leader","floor":24.0,"turns":4.0},{"damage":2.0,"enemies":"Centurion and Healer","floor":25.0,"turns":4.0},{"damage":0.0,"enemies":"Slavers","floor":27.0,"turns":1.0},{"damage":1.0,"enemies":"Book of Stabbing","floor":29.0,"turns":4.0},{"damage":0.0,"enemies":"3 Cultists","floor":30.0,"turns":4.0},{"damage":7.0,"enemies":"Slavers","floor":31.0,"turns":4.0},{"damage":0.0,"enemies":"Automaton","floor":33.0,"turns":5.0},{"damage":6,"enemies":"3 Darklings","floor":35,"turns":4},{"damage":6,"enemies":"3 Shapes","floor":36,"turns":5},{"damage":0,"enemies":"Mind Bloom Boss Battle","floor":37,"turns":3},{"damage":0,"enemies":"Spire Growth","floor":38,"turns":3},{"damage":12,"enemies":"Maw","floor":39,"turns":4},{"damage":9,"enemies":"Reptomancer","floor":40,"turns":2},{"damage":17,"enemies":"Sphere and 2 Shapes","floor":41,"turns":5},{"damage":6,"enemies":"Nemesis","floor":44,"turns":3},{"damage":17,"enemies":"Writhing Mass","floor":46,"turns":5},{"damage":7,"enemies":"4 Shapes","floor":48,"turns":4},{"damage":17,"enemies":"Donu and Deca","floor":50,"turns":5},{"damage":17,"enemies":"Shield and Spear","floor":54,"turns":4},{"damage":53,"enemies":"The Heart","floor":55,"turns":7}],"seed_played":"2834958334856170939","potions_obtained":[{"floor":1.0,"key":"GamblersBrew"},{"floor":5.0,"key":"PowerPotion"},{"floor":12.0,"key":"Explosive Potion"},{"floor":20.0,"key":"LiquidBronze"},{"floor":21.0,"key":"Regen Potion"},{"floor":24.0,"key":"Weak Potion"},{"floor":27.0,"key":"Fruit Juice"},{"floor":29.0,"key":"LiquidMemories"},{"floor":36,"key":"SteroidPotion"},{"floor":39,"key":"DuplicationPotion"},{"floor":40,"key":"Explosive Potion"},{"floor":41,"key":"PowerPotion"}],"is_trial":false,"path_per_floor":["M","?","?","M","M","R","E","R","T","E","R","E","?","T","R","B",null,"M","?","M","M","M","R","E","M","T","E","?","E","M","E","R","B",null,"M","M","?","M","M","E","M","?","T","E","?","M","$","M","R","B",null,"R","$","E","B",null],"character_chosen":"IRONCLAD","items_purchased":["Purity+1"],"campfire_rested":2,"item_purchase_floors":[47],"current_hp_per_floor":[57,57,50,49,49,49,29,29,29,21,21,21,10,10,33,17,62,54,54,54,37,27,51,34,34,34,34,34,38,38,31,43,53,81,77,71,73,78,68,64,49,41,41,61,81,76,76,83,101,90,99,102,102,93,61],"gold":10,"neow_bonus":"BOSS_RELIC","is_daily":false,"chose_seed":false,"campfire_upgraded":5,"win_rate":0.0,"timestamp":1611177978,"path_taken":["M","?","?","M","M","R","E","R","T","E","R","E","?","?","R","BOSS","M","?","?","?","M","R","E","M","T","E","?","E","M","E","R","BOSS","M","M","?","M","M","E","M","?","T","E","?","M","?","M","R","BOSS","R","$","E","BOSS"],"items_purchased_type":["Card"],"build_version":"2020-12-22","purchased_purges":0,"victory":true,"max_hp_per_floor":[75,75,75,75,75,75,75,75,75,77,77,77,77,77,77,77,77,79,79,79,81,83,83,83,85,85,85,85,85,85,85,85,90,90,92,92,94,94,96,96,98,100,100,100,100,100,100,102,102,102,102,102,102,104,104],"relic_stats":{"Singing Bowl":24,"counters":[31,124],"Eternal Feather":33,"PreservedInsect":411,"Lizard Tail":0,"Centennial Puzzle":[15],"Bronze Scales":[180],"Pandora\u0027s Box":["Burning Pact","Anger","Sword Boomerang","Armaments","Flex","Flex","Sword Boomerang","Battle Trance"],"Ectoplasm":858,"Art of War":[19],"obtain_stats":[{"Potion Belt":10,"Calipers":26,"Singing Bowl":7,"Eternal Feather":29,"PreservedInsect":9,"Omamori":14,"Frozen Egg 2":24,"Bottled Tornado":31,"Burning Blood":0,"Lizard Tail":37,"Centennial Puzzle":44,"Bronze Scales":40,"Pandora\u0027s Box":17,"Ectoplasm":0,"Art of War":28,"Toxic Egg 2":12,"Toy Ornithopter":27,"Runic Cube":34,"Paper Frog":54},{"Potion Belt":5,"Calipers":13,"Singing Bowl":4,"Eternal Feather":15,"PreservedInsect":4,"Omamori":6,"Frozen Egg 2":12,"Bottled Tornado":17,"Burning Blood":0,"Lizard Tail":21,"Centennial Puzzle":26,"Bronze Scales":24,"Pandora\u0027s Box":7,"Ectoplasm":0,"Art of War":14,"Toxic Egg 2":6,"Toy Ornithopter":14,"Runic Cube":18,"Paper Frog":30},{"Potion Belt":20,"Calipers":52,"Singing Bowl":14,"Eternal Feather":57,"PreservedInsect":14,"Omamori":22,"Frozen Egg 2":48,"Bottled Tornado":65,"Burning Blood":0,"Lizard Tail":82,"Centennial Puzzle":99,"Bronze Scales":91,"Pandora\u0027s Box":33,"Ectoplasm":0,"Art of War":53,"Toxic Egg 2":22,"Toy Ornithopter":53,"Runic Cube":70,"Paper Frog":117}],"Toy Ornithopter":40,"Runic Cube":[40]},"card_choices":[{"not_picked":["Seeing Red","Power Through"],"picked":"Pummel","floor":1.0},{"not_picked":["Flex","Cleave"],"picked":"Shockwave","floor":4.0},{"not_picked":["Armaments","Warcry"],"picked":"Cleave","floor":5.0},{"not_picked":["Evolve","Entrench"],"picked":"Twin Strike","floor":7.0},{"not_picked":["Combust","Clothesline","Evolve"],"picked":"Singing Bowl","floor":10.0},{"not_picked":["True Grit+1","Twin Strike"],"picked":"Flame Barrier+1","floor":12.0},{"not_picked":["Exhume+1","Berserk"],"picked":"Demon Form","floor":16.0},{"not_picked":["Iron Wave","Cleave","Armaments+1"],"picked":"Singing Bowl","floor":18.0},{"not_picked":["Cleave","Wild Strike"],"picked":"Double Tap+1","floor":20.0},{"not_picked":["Fire Breathing","Perfected Strike","Body Slam"],"picked":"Singing Bowl","floor":21.0},{"not_picked":["Armaments+1","Bloodletting+1","Shockwave+1"],"picked":"Singing Bowl","floor":22.0},{"not_picked":["Bludgeon","Anger"],"picked":"Sentinel+1","floor":24.0},{"not_picked":["Headbutt","Body Slam","Combust+1"],"picked":"Singing Bowl","floor":25.0},{"not_picked":["Warcry+1","Rupture+1"],"picked":"True Grit+1","floor":27.0},{"not_picked":["Havoc+1","Reckless Charge"],"picked":"Exhume+1","floor":29.0},{"not_picked":["Searing Blow","Cleave"],"picked":"Disarm+1","floor":30.0},{"not_picked":["Body Slam","Armaments+1"],"picked":"Warcry+1","floor":31.0},{"not_picked":["Exhume+1","Impervious+1"],"picked":"Limit Break+1","floor":33.0},{"not_picked":["Uppercut","Iron Wave","True Grit+1"],"picked":"Singing Bowl","floor":35},{"not_picked":["Infernal Blade+1","Blood for Blood"],"picked":"Dark Embrace+1","floor":36},{"not_picked":["Armaments+1","Havoc+1","Clash"],"picked":"Singing Bowl","floor":37},{"not_picked":["Clash","Intimidate+1"],"picked":"Shockwave+1","floor":38},{"not_picked":["Sword Boomerang","Iron Wave","Flex+1"],"picked":"Singing Bowl","floor":39},{"not_picked":["Sword Boomerang+1","Searing Blow"],"picked":"Evolve+1","floor":40},{"not_picked":["Thunderclap","Limit Break+1","Rupture+1"],"picked":"Singing Bowl","floor":41},{"not_picked":["Dramatic Entrance","Finesse+1"],"picked":"Bandage Up+1","floor":42},{"not_picked":["Blind+1","Impatience+1"],"picked":"Thinking Ahead+1","floor":42},{"not_picked":["Flash of Steel","Forethought+1","HandOfGreed"],"picked":"Singing Bowl","floor":42},{"not_picked":["True Grit+1","Entrench+1"],"picked":"Sentinel+1","floor":44},{"not_picked":["Body Slam","Whirlwind"],"picked":"Feel No Pain+1","floor":46},{"not_picked":["Clothesline","Iron Wave","Thunderclap"],"picked":"Singing Bowl","floor":48},{"not_picked":["Shockwave+1","Uppercut","Cleave"],"picked":"Singing Bowl","floor":54}],"player_experience":858224,"relics_obtained":[{"floor":7.0,"key":"Singing Bowl"},{"floor":9.0,"key":"PreservedInsect"},{"floor":10.0,"key":"Potion Belt"},{"floor":12.0,"key":"Toxic Egg 2"},{"floor":14.0,"key":"Omamori"},{"floor":24.0,"key":"Frozen Egg 2"},{"floor":26.0,"key":"Calipers"},{"floor":27.0,"key":"Toy Ornithopter"},{"floor":29.0,"key":"Eternal Feather"},{"floor":31.0,"key":"Bottled Tornado"},{"floor":37,"key":"Lizard Tail"},{"floor":40,"key":"Bronze Scales"},{"floor":44,"key":"Centennial Puzzle"},{"floor":54,"key":"Paper Frog"}],"event_choices":[{"damage_healed":0.0,"max_hp_gain":0.0,"max_hp_loss":0.0,"gold_gain":0.0,"event_name":"The Cleric","player_choice":"Leave","floor":2.0,"gold_loss":0.0,"damage_taken":0.0},{"cards_removed":["Strike_R"],"damage_healed":0.0,"max_hp_gain":0.0,"max_hp_loss":0.0,"gold_gain":0.0,"event_name":"Golden Wing","player_choice":"Card Removal","floor":3.0,"gold_loss":0.0,"damage_taken":7.0},{"damage_healed":0.0,"max_hp_gain":0.0,"max_hp_loss":0.0,"gold_gain":75.0,"event_name":"World of Goop","player_choice":"Gather Gold","floor":13.0,"gold_loss":0.0,"damage_taken":11.0},{"damage_healed":0.0,"max_hp_gain":0.0,"max_hp_loss":0.0,"gold_gain":0.0,"event_name":"Match and Keep!","player_choice":"1 cards matched","floor":19.0,"gold_loss":0.0,"damage_taken":0.0,"cards_obtained":["Impervious"]},{"damage_healed":0.0,"max_hp_gain":0.0,"max_hp_loss":0.0,"gold_gain":0.0,"event_name":"The Mausoleum","player_choice":"Opened","floor":28.0,"gold_loss":0.0,"damage_taken":0.0,"relics_obtained":["Art of War"],"cards_obtained":["Writhe"]},{"damage_healed":0,"gold_gain":0,"player_choice":"Fight","damage_taken":0,"max_hp_gain":0,"max_hp_loss":0,"event_name":"MindBloom","floor":37,"gold_loss":0},{"damage_healed":0,"gold_gain":0,"player_choice":"Memory 3","damage_taken":10,"max_hp_gain":0,"max_hp_loss":0,"event_name":"SensoryStone","floor":42,"gold_loss":0},{"damage_healed":20,"gold_gain":0,"player_choice":"Writhe","damage_taken":0,"max_hp_gain":0,"max_hp_loss":0,"event_name":"Winding Halls","floor":45,"gold_loss":0,"cards_obtained":["Writhe"]}],"is_beta":false,"boss_relics":[{"not_picked":["Cursed Key","Runic Dome"],"picked":"Pandora\u0027s Box"},{"not_picked":["Calling Bell","Mark of Pain"],"picked":"Runic Cube"}],"items_purged_floors":[],"is_endless":false,"potions_floor_spawned":[1,5,12,20,21,24,27,29,36,39,40,41],"ascension_level":18}}