{"host":"bf9sa99gaumonoeu","time":1611115369,"event":{"mods":["AchievementEnabler","Act Like it!","Aspiration","BaseMod","Bestiary","Better Note","Block Reminder","Colored Map","Colored Powertips","Fox Events","Friendly Minions","Gensokyo","GifTheSpireLib","Googly Eyes","Hallownest","Hermit","Highlight Path","Jorbs\u0027s Wanderer Trilogy","KinomotoSakuraMod(????)","Koishi","Marisa????????","Minty Spire (QoL Compilation)","Rare Cards Sparkle","Relic Stats","Remilia??????","Spire Arcade","StSLib","The Administrix","The Animator","The Bug Knight","The Construct","The Cursed","The Hierophant","The Mystic","The Necromancer","The Poker Player","The Runesmith","The Senshi","The Servant 0.9.4","ojb\u0027s Info Mod"],"gold_per_floor":[115,130,130,130,145,184,203,111,136,136,155,155,155,155,155],"floor_reached":14,"language":"ENG","playtime":444,"items_purged":[],"score":180,"play_id":"f3059626-75e0-404a-a899-f5b81adb5ae8","local_time":"20210120020249","is_ascension_mode":true,"campfire_choices":[{"floor":13,"key":"REST"}],"circlet_count":0,"master_deck":["AscendersBane","Strike_G","Strike_G","Strike_G","Strike_G","Strike_G","Defend_G","Defend_G","Defend_G","Defend_G","Defend_G","Survivor","Neutralize","Quick Slash","Flying Knee","Pain","Deadly Poison","All Out Attack","Deadly Poison","Finesse","Adrenaline"],"relics":["Ring of the Snake","NeowsBlessing","Golden Idol","WarpedTongs","Runesmith:AutoHammer","HollowMod:PaleOreRelic","Omamori","Frozen Egg 2"],"acts_visited":["Exordium"],"potions_floor_usage":[6,7],"damage_taken":[{"damage":0,"enemies":"Small Slimes","floor":1,"turns":1},{"damage":0,"enemies":"Cultist","floor":2,"turns":1},{"damage":0,"enemies":"Jaw Worm","floor":5,"turns":1},{"damage":12,"enemies":"Lagavulin","floor":6,"turns":5},{"damage":3,"enemies":"Exordium Thugs","floor":7,"turns":3},{"damage":0,"enemies":"3 Louse","floor":11,"turns":2},{"damage":40,"enemies":"Gremlin Nob","floor":14,"turns":3}],"seed_played":"6200433794635332414","potions_obtained":[{"floor":2,"key":"SkillPotion"},{"floor":6,"key":"Fire Potion"}],"is_trial":false,"path_per_floor":["M","M","?","?","M","E","M","$","T","T","M","?","R","E"],"character_chosen":"THE_SILENT","items_purchased":["Finesse"],"campfire_rested":1,"item_purchase_floors":[8],"current_hp_per_floor":[59,59,36,36,36,24,21,21,21,21,21,21,40,0,0],"gold":155,"neow_bonus":"THREE_ENEMY_KILL","is_daily":false,"chose_seed":false,"campfire_upgraded":0,"win_rate":0.0,"timestamp":1611115369,"path_taken":["M","M","?","?","?","E","M","?","T","?","?","?","R","E"],"items_purchased_type":["Card"],"build_version":"2020-12-22","purchased_purges":0,"victory":false,"max_hp_per_floor":[66,66,66,66,66,66,66,66,66,66,66,66,66,66,66],"relic_stats":{"counters":[7,16],"Golden Idol":19,"obtain_stats":[{"NeowsBlessing":0,"Golden Idol":3,"Omamori":10,"Runesmith:AutoHammer":6,"HollowMod:PaleOreRelic":9,"Frozen Egg 2":12,"Ring of the Snake":0,"WarpedTongs":4},{"NeowsBlessing":0,"Golden Idol":2,"Omamori":5,"Runesmith:AutoHammer":4,"HollowMod:PaleOreRelic":5,"Frozen Egg 2":6,"Ring of the Snake":0,"WarpedTongs":2},{"NeowsBlessing":0,"Golden Idol":2,"Omamori":11,"Runesmith:AutoHammer":8,"HollowMod:PaleOreRelic":11,"Frozen Egg 2":13,"Ring of the Snake":0,"WarpedTongs":2}],"Ring of the Snake":[14],"WarpedTongs":[14]},"card_choices":[{"not_picked":["PiercingWail","Backflip"],"picked":"Quick Slash","floor":1},{"not_picked":["Backflip","PiercingWail"],"picked":"Flying Knee","floor":2},{"not_picked":["Prepared","Cloak And Dagger"],"picked":"Deadly Poison","floor":5},{"not_picked":["Acrobatics","Crippling Poison"],"picked":"All Out Attack","floor":6},{"not_picked":["Tactician","Heel Hook"],"picked":"Deadly Poison","floor":7},{"not_picked":["Acrobatics","Prepared"],"picked":"Adrenaline","floor":11}],"player_experience":1019189,"relics_obtained":[{"floor":6,"key":"Runesmith:AutoHammer"},{"floor":9,"key":"HollowMod:PaleOreRelic"},{"floor":10,"key":"Omamori"}],"event_choices":[{"damage_healed":0,"gold_gain":0,"player_choice":"Take Damage","damage_taken":23,"relics_obtained":["Golden Idol"],"max_hp_gain":0,"max_hp_loss":0,"event_name":"Golden Idol","floor":3,"gold_loss":0},{"damage_healed":0,"gold_gain":0,"player_choice":"Rummage","damage_taken":0,"relics_obtained":["WarpedTongs"],"max_hp_gain":0,"max_hp_loss":0,"event_name":"Accursed Blacksmith","floor":4,"gold_loss":0,"cards_obtained":["Pain"]}],"is_beta":false,"boss_relics":[],"items_purged_floors":[],"is_endless":false,"potions_floor_spawned":[2,6],"killed_by":"Gremlin Nob","ascension_level":20}}