{"host":"zv753xhrtese558r","time":1611124430,"event":{"mods":["2.2 Compatiblity","AchievementEnabler","BaseMod","Bestiary","Better Match","Better Note","Better Skull","Better Third Choice","BetterRewards","Colored Map","Colored Powertips","Googly Eyes","Infinite Spire","Minty Spire (QoL Compilation)","Spicy Shops","StSLib"],"gold_per_floor":[119,119,44,44,69,69,92,92,92,125,125,141,172,197,197,316,316,339,354,82,32,48,48,79,79,79,79,104,119,132,132,132,257,320,339,339,339,352,377,415,415,436,736,785,818,838,838,856,856,856],"floor_reached":51,"language":"ENG","playtime":2811,"items_purged":[],"score":1246,"play_id":"fa1e0450-031d-4975-bd35-ca287f1b0d37","local_time":"20210119223350","is_ascension_mode":true,"campfire_choices":[{"floor":6,"key":"REST"},{"data":"Fire Breathing","floor":8,"key":"SMITH"},{"floor":11,"key":"REST"},{"data":"Dark Embrace","floor":11,"key":"SMITH"},{"data":"Berserk","floor":15,"key":"SMITH"},{"data":"Limit Break","floor":23,"key":"SMITH"},{"floor":25,"key":"REST"},{"data":"Uppercut","floor":25,"key":"SMITH"},{"floor":32,"key":"REST"},{"data":"Pommel Strike","floor":32,"key":"SMITH"},{"floor":41,"key":"REST"},{"data":"Impervious","floor":41,"key":"SMITH"},{"floor":49,"key":"REST"},{"data":"Thunderclap","floor":49,"key":"SMITH"}],"circlet_count":0,"master_deck":["AscendersBane","Strike_R","Strike_R","Strike_R","Strike_R","Strike_R","Defend_R","Defend_R+1","Defend_R","Defend_R","Bash","Fire Breathing+1","Power Through","Bloodletting","Injury","Dark Embrace+1","Headbutt","Intimidate","Ghostly Armor","Berserk+1","Pommel Strike+1","Impervious+1","Flex+1","Limit Break+1","Uppercut+1","Reckless Charge+1","Writhe","Wild Strike+1","Flame Barrier+1","Thunderclap+1","Shrug It Off+1"],"relics":["Burning Blood","Brimstone","Toy Ornithopter","Membership Card","Regal Pillow","CaptainsWheel","MealTicket","Golden Idol","infinitespire:Magic Flask","infinitespire:EmpoweringShard","Singing Bowl","infinitespire:Burning Sword","infinitespire:BottledMercury","Toolbox","InkBottle","infinitespire:Bottled Soul","Art of War","Tiny House","infinitespire:FocusingShard","Old Coin","Smiling Mask","Happy Flower"],"acts_visited":["Exordium","TheCity","TheBeyond"],"potions_floor_usage":[12,13,16,18,28,35,40,40,46,50,50,50],"damage_taken":[{"damage":0,"enemies":"Cultist","floor":1,"turns":2},{"damage":6,"enemies":"Jaw Worm","floor":5,"turns":3},{"damage":8,"enemies":"Small Slimes","floor":7,"turns":3},{"damage":22,"enemies":"Lagavulin","floor":10,"turns":5},{"damage":2,"enemies":"Looter","floor":12,"turns":4},{"damage":20,"enemies":"Gremlin Nob","floor":13,"turns":5},{"damage":0,"enemies":"Large Slime","floor":14,"turns":4},{"damage":40,"enemies":"Slime Boss","floor":16,"turns":7},{"damage":29,"enemies":"Shell Parasite","floor":18,"turns":3},{"damage":2,"enemies":"Spheric Guardian","floor":19,"turns":3},{"damage":29,"enemies":"Snake Plant","floor":22,"turns":4},{"damage":29,"enemies":"Book of Stabbing","floor":24,"turns":4},{"damage":27,"enemies":"Shelled Parasite and Fungi","floor":28,"turns":3},{"damage":0,"enemies":"Snecko","floor":29,"turns":3},{"damage":3,"enemies":"Snake Plant","floor":30,"turns":2},{"damage":36,"enemies":"Champ","floor":33,"turns":4},{"damage":35,"enemies":"3 Darklings","floor":35,"turns":4},{"damage":12,"enemies":"3 Shapes","floor":38,"turns":4},{"damage":34,"enemies":"Jaw Worm Horde","floor":39,"turns":4},{"damage":28,"enemies":"Giant Head","floor":40,"turns":6},{"damage":32,"enemies":"4 Shapes","floor":42,"turns":4},{"damage":6,"enemies":"Nemesis","floor":45,"turns":5},{"damage":2,"enemies":"3 Darklings","floor":46,"turns":2},{"damage":5,"enemies":"Jaw Worm Horde","floor":48,"turns":3},{"damage":90,"enemies":"Awakened One","floor":50,"turns":8}],"seed_played":"1243502274406231472","potions_obtained":[{"floor":1,"key":"SpeedPotion"},{"floor":5,"key":"SpeedPotion"},{"floor":10,"key":"SpeedPotion"},{"floor":18,"key":"BloodPotion"},{"floor":24,"key":"Swift Potion"},{"floor":28,"key":"DuplicationPotion"},{"floor":29,"key":"LiquidBronze"},{"floor":34,"key":"PowerPotion"},{"floor":35,"key":"DuplicationPotion"},{"floor":39,"key":"Swift Potion"},{"floor":40,"key":"AttackPotion"},{"floor":45,"key":"Strength Potion"},{"floor":48,"key":"Dexterity Potion"}],"is_trial":false,"path_per_floor":["M","$","$","?","M","R","M","R","T","E","R","M","E","M","R","B",null,"M","M","$","?","M","R","E","R","T","?","M","M","M","?","R","B",null,"M","?","?","M","M","E","R","M","T","T","E","M","?","M","R","B",null],"character_chosen":"IRONCLAD","items_purchased":["Brimstone","Toy Ornithopter","Membership Card","Regal Pillow","Fire Breathing","CaptainsWheel","Power Through","MealTicket","Limit Break","infinitespire:BottledMercury","Toolbox"],"campfire_rested":6,"item_purchase_floors":[0,0,0,0,0,0,0,3,20,20,20],"current_hp_per_floor":[42,42,42,42,42,80,78,78,78,62,80,80,66,72,72,43,71,69,75,82,82,59,59,36,75,75,75,61,67,70,70,84,56,86,62,62,62,56,30,20,64,40,40,40,42,53,53,56,102,21],"gold":856,"neow_bonus":"","is_daily":false,"chose_seed":false,"campfire_upgraded":8,"win_rate":0.0,"timestamp":1611124430,"path_taken":["M","?","$","?","M","R","M","R","T","E","R","M","E","M","R","BOSS","M","M","$","?","?","R","E","R","T","?","M","M","M","?","R","BOSS","M","?","?","M","M","E","R","M","T","?","E","?","?","M","R","BOSS"],"items_purchased_type":["Relic","Relic","Relic","Relic","Card","Relic","Card","Relic","Card","Relic","Relic"],"build_version":"2020-12-22","purchased_purges":0,"victory":true,"max_hp_per_floor":[80,80,80,80,80,80,80,80,80,80,80,80,80,80,80,80,80,80,82,82,82,82,82,82,82,82,82,84,84,84,84,84,86,93,93,93,93,93,95,97,97,99,99,99,101,103,103,105,105,105],"card_choices":[{"not_picked":["Pommel Strike","Dark Embrace"],"picked":"Bloodletting","floor":1},{"not_picked":["Second Wind","Battle Trance"],"picked":"Dark Embrace","floor":5},{"not_picked":["True Grit","Clash"],"picked":"Headbutt","floor":7},{"not_picked":["Perfected Strike","Armaments"],"picked":"Intimidate","floor":10},{"not_picked":["Bloodletting","Twin Strike"],"picked":"Ghostly Armor","floor":12},{"not_picked":["Sentinel","Wild Strike"],"picked":"Berserk","floor":13},{"not_picked":["Sword Boomerang","Shockwave"],"picked":"Pommel Strike","floor":14},{"not_picked":["Barricade","Demon Form"],"picked":"Impervious","floor":16},{"not_picked":["True Grit","Second Wind"],"picked":"Flex+1","floor":18},{"not_picked":["Body Slam","Clothesline","Havoc"],"picked":"Singing Bowl","floor":19},{"not_picked":["Perfected Strike","Clothesline"],"picked":"Uppercut","floor":22},{"not_picked":["Feel No Pain+1","Anger"],"picked":"Reckless Charge+1","floor":24},{"not_picked":["Disarm","Dropkick+1","Flex+1"],"picked":"Singing Bowl","floor":28},{"not_picked":["Reckless Charge","True Grit"],"picked":"Wild Strike+1","floor":29},{"not_picked":["Iron Wave","Sentinel"],"picked":"Flame Barrier+1","floor":30},{"not_picked":["Bludgeon","Barricade","Corruption"],"picked":"Singing Bowl","floor":33},{"not_picked":["Wild Strike","Iron Wave","Cleave+1"],"picked":"Singing Bowl","floor":34},{"not_picked":["Combust","Perfected Strike"],"picked":"Thunderclap","floor":35},{"not_picked":["Cleave","Havoc"],"picked":"Shrug It Off+1","floor":38},{"not_picked":["Dual Wield+1","Shrug It Off","Pummel+1"],"picked":"Singing Bowl","floor":39},{"not_picked":["Rupture","Headbutt+1","Ghostly Armor"],"picked":"Singing Bowl","floor":40},{"not_picked":["Iron Wave+1","Body Slam+1","Intimidate"],"picked":"Singing Bowl","floor":42},{"not_picked":["Pommel Strike","Iron Wave","Fiend Fire"],"picked":"Singing Bowl","floor":45},{"not_picked":["Perfected Strike+1","Rupture","Uppercut"],"picked":"Singing Bowl","floor":46},{"not_picked":["Clothesline","Sword Boomerang+1","Anger"],"picked":"Singing Bowl","floor":48}],"player_experience":384896,"relics_obtained":[{"floor":9,"key":"infinitespire:Magic Flask"},{"floor":10,"key":"infinitespire:EmpoweringShard"},{"floor":13,"key":"Singing Bowl"},{"floor":24,"key":"InkBottle"},{"floor":26,"key":"infinitespire:Bottled Soul"},{"floor":40,"key":"infinitespire:FocusingShard"},{"floor":43,"key":"Old Coin"},{"floor":44,"key":"Smiling Mask"},{"floor":45,"key":"Happy Flower"}],"event_choices":[{"damage_healed":0,"gold_gain":0,"player_choice":"Take Wound","damage_taken":0,"relics_obtained":["Golden Idol"],"max_hp_gain":0,"max_hp_loss":0,"event_name":"Golden Idol","floor":4,"gold_loss":0,"cards_obtained":["Injury"]},{"damage_healed":0,"gold_gain":0,"player_choice":"Bet on Owner","damage_taken":0,"max_hp_gain":0,"max_hp_loss":0,"event_name":"The Joust","floor":21,"gold_loss":50},{"damage_healed":0,"gold_gain":0,"player_choice":"Opened","damage_taken":0,"relics_obtained":["Art of War"],"max_hp_gain":0,"max_hp_loss":0,"event_name":"The Mausoleum","floor":27,"gold_loss":0,"cards_obtained":["Writhe"]},{"damage_healed":0,"gold_gain":0,"player_choice":"Ignored","damage_taken":0,"max_hp_gain":0,"max_hp_loss":0,"event_name":"Cursed Tome","floor":31,"gold_loss":0},{"damage_healed":0,"gold_gain":0,"player_choice":"Ignored","damage_taken":0,"max_hp_gain":0,"max_hp_loss":0,"event_name":"The Moai Head","floor":36,"gold_loss":0},{"damage_healed":0,"gold_gain":0,"player_choice":"Ignored","damage_taken":0,"max_hp_gain":0,"max_hp_loss":0,"event_name":"Tomb of Lord Red Mask","floor":47,"gold_loss":0}],"is_beta":false,"boss_relics":[{"not_picked":["Runic Cube","Fusion Hammer"],"picked":"infinitespire:Burning Sword"},{"not_picked":["Snecko Eye","Sozu"],"picked":"Tiny House"}],"items_purged_floors":[],"is_endless":false,"potions_floor_spawned":[1,5,10,18,24,28,29,35,39,40,45,48],"ascension_level":10}}