{"host":"56d873i5r3uhle0q","time":1611120284,"event":{"mods":["100% Spire Juice","Act Like it!","Aspiration","BaseMod","Block Reminder","Conspire","Gensokyo","Hermit","Hubris","Infinite Spire","Jedi Mod","Lobotomy","Marisa????????","Marked Mod","Minty Spire (QoL Compilation)","Replay The Spire","StSLib","The Animator","The Bug Knight","The Cursed","The Marked","The Servant 0.9.4","everything is the same but u backflip on backflip","vexMod","??????REMEMod"],"gold_per_floor":[112,112,41,52,66,66,66,81,81,201,201,221,238,262,102,102,102],"floor_reached":16,"language":"ENG","playtime":741,"items_purged":[],"score":96,"play_id":"b2a56dfb-d6a7-4e18-a8bd-138eb2098ca3","local_time":"20210119222444","is_ascension_mode":false,"campfire_choices":[],"circlet_count":0,"master_deck":["Strike_R","Strike_R","Strike_R","Strike_R","Strike_R","Defend_R","Defend_R","Defend_R","Defend_R","Bash","Master of Strategy","Wellcheers","Spot Weakness","Inflame","Metallicize","BeautyBeast"],"relics":["Burning Blood","REME_ComplimentaryCards","CogitoBucket","hubris:Icosahedron","CeramicFish","Gensokyo:Bombinomicon"],"acts_visited":["Gensokyo:Gensokyo"],"potions_floor_usage":[],"damage_taken":[{"damage":7.0,"enemies":"Gensokyo:2_Kodama","floor":1.0,"turns":5.0},{"damage":7.0,"enemies":"Gensokyo:Gryphon","floor":4.0,"turns":4.0},{"damage":16.0,"enemies":"Gensokyo:3_Fairies","floor":5.0,"turns":5.0},{"damage":15,"enemies":"Gensokyo:Python_and_Kodama","floor":8,"turns":6},{"damage":14,"enemies":"Gensokyo:VengefulSpirit","floor":10,"turns":5},{"damage":58,"enemies":"Gensokyo:3_Kodama","floor":12,"turns":6},{"damage":12,"enemies":"Gensokyo:Gryphon_and_Rabbit","floor":13,"turns":7},{"damage":7,"enemies":"Gensokyo:VengefulSpirit","floor":14,"turns":7},{"damage":32,"enemies":"Gensokyo:Yukari","floor":16,"turns":11}],"seed_played":"504698022423601937","potions_obtained":[{"floor":4.0,"key":"FearPotion"},{"floor":8,"key":"SkillPotion"}],"is_trial":false,"path_per_floor":["M","?","$","M","M","?","?","M","T","M","$","M","M","M","R","B"],"character_chosen":"IRONCLAD","items_purchased":["Inflame"],"campfire_rested":0,"item_purchase_floors":[3],"current_hp_per_floor":[79,79,79,80,70,78,78,74,74,66,66,20,20,19,19,0,0],"gold":102,"neow_bonus":"","is_daily":false,"chose_seed":false,"campfire_upgraded":0,"win_rate":0.0,"timestamp":1611120284,"path_taken":["M","?","$","M","M","?","?","?","T","?","?","M","?","M","R","BOSS"],"items_purchased_type":["Card"],"build_version":"2020-12-22","purchased_purges":0,"victory":false,"max_hp_per_floor":[80,80,80,80,80,80,80,80,80,80,80,80,80,80,80,80,80],"card_choices":[{"not_picked":["Scorched","UniverseFragment"],"picked":"Wellcheers","floor":1.0},{"not_picked":["Perfected Strike","jedi:fear"],"picked":"Spot Weakness","floor":1.0},{"not_picked":["Twin Strike","Anger","True Grit"],"picked":"SKIP","floor":4.0},{"not_picked":["Pommel Strike","Defy Death","Evolve"],"picked":"SKIP","floor":5.0},{"not_picked":["Armaments","Havoc","Life Link"],"picked":"SKIP","floor":8},{"not_picked":["Havoc","Twin Strike","Intimidate"],"picked":"SKIP","floor":10},{"not_picked":["Headbutt","Warcry"],"picked":"Metallicize","floor":12},{"not_picked":["Armaments","Flame Barrier","Shrug It Off"],"picked":"SKIP","floor":13},{"not_picked":["Alriune","GreedKing"],"picked":"BeautyBeast","floor":14},{"not_picked":["Perfected Strike","Heavy Blade","ReplayTheSpireMod:LeadingStrike"],"picked":"SKIP","floor":14}],"player_experience":565516,"relics_obtained":[{"floor":9,"key":"CeramicFish"}],"event_choices":[],"is_beta":false,"boss_relics":[],"items_purged_floors":[],"is_endless":false,"potions_floor_spawned":[4,8,13],"killed_by":"Gensokyo:Yukari","ascension_level":0}}