{"host":"i0avyit1s6jb1siw","time":1611159081,"event":{"mods":["BaseMod","DeckTracker","Dota2Spire","Highlight Path","Minty Spire (QoL Compilation)","Quick Restart","StSLib","SuperFastMode"],"gold_per_floor":[116,66,17,17,17,17,29,54,81,81,115,129,139,151,151,151,225,225,240,257,257,268,18,18,52,64,88,98,126,51,66,66,66,141,141,159,159,174,174,191,191,224,224,224,224,243,278,301,330,342,354,366,378,138,172,172,172],"floor_reached":56,"language":"ENG","playtime":1332,"items_purged":["Strike_B","Strike_B"],"score":1294,"play_id":"f0a4302c-16ef-4508-aea2-5e77df6843f4","local_time":"20210120171121","is_ascension_mode":true,"campfire_choices":[{"data":"Doom and Gloom","floor":6,"key":"SMITH"},{"data":"Zap","floor":10,"key":"SMITH"},{"data":"Defragment","floor":15,"key":"SMITH"},{"data":"Self Repair","floor":16,"key":"SMITH"},{"data":"White Noise","floor":24,"key":"SMITH"},{"data":"Storm","floor":33,"key":"SMITH"},{"floor":41,"key":"RECALL"},{"data":"Lockon","floor":43,"key":"SMITH"},{"data":"Creative AI","floor":45,"key":"SMITH"},{"data":"Coolheaded","floor":50,"key":"SMITH"},{"data":"Storm","floor":53,"key":"SMITH"}],"circlet_count":0,"master_deck":["AscendersBane","Strike_B","Defend_B+1","Defend_B","Defend_B","Defend_B","Zap+1","Dualcast+1","Doom and Gloom+1","Cold Snap","Sweeping Beam","Undo","Self Repair+1","Ball Lightning","Defragment+1","BootSequence","Core Surge","Compile Driver","White Noise+1","Glacier","Storm+1","Storm+1","White Noise+1","Glacier","Creative AI+1","Defragment+1","Lockon+1","Turbo+1","Coolheaded+1","Parasite"],"relics":["Cracked Core","NeowsBlessing","MealTicket","Oddly Smooth Stone","Nuclear Battery","Enchiridion","OrangePellets","Dota2Spire:OctarineCore","Dota2Spire:PhaseBoots","Dota2Spire:EtherealBlade","Dota2Spire:MaskOfMadness","Runic Pyramid","Pen Nib","Gremlin Horn","MawBank","Lantern","Gambling Chip"],"acts_visited":["Exordium","TheCity","TheBeyond","TheEnding"],"potions_floor_usage":[11,19,25,34,55,56],"damage_taken":[{"damage":0,"enemies":"Jaw Worm","floor":1,"turns":1},{"damage":0,"enemies":"Cultist","floor":7,"turns":1},{"damage":0,"enemies":"Gremlin Nob","floor":8,"turns":1},{"damage":7,"enemies":"3 Sentries","floor":11,"turns":5},{"damage":0,"enemies":"Small Slimes","floor":12,"turns":1},{"damage":10,"enemies":"Exordium Wildlife","floor":13,"turns":3},{"damage":11,"enemies":"Red Slaver","floor":14,"turns":3},{"damage":12,"enemies":"The Guardian","floor":17,"turns":10},{"damage":7,"enemies":"Spheric Guardian","floor":19,"turns":3},{"damage":20,"enemies":"3 Byrds","floor":20,"turns":4},{"damage":14,"enemies":"Snecko","floor":22,"turns":5},{"damage":0,"enemies":"Gremlin Leader","floor":25,"turns":4},{"damage":2,"enemies":"Shelled Parasite and Fungi","floor":26,"turns":5},{"damage":1,"enemies":"Chosen and Byrds","floor":28,"turns":4},{"damage":6,"enemies":"Book of Stabbing","floor":29,"turns":4},{"damage":0,"enemies":"Snake Plant","floor":31,"turns":2},{"damage":23,"enemies":"Collector","floor":34,"turns":14},{"damage":0,"enemies":"3 Darklings","floor":36,"turns":3},{"damage":0,"enemies":"Orb Walker","floor":38,"turns":2},{"damage":6,"enemies":"Maw","floor":40,"turns":5},{"damage":15,"enemies":"Giant Head","floor":42,"turns":9},{"damage":0,"enemies":"Jaw Worm Horde","floor":46,"turns":3},{"damage":1,"enemies":"Nemesis","floor":47,"turns":6},{"damage":8,"enemies":"3 Darklings","floor":48,"turns":4},{"damage":18,"enemies":"Writhing Mass","floor":49,"turns":4},{"damage":26,"enemies":"Time Eater","floor":51,"turns":10},{"damage":69,"enemies":"Shield and Spear","floor":55,"turns":5},{"damage":33,"enemies":"The Heart","floor":56,"turns":2}],"seed_played":"-625909338730576422","potions_obtained":[{"floor":1,"key":"Dota2Spire:HealingSalve"},{"floor":7,"key":"AttackPotion"},{"floor":8,"key":"Fire Potion"},{"floor":19,"key":"PowerPotion"},{"floor":28,"key":"Energy Potion"},{"floor":29,"key":"SkillPotion"},{"floor":40,"key":"FocusPotion"},{"floor":55,"key":"Fire Potion"}],"is_trial":false,"path_per_floor":["M","?","$","?","?","R","M","E","T","R","E","M","M","M","R","R","B",null,"M","M","?","M","$","R","E","M","T","M","E","$","M","T","R","B",null,"M","?","M","?","M","R","E","R","T","R","M","E","M","M","R","B",null,"R","$","E","B"],"character_chosen":"DEFECT","items_purchased":["Cold Snap","OrangePellets","Glacier","Storm","Lantern"],"campfire_rested":0,"item_purchase_floors":[3,23,23,23,54],"current_hp_per_floor":[68,68,68,53,58,58,58,58,58,58,51,51,48,44,44,44,42,71,74,64,48,44,59,59,69,77,77,80,80,80,80,80,80,67,77,80,80,80,80,80,80,75,75,75,75,80,80,80,72,72,56,74,74,80,21,0,0],"gold":172,"neow_bonus":"THREE_ENEMY_KILL","is_daily":false,"chose_seed":false,"campfire_upgraded":10,"win_rate":0.0,"timestamp":1611159081,"path_taken":["M","?","$","?","?","R","?","E","T","R","E","M","M","M","R","R","BOSS","M","?","?","M","$","R","E","M","T","M","E","$","M","?","R","BOSS","M","?","?","?","M","R","E","R","T","R","M","E","M","M","R","BOSS","R","$","E","BOSS"],"items_purchased_type":["Card","Relic","Card","Card","Relic"],"build_version":"2020-12-22","purchased_purges":2,"victory":false,"max_hp_per_floor":[75,75,75,75,80,80,80,80,80,80,80,80,80,80,80,80,80,80,80,80,80,80,80,80,80,80,80,80,80,80,80,80,80,80,80,80,80,80,80,80,80,80,80,80,80,80,80,80,80,80,80,80,80,80,80,80,80],"card_choices":[{"not_picked":["Capacitor","Tempest"],"picked":"Doom and Gloom","floor":1},{"not_picked":["Compile Driver","Darkness"],"picked":"Sweeping Beam","floor":7},{"not_picked":["Stack","Steam"],"picked":"Undo","floor":8},{"not_picked":["Turbo","Compile Driver"],"picked":"Self Repair","floor":11},{"not_picked":["Undo","Barrage"],"picked":"Ball Lightning","floor":12},{"not_picked":["Steam","Static Discharge"],"picked":"Defragment","floor":13},{"not_picked":["Consume","Heatsinks"],"picked":"BootSequence","floor":14},{"not_picked":["Machine Learning","Seek"],"picked":"Core Surge","floor":17},{"not_picked":["Stack","Doom and Gloom","Steam"],"picked":"SKIP","floor":19},{"not_picked":["Tempest+1","Beam Cell"],"picked":"Compile Driver","floor":20},{"not_picked":["Ball Lightning+1","Undo"],"picked":"White Noise","floor":22},{"not_picked":["Darkness","Doom and Gloom","Leap"],"picked":"SKIP","floor":25},{"not_picked":["Conserve Battery","Leap+1"],"picked":"Storm","floor":26},{"not_picked":["Beam Cell","Conserve Battery"],"picked":"White Noise+1","floor":28},{"not_picked":["Ball Lightning","Tempest+1"],"picked":"Glacier","floor":29},{"not_picked":["Recycle","Sunder","Stack"],"picked":"SKIP","floor":31},{"not_picked":["Biased Cognition","Thunder Strike"],"picked":"Creative AI","floor":34},{"not_picked":["Leap","Steam","Compile Driver"],"picked":"SKIP","floor":36},{"not_picked":["Skim","Streamline","Go for the Eyes"],"picked":"SKIP","floor":38},{"not_picked":["Self Repair","Sunder+1"],"picked":"Lockon","floor":40},{"not_picked":["Turbo+1","Cold Snap","Creative AI"],"picked":"SKIP","floor":42},{"not_picked":["Cold Snap","Creative AI"],"picked":"Turbo+1","floor":42},{"not_picked":["Compile Driver+1","Gash","Rebound"],"picked":"SKIP","floor":46},{"not_picked":["Beam Cell","Redo+1","Tempest"],"picked":"SKIP","floor":47},{"not_picked":["Rip and Tear","Redo"],"picked":"Coolheaded","floor":48},{"not_picked":["Steam","Conserve Battery","Self Repair"],"picked":"SKIP","floor":49},{"not_picked":["Turbo+1","Compile Driver+1","Leap+1"],"picked":"SKIP","floor":55}],"player_experience":2306787,"relics_obtained":[{"floor":8,"key":"MealTicket"},{"floor":11,"key":"Oddly Smooth Stone"},{"floor":21,"key":"Enchiridion"},{"floor":25,"key":"Dota2Spire:OctarineCore"},{"floor":27,"key":"Dota2Spire:PhaseBoots"},{"floor":29,"key":"Dota2Spire:EtherealBlade"},{"floor":32,"key":"Dota2Spire:MaskOfMadness"},{"floor":42,"key":"Pen Nib"},{"floor":44,"key":"Gremlin Horn"},{"floor":47,"key":"MawBank"},{"floor":55,"key":"Gambling Chip"}],"event_choices":[{"cards_removed":["Strike_B"],"damage_healed":0,"gold_gain":0,"player_choice":"Card Removal","damage_taken":0,"max_hp_gain":0,"max_hp_loss":0,"event_name":"The Cleric","floor":2,"gold_loss":50},{"damage_healed":0,"gold_gain":0,"player_choice":"Entered Light","damage_taken":15,"max_hp_gain":0,"max_hp_loss":0,"event_name":"Shining Light","floor":4,"gold_loss":0,"cards_upgraded":["Dualcast","Defend_B"]},{"damage_healed":0,"gold_gain":0,"player_choice":"Donut","damage_taken":0,"max_hp_gain":5,"max_hp_loss":0,"event_name":"Big Fish","floor":5,"gold_loss":0},{"damage_healed":0,"gold_gain":0,"player_choice":"Obtained Book","damage_taken":16,"max_hp_gain":0,"max_hp_loss":0,"event_name":"Cursed Tome","floor":21,"gold_loss":0},{"damage_healed":0,"gold_gain":0,"player_choice":"Copied","damage_taken":0,"max_hp_gain":0,"max_hp_loss":0,"event_name":"Duplicator","floor":37,"gold_loss":0,"cards_obtained":["Defragment"]},{"damage_healed":0,"gold_gain":0,"player_choice":"Ignored","damage_taken":0,"max_hp_gain":0,"max_hp_loss":0,"event_name":"Tomb of Lord Red Mask","floor":39,"gold_loss":0}],"is_beta":false,"boss_relics":[{"not_picked":["Empty Cage","Coffee Dripper"],"picked":"Nuclear Battery"},{"not_picked":["Velvet Choker","Busted Crown"],"picked":"Runic Pyramid"}],"items_purged_floors":[30,54],"is_endless":false,"potions_floor_spawned":[1,7,8,19,28,29,31,40,46,48,49,55],"killed_by":"The Heart","ascension_level":13}}