{"host":"vumwfieg2b2mnrfl","time":1611165588,"event":{"mods":["AchievementEnabler","BaseMod","Minty Spire (QoL Compilation)","Rare Cards Sparkle","Relic Stats"],"gold_per_floor":[118,135,135,91,91,120,131,156,156,166,166,166,166,232,232,232,232],"floor_reached":16,"language":"ENG","playtime":392,"items_purged":[],"score":200,"play_id":"a633e2d9-9c0e-444c-ab91-9776cb494a2c","local_time":"20210120115948","is_ascension_mode":true,"campfire_choices":[{"floor":11,"key":"REST"},{"floor":13,"key":"REST"},{"data":"Bash","floor":15,"key":"SMITH"}],"circlet_count":0,"master_deck":["AscendersBane","Strike_R+1","Strike_R","Strike_R","Strike_R","Strike_R","Defend_R","Defend_R","Defend_R","Defend_R","Bash+1","Sword Boomerang+1","Headbutt","Feel No Pain","Clothesline","Offering","Battle Trance+1"],"relics":["Philosopher\u0027s Stone","Tiny Chest","Bird Faced Urn","Toxic Egg 2"],"acts_visited":["Exordium"],"potions_floor_usage":[6,8],"damage_taken":[{"damage":5.0,"enemies":"2 Louse","floor":1.0,"turns":3.0},{"damage":2.0,"enemies":"Cultist","floor":2.0,"turns":3.0},{"damage":9,"enemies":"Gremlin Nob","floor":6,"turns":3},{"damage":0,"enemies":"Small Slimes","floor":7,"turns":2},{"damage":34,"enemies":"3 Sentries","floor":8,"turns":8},{"damage":9,"enemies":"Looter","floor":10,"turns":3},{"damage":44,"enemies":"Slime Boss","floor":16,"turns":8}],"seed_played":"8078400295826720795","potions_obtained":[{"floor":1.0,"key":"LiquidMemories"},{"floor":2.0,"key":"Regen Potion"},{"floor":10,"key":"SpeedPotion"}],"is_trial":false,"path_per_floor":["M","M","?","$","?","E","M","E","T","M","R","?","R","?","R","B"],"character_chosen":"IRONCLAD","items_purchased":["Feel No Pain"],"campfire_rested":2,"item_purchase_floors":[4],"current_hp_per_floor":[63,61,50,50,50,41,41,22,22,13,35,12,34,34,34,0,0],"gold":232,"neow_bonus":"BOSS_RELIC","is_daily":false,"chose_seed":false,"campfire_upgraded":1,"win_rate":0.0,"timestamp":1611165588,"path_taken":["M","M","?","?","?","E","M","E","T","M","R","?","R","?","R","BOSS"],"items_purchased_type":["Card"],"build_version":"2020-12-22","purchased_purges":0,"victory":false,"max_hp_per_floor":[75,75,75,75,75,75,75,75,75,75,75,75,75,75,75,75,75],"relic_stats":{"counters":[7,30],"Bird Faced Urn":[2],"Tiny Chest":0,"obtain_stats":[{"Bird Faced Urn":8,"Philosopher\u0027s Stone":0,"Tiny Chest":6,"Toxic Egg 2":9,"Burning Blood":0},{"Bird Faced Urn":5,"Philosopher\u0027s Stone":0,"Tiny Chest":3,"Toxic Egg 2":5,"Burning Blood":0},{"Bird Faced Urn":19,"Philosopher\u0027s Stone":0,"Tiny Chest":9,"Toxic Egg 2":19,"Burning Blood":0}]},"card_choices":[{"not_picked":["Bloodletting","Anger"],"picked":"Sword Boomerang","floor":1.0},{"not_picked":["Second Wind","Sword Boomerang"],"picked":"Headbutt","floor":2.0},{"not_picked":["Dark Embrace","Reckless Charge"],"picked":"Clothesline","floor":6},{"not_picked":["Clash","Warcry","Twin Strike"],"picked":"SKIP","floor":7},{"not_picked":["Searing Blow","Flex"],"picked":"Offering","floor":8},{"not_picked":["Heavy Blade","Whirlwind"],"picked":"Battle Trance+1","floor":10}],"player_experience":445408,"relics_obtained":[{"floor":6,"key":"Tiny Chest"},{"floor":8,"key":"Bird Faced Urn"},{"floor":9,"key":"Toxic Egg 2"}],"event_choices":[{"damage_healed":0.0,"max_hp_gain":0.0,"max_hp_loss":0.0,"gold_gain":0.0,"event_name":"Wheel of Change","player_choice":"Damaged","floor":3.0,"gold_loss":0.0,"damage_taken":11.0},{"damage_healed":0,"gold_gain":0,"player_choice":"Fled","damage_taken":0,"max_hp_gain":0,"max_hp_loss":0,"event_name":"Scrap Ooze","floor":5,"gold_loss":0},{"damage_healed":0,"gold_gain":0,"player_choice":"Entered Light","damage_taken":23,"max_hp_gain":0,"max_hp_loss":0,"event_name":"Shining Light","floor":12,"gold_loss":0,"cards_upgraded":["Sword Boomerang","Strike_R"]},{"damage_healed":0,"gold_gain":66,"player_choice":"Gained Gold","damage_taken":0,"max_hp_gain":0,"max_hp_loss":0,"event_name":"Golden Wing","floor":14,"gold_loss":0}],"is_beta":false,"boss_relics":[],"items_purged_floors":[],"is_endless":false,"potions_floor_spawned":[1,2,10],"killed_by":"Slime Boss","ascension_level":17}}