{"host":"4ds5yl49ymgfvnyz","time":1611179994,"event":{"mods":["BaseMod","Hubris","Infinite Spire","Minty Spire (QoL Compilation)","Replay The Spire","Robot Space Explorer","StSLib","The Construct","The Disciple"],"gold_per_floor":[111,111,111,130,130,165,165,181,230,230,155,155,130,149,149,250,250,260,271,171,185,203,203,203,203,227,242,242,267,367,367,367,380,380,476,476,493,493,493,493,504,504,504,504],"floor_reached":43,"language":"ENG","playtime":2011,"items_purged":["RobotSpaceExplorer:Strike","RobotSpaceExplorer:Defend","RobotSpaceExplorer:Defend"],"score":444,"play_id":"550e48ff-3914-4de3-8648-04c019cbc60b","local_time":"20210120165954","is_ascension_mode":false,"campfire_choices":[{"floor":7,"key":"RECALL"},{"data":"RobotSpaceExplorer:Electroshield","floor":12,"key":"SMITH"},{"data":"RobotSpaceExplorer:Strike","floor":15,"key":"PURGE"},{"data":"RobotSpaceExplorer:BigMissile","floor":23,"key":"SMITH"},{"data":"infinitespire:FutureSight","floor":25,"key":"SMITH"},{"floor":28,"key":"REST"},{"data":"RobotSpaceExplorer:SurgingStrike","floor":42,"key":"SMITH"}],"circlet_count":0,"master_deck":["RobotSpaceExplorer:Strike","RobotSpaceExplorer:Strike","RobotSpaceExplorer:Defend","RobotSpaceExplorer:Scan","RobotSpaceExplorer:MiniLasers+1","RobotSpaceExplorer:Pulsar+1","RobotSpaceExplorer:StunGrenade+1","RobotSpaceExplorer:Electroshield+1","RobotSpaceExplorer:IronShell+1","RobotSpaceExplorer:SurgingStrike+1","RobotSpaceExplorer:BigMissile+1","RobotSpaceExplorer:HighVoltage","RobotSpaceExplorer:Smokescreen","RobotSpaceExplorer:ShovelStrike+1","RobotSpaceExplorer:ShovelStrike+1","infinitespire:Starlight+1","infinitespire:FutureSight+1","RobotSpaceExplorer:PlasmaMissile+1"],"relics":["RobotSpaceExplorer:RoboCore","NeowsBlessing","hubris:Icosahedron","Centennial Puzzle","construct:WeddingRing","Replay:Baseball","Mirror","SlaversCollar"],"acts_visited":["Exordium","TheCity","TheBeyond"],"potions_floor_usage":[16,29,35,43],"damage_taken":[{"damage":0,"enemies":"Jaw Worm","floor":1,"turns":1},{"damage":0,"enemies":"2 Louse","floor":4,"turns":1},{"damage":0,"enemies":"3 Sentries","floor":6,"turns":1},{"damage":1,"enemies":"Cultist","floor":8,"turns":4},{"damage":0,"enemies":"3 Louse","floor":14,"turns":3},{"damage":20,"enemies":"The Guardian","floor":16,"turns":18},{"damage":3,"enemies":"Shell Parasite","floor":18,"turns":8},{"damage":14,"enemies":"2 Thieves","floor":19,"turns":3},{"damage":15,"enemies":"Snecko","floor":21,"turns":5},{"damage":5,"enemies":"Chosen and Byrds","floor":22,"turns":3},{"damage":9,"enemies":"Snake Plant","floor":27,"turns":3},{"damage":14,"enemies":"Gremlin Leader","floor":29,"turns":5},{"damage":14,"enemies":"Shelled Parasite and Fungi","floor":33,"turns":4},{"damage":64,"enemies":"Champ","floor":35,"turns":13},{"damage":16,"enemies":"3 Darklings","floor":37,"turns":5},{"damage":4,"enemies":"Orb Walker","floor":41,"turns":4},{"damage":105,"enemies":"Giant Head","floor":43,"turns":10}],"seed_played":"-3618582060914115559","potions_obtained":[{"floor":1,"key":"SneckoOil"},{"floor":8,"key":"SpeedPotion"},{"floor":14,"key":"Dexterity Potion"},{"floor":19,"key":"AttackPotion"},{"floor":27,"key":"Strength Potion"},{"floor":35,"key":"Weak Potion"}],"is_trial":false,"path_per_floor":["M","?","?","M","?","E","R","M","T","?","$","R","$","M","R","B",null,"M","M","$","M","M","R","AVR","R","T","M","R","E","?","PTL","PTL","M","R","B",null,"M","?","$","?","M","R","E"],"character_chosen":"RobotSpaceExplorer","items_purchased":["RobotSpaceExplorer:SurgingStrike"],"campfire_rested":1,"item_purchase_floors":[13],"current_hp_per_floor":[75,75,75,75,60,60,60,59,59,59,59,59,59,59,59,39,75,72,58,58,43,38,38,38,38,38,39,61,47,47,47,47,33,55,6,75,70,70,65,65,71,71,0,0],"gold":504,"neow_bonus":"THREE_ENEMY_KILL","is_daily":false,"chose_seed":false,"campfire_upgraded":4,"win_rate":0.0,"timestamp":1611179994,"path_taken":["M","?","?","?","?","E","R","M","T","?","$","R","?","M","R","BOSS","M","M","$","M","M","R","AVR","R","T","M","R","E","?","PTL","PTL","M","R","BOSS","M","?","?","?","M","R","E"],"items_purchased_type":["Card"],"build_version":"2020-12-22","purchased_purges":3,"victory":false,"max_hp_per_floor":[75,75,75,75,75,75,75,75,75,75,75,75,75,75,75,75,75,75,75,75,75,75,75,75,75,75,75,75,75,75,75,75,75,75,75,75,75,75,75,75,75,75,75,75],"card_choices":[{"not_picked":["RobotSpaceExplorer:StunGrenade","RobotSpaceExplorer:FranticSearch"],"picked":"RobotSpaceExplorer:Pulsar","floor":1},{"not_picked":["RobotSpaceExplorer:SurgingStrike","RobotSpaceExplorer:BigMissile"],"picked":"RobotSpaceExplorer:StunGrenade","floor":4},{"not_picked":["RobotSpaceExplorer:ImprovisedAttack","RobotSpaceExplorer:FranticSearch"],"picked":"RobotSpaceExplorer:Electroshield","floor":6},{"not_picked":["RobotSpaceExplorer:MiniDrones","RobotSpaceExplorer:SurgingShield"],"picked":"RobotSpaceExplorer:IronShell","floor":8},{"not_picked":["RobotSpaceExplorer:ImprovisedAttack","RobotSpaceExplorer:Probe"],"picked":"RobotSpaceExplorer:BigMissile","floor":14},{"not_picked":["RobotSpaceExplorer:BlastShield","RobotSpaceExplorer:Autoloader"],"picked":"RobotSpaceExplorer:HighVoltage","floor":16},{"not_picked":["RobotSpaceExplorer:ScrapToss","RobotSpaceExplorer:ShockKick"],"picked":"RobotSpaceExplorer:Smokescreen","floor":18},{"not_picked":["RobotSpaceExplorer:StunGrenade","RobotSpaceExplorer:FrostMissile"],"picked":"RobotSpaceExplorer:ShovelStrike+1","floor":19},{"not_picked":["RobotSpaceExplorer:Smokescreen","RobotSpaceExplorer:Pulsar"],"picked":"RobotSpaceExplorer:ShovelStrike+1","floor":21},{"not_picked":["RobotSpaceExplorer:ImprovisedAttack","RobotSpaceExplorer:Pulsar","RobotSpaceExplorer:JunkDive"],"picked":"SKIP","floor":22},{"not_picked":["RobotSpaceExplorer:Calculate","RobotSpaceExplorer:StarLightning"],"picked":"RobotSpaceExplorer:PlasmaMissile+1","floor":27},{"not_picked":["RobotSpaceExplorer:ScrapShield+1","RobotSpaceExplorer:SurgingStrike","RobotSpaceExplorer:StarLightning"],"picked":"SKIP","floor":29},{"not_picked":["RobotSpaceExplorer:TurboDodge","RobotSpaceExplorer:Ammunition","RobotSpaceExplorer:ScrapMissile"],"picked":"SKIP","floor":33},{"not_picked":["RobotSpaceExplorer:Calculate","RobotSpaceExplorer:Probe+1","RobotSpaceExplorer:Blitz+1"],"picked":"SKIP","floor":37},{"not_picked":["RobotSpaceExplorer:SwiftStep","RobotSpaceExplorer:ImprovisedAttack+1","RobotSpaceExplorer:Ammunition+1"],"picked":"SKIP","floor":41}],"player_experience":74686,"relics_obtained":[{"floor":6,"key":"Centennial Puzzle"},{"floor":26,"key":"Replay:Baseball"},{"floor":29,"key":"Mirror"}],"event_choices":[{"damage_healed":0,"gold_gain":0,"player_choice":"Forge","damage_taken":0,"max_hp_gain":0,"max_hp_loss":0,"event_name":"Accursed Blacksmith","floor":3,"gold_loss":0,"cards_upgraded":["RobotSpaceExplorer:Pulsar"]},{"damage_healed":0,"gold_gain":0,"player_choice":"Entered Light","damage_taken":15,"max_hp_gain":0,"max_hp_loss":0,"event_name":"Shining Light","floor":5,"gold_loss":0,"cards_upgraded":["RobotSpaceExplorer:MiniLasers","RobotSpaceExplorer:StunGrenade"]},{"damage_healed":0,"gold_gain":100,"player_choice":"Pray","damage_taken":0,"max_hp_gain":0,"max_hp_loss":0,"event_name":"Golden Shrine","floor":30,"gold_loss":0},{"cards_removed":["RobotSpaceExplorer:Defend"],"damage_healed":0,"gold_gain":0,"player_choice":"Offered Basic","damage_taken":0,"max_hp_gain":0,"max_hp_loss":0,"event_name":"Bonfire Elementals","floor":38,"gold_loss":0},{"damage_healed":0,"gold_gain":0,"player_choice":"Ignored","damage_taken":0,"max_hp_gain":0,"max_hp_loss":0,"event_name":"SecretPortal","floor":40,"gold_loss":0}],"is_beta":false,"boss_relics":[{"not_picked":["Ectoplasm","RobotSpaceExplorer:Reprocessor"],"picked":"construct:WeddingRing"},{"not_picked":["Coffee Dripper","ChewingGum"],"picked":"SlaversCollar"}],"items_purged_floors":[11,20,39],"is_endless":false,"potions_floor_spawned":[1,8,14,19,21,27,35],"killed_by":"Giant Head","ascension_level":0}}