{"host":"eqvoimh73njwfgdh","time":1611155745,"event":{"mods":["AchievementEnabler","BaseMod","Better Altar","Better Match","Better Note","Better Sensory Stone","Better Skull","Better Third Choice","BetterRewards","Colored Powertips","Conspire","Energized Spire","Halation","Hubris","Infinite Spire","Minty Spire (QoL Compilation)","Permanent Neow","Rare Cards Sparkle","Relic Stats","Replay The Spire","Spicy Shops","StSLib","The Animator","The Blue Laboratory","vexMod"],"gold_per_floor":[125,152,127,180,209,209,23,59,83,83,109,140,240,281,281,297,297],"floor_reached":16,"language":"ENG","playtime":838,"items_purged":[],"score":138,"play_id":"0f04f6be-befa-4f49-a87b-a4f1f89ba2a1","local_time":"20210120161545","is_ascension_mode":true,"campfire_choices":[{"floor":10,"key":"RECALL"},{"floor":15,"key":"REST"}],"circlet_count":0,"master_deck":["animator:Strike_GoblinSlayer","animator:Defend_GoblinSlayer","animator:Strike","animator:Strike","animator:Strike","animator:Defend","animator:Defend","animator:Defend","animator:LizardPriest","animator:DwarfShaman","animator:Arpeggio","animator:HiiragiShinya","animator:Emonzaemon","animator:Sonic","animator:Biyorigo","Hallucinations","hubris:DuctTapeCard","animator:Emonzaemon","animator:WinryRockbell","animator:Eris"],"relics":["animator:LivingPicture","animator:TheMissingPiece","animator:PurgingStone","Replay:Bandana","animator:CerealBox","conspire:Flyswatter","Ring of Fury","Replay:Rubber Ducky","animator:CursedGlyph","hubris:DuctTape","halation:LettersToHer","animator:ShionDessert","MealTicket"],"acts_visited":["Exordium"],"potions_floor_usage":[14,14,16,16],"damage_taken":[{"damage":1,"enemies":"Jaw Worm","floor":1,"turns":4},{"damage":8,"enemies":"2 Louse","floor":2,"turns":3},{"damage":0,"enemies":"conspire:RoseBush","floor":5,"turns":4},{"damage":5,"enemies":"Lagavulin","floor":8,"turns":6},{"damage":14,"enemies":"Blue Slaver","floor":11,"turns":3},{"damage":15,"enemies":"conspire:2 RoseBushes","floor":12,"turns":5},{"damage":19,"enemies":"Gremlin Nob","floor":14,"turns":4},{"damage":28,"enemies":"Hexaghost","floor":16,"turns":7}],"seed_played":"4036848329659850812","potions_obtained":[{"floor":1,"key":"PowerPotion"},{"floor":8,"key":"Languid Potion"},{"floor":11,"key":"Strength Potion"},{"floor":14,"key":"blueLaboratory:PolymorphPotion"}],"is_trial":false,"path_per_floor":["M","M","?","?","M","?","$","E","T","R","M","M","?","E","R","B"],"character_chosen":"THE_ANIMATOR","items_purchased":["Replay:Rubber Ducky","animator:Lancer"],"campfire_rested":1,"item_purchase_floors":[7,7],"current_hp_per_floor":[65,57,65,39,39,39,39,34,34,54,40,25,25,6,24,0,0],"gold":297,"neow_bonus":"RANDOM_COMMON_RELIC","is_daily":false,"chose_seed":false,"campfire_upgraded":0,"win_rate":0.0,"timestamp":1611155745,"path_taken":["M","M","?","?","M","?","?","E","T","R","?","?","?","E","R","BOSS"],"items_purchased_type":["Relic","Card"],"build_version":"2020-12-22","purchased_purges":0,"victory":false,"max_hp_per_floor":[66,66,66,66,66,66,66,62,62,62,62,62,62,62,62,62,62],"relic_stats":{"counters":[8,35],"MealTicket":0,"obtain_stats":[{"animator:CursedGlyph":8,"animator:ShionDessert":12,"hubris:DuctTape":8,"animator:TheMissingPiece":0,"animator:CerealBox":3,"Replay:Rubber Ducky":7,"Replay:Bandana":0,"animator:PurgingStone":0,"Ring of Fury":6,"MealTicket":14,"animator:LivingPicture":0,"halation:LettersToHer":9,"conspire:Flyswatter":4},{"animator:CursedGlyph":4,"animator:ShionDessert":6,"hubris:DuctTape":4,"animator:TheMissingPiece":0,"animator:CerealBox":2,"Replay:Rubber Ducky":3,"Replay:Bandana":0,"animator:PurgingStone":0,"Ring of Fury":3,"MealTicket":7,"animator:LivingPicture":0,"halation:LettersToHer":4,"conspire:Flyswatter":2},{"animator:CursedGlyph":16,"animator:ShionDessert":24,"hubris:DuctTape":16,"animator:TheMissingPiece":0,"animator:CerealBox":7,"Replay:Rubber Ducky":10,"Replay:Bandana":0,"animator:PurgingStone":0,"Ring of Fury":10,"MealTicket":28,"animator:LivingPicture":0,"halation:LettersToHer":16,"conspire:Flyswatter":7}]},"card_choices":[{"not_picked":["animator:Demiurge","animator:Millim"],"picked":"animator:Arpeggio","floor":1},{"not_picked":["animator:Sloth","animator:Alexander"],"picked":"animator:HiiragiShinya","floor":2},{"not_picked":["animator:Berserker","animator:MumenRider"],"picked":"animator:Emonzaemon","floor":4},{"not_picked":["animator:Hitei","animator:DolaStephanie"],"picked":"animator:Sonic","floor":4},{"not_picked":["animator:Yuuichirou","animator:Shigure"],"picked":"animator:Biyorigo","floor":5},{"not_picked":["animator:DwarfShaman","animator:CowGirl"],"picked":"animator:Hero","floor":8},{"not_picked":["animator:Konayuki","animator:Laby"],"picked":"animator:Emonzaemon","floor":11},{"not_picked":["animator:Millim","animator:Shion"],"picked":"animator:WinryRockbell","floor":12},{"not_picked":["animator:HighElfArcher","animator:Rider"],"picked":"animator:Eris","floor":14}],"player_experience":144416,"relics_obtained":[{"floor":4,"key":"conspire:Flyswatter"},{"floor":6,"key":"Ring of Fury"},{"floor":8,"key":"animator:CursedGlyph"},{"floor":8,"key":"hubris:DuctTape"},{"floor":9,"key":"halation:LettersToHer"},{"floor":12,"key":"animator:ShionDessert"},{"floor":14,"key":"MealTicket"}],"event_choices":[{"damage_healed":0,"gold_gain":100,"player_choice":"Pray","damage_taken":0,"max_hp_gain":0,"max_hp_loss":0,"event_name":"Golden Shrine","floor":13,"gold_loss":0}],"is_beta":false,"boss_relics":[],"items_purged_floors":[],"is_endless":false,"potions_floor_spawned":[1,8,11,14],"killed_by":"Hexaghost","ascension_level":5}}