{"host":"d9m9v0h6vo0edadb","time":1611150164,"event":{"mods":["BaseMod","Hermit","Keyboard Shortcuts","Minty Spire (QoL Compilation)","StSLib","SuperFastMode","The Cursed"],"gold_per_floor":[119,44,44,44,55,86,86,98,98,131,141,160,178,191,191,270,270,246,246,246],"floor_reached":19,"language":"KOR","playtime":264,"items_purged":["Strike_G"],"score":462,"play_id":"21697284-b836-47c6-9162-052feddb51f9","local_time":"20210120224244","is_ascension_mode":true,"campfire_choices":[{"data":"Blade Dance","floor":7,"key":"SMITH"},{"data":"Dagger Throw","floor":15,"key":"SMITH"}],"circlet_count":0,"master_deck":["AscendersBane","Strike_G","Strike_G","Strike_G","Strike_G","Defend_G","Defend_G","Defend_G","Defend_G","Defend_G","Survivor","Neutralize","Terror+1","Masterful Stab","Blade Dance+1","Dagger Throw+1","Burst","Backflip"],"relics":["Ring of the Snake","NeowsBlessing","Unceasing Top","Frozen Egg 2","Nunchaku","HoveringKite"],"acts_visited":["Exordium","TheCity"],"potions_floor_usage":[10,13,16,16],"damage_taken":[{"damage":0,"enemies":"Cultist","floor":1,"turns":1},{"damage":0,"enemies":"Jaw Worm","floor":5,"turns":1},{"damage":0,"enemies":"3 Sentries","floor":6,"turns":1},{"damage":4,"enemies":"Small Slimes","floor":8,"turns":2},{"damage":0,"enemies":"Lagavulin","floor":10,"turns":4},{"damage":0,"enemies":"Red Slaver","floor":11,"turns":3},{"damage":3,"enemies":"3 Louse","floor":12,"turns":2},{"damage":7,"enemies":"Exordium Thugs","floor":13,"turns":3},{"damage":18,"enemies":"Exordium Wildlife","floor":14,"turns":5},{"damage":15,"enemies":"Slime Boss","floor":16,"turns":8},{"damage":8,"enemies":"2 Thieves","floor":18,"turns":4},{"damage":17,"enemies":"Spheric Guardian","floor":19,"turns":4}],"seed_played":"3253207113857665904","potions_obtained":[{"floor":1,"key":"DuplicationPotion"},{"floor":6,"key":"Dexterity Potion"},{"floor":11,"key":"AttackPotion"},{"floor":13,"key":"CultistPotion"},{"floor":18,"key":"EntropicBrew"}],"is_trial":false,"path_per_floor":["M","$","?","$","M","E","R","M","T","E","M","M","M","M","R","B",null,"M","M"],"character_chosen":"THE_SILENT","items_purchased":[],"campfire_rested":0,"item_purchase_floors":[],"current_hp_per_floor":[59,59,59,59,59,59,59,55,55,55,55,52,45,27,27,12,53,45,28,28],"gold":246,"neow_bonus":"THREE_ENEMY_KILL","is_daily":false,"chose_seed":false,"campfire_upgraded":2,"win_rate":0.0,"timestamp":1611150164,"path_taken":["M","$","?","$","M","E","R","M","T","E","M","M","M","M","R","BOSS","M","M"],"items_purchased_type":[],"build_version":"2020-12-22","purchased_purges":1,"victory":false,"max_hp_per_floor":[66,66,66,66,66,66,66,66,66,66,66,66,66,66,66,66,66,66,66,66],"card_choices":[{"not_picked":["Choke","Quick Slash"],"picked":"Terror","floor":1},{"not_picked":["Well Laid Plans","Dodge and Roll"],"picked":"Masterful Stab","floor":5},{"not_picked":["Glass Knife","Distraction"],"picked":"Blade Dance","floor":6},{"not_picked":["Calculated Gamble","Dagger Spray","Deflect"],"picked":"SKIP","floor":8},{"not_picked":["Flying Knee","Outmaneuver"],"picked":"Dagger Throw","floor":10},{"not_picked":["Caltrops+1","Riddle With Holes","Deadly Poison"],"picked":"SKIP","floor":11},{"not_picked":["Underhanded Strike","Doppelganger","Flying Knee"],"picked":"SKIP","floor":12},{"not_picked":["Slice","Quick Slash","Catalyst"],"picked":"SKIP","floor":13},{"not_picked":["Bane","Underhanded Strike","Dodge and Roll"],"picked":"SKIP","floor":14},{"not_picked":["Unload","Glass Knife"],"picked":"Burst","floor":16},{"not_picked":["Sucker Punch","Slice"],"picked":"Backflip","floor":18}],"player_experience":982467,"relics_obtained":[{"floor":6,"key":"Unceasing Top"},{"floor":9,"key":"Frozen Egg 2"},{"floor":10,"key":"Nunchaku"}],"event_choices":[{"damage_healed":0,"gold_gain":0,"player_choice":"Forge","damage_taken":0,"max_hp_gain":0,"max_hp_loss":0,"event_name":"Accursed Blacksmith","floor":3,"gold_loss":0,"cards_upgraded":["Terror"]}],"is_beta":false,"boss_relics":[{"not_picked":["SlaversCollar","SacredBark"],"picked":"HoveringKite"}],"items_purged_floors":[2],"is_endless":false,"potions_floor_spawned":[1,6,11,13,14,18],"killed_by":"Spheric Guardian","ascension_level":20}}