{"host":"lh9qfzqeqctr28d2","time":1611123327,"event":{"mods":["BaseMod","Luminous","Minty Spire (QoL Compilation)","Quick Restart","Relic Stats","Remilia£®¿Ÿ√◊¿Ú—«£©","Replay The Spire","StSLib","Yakumo Yukari mod"],"gold_per_floor":[112,125,125,125,2,2,29,29,53,88,100,100,100,119,119,216,216,189,189,189,200,200,200,233,162,162,177,277,277,99,99,99,202,202,222,222,222,15,25,78,78,107,107,134,192,204,216,7,7,7],"floor_reached":51,"language":"ZHS","playtime":3547,"items_purged":["Regret","Gluttony_TH","Pot Of Greed"],"score":1395,"play_id":"1bdff5ae-37e6-4810-89a8-3b0294357d1c","local_time":"20210120141527","is_ascension_mode":true,"campfire_choices":[{"floor":6.0,"key":"RECALL"},{"floor":15.0,"key":"DIG"},{"data":"ScarletNetherworld","floor":23.0,"key":"SMITH"},{"data":"Pot Of Greed","floor":47,"key":"SMITH"},{"data":"Pot Of Greed","floor":49,"key":"SMITH"}],"circlet_count":0,"master_deck":["AscendersBane","Strike_RM+1","Strike_RM","Defend_RM","Defend_RM","Defend_RM+1","RedMoon","ScarletShoot","ForbiddenFruit+1","MastersStateliness+1","BloodHunter","MillenniumVampire+1","ScarletMeister+1","ScarletSymphony","ScarletNetherworld+1","TransientEternity+1","BloodyTrap+1","DiffusionOfMisfortune+1","ScarletCoffin+1","UnderTheZenith+1","TricksterDevil+1","ScarletMeister+1","MiserableFate","DiffusionOfMisfortune+1","ScarletImprint+1","TwelveNightmare+1","Discovery+1","ReincarnationDial","Pot Of Greed+1","Pot Of Greed+1","BloodHunter+1"],"relics":["ScarletHat","NeowsBlessing","Gungnir","HornCleat","Juzu Bracelet","Golden Egg","Pear","MealTicket","ReplayTheSpireMod:DimensionalGlitch","ReplayTheSpireMod:Ring of Challenge","Ring of Panic","Strawberry","Blood Vial","Replay:Bottled Snecko","Enchiridion","Snack Pack","Honey Jar","ReplayTheSpireMod:Ninjato","BargainBundle","The Courier","ReplayTheSpireMod:Shallot","Divine Protection","Grinning Jar","MawBank","Replay:Wax Seal","Mango","Guide Book"],"acts_visited":["Exordium","TheCity","TheBeyond"],"potions_floor_usage":[24,39,50,50],"damage_taken":[{"damage":0.0,"enemies":"Jaw Worm","floor":1.0,"turns":1.0},{"damage":0.0,"enemies":"2 Louse","floor":2.0,"turns":1.0},{"damage":0.0,"enemies":"Lagavulin","floor":7.0,"turns":1.0},{"damage":9.0,"enemies":"3 Sentries","floor":10.0,"turns":12.0},{"damage":0.0,"enemies":"Small Slimes","floor":11.0,"turns":8.0},{"damage":0.0,"enemies":"Exordium Thugs","floor":14.0,"turns":8.0},{"damage":51.0,"enemies":"Slime Boss","floor":16.0,"turns":10.0},{"damage":11.0,"enemies":"2 Thieves","floor":18.0,"turns":5.0},{"damage":22.0,"enemies":"3 Byrds","floor":21.0,"turns":8.0},{"damage":43,"enemies":"Book of Stabbing","floor":24,"turns":6},{"damage":4,"enemies":"Centurion and Healer","floor":27,"turns":8},{"damage":40,"enemies":"Champ","floor":33,"turns":14},{"damage":10,"enemies":"Orb Walker","floor":35,"turns":6},{"damage":0,"enemies":"3 Darklings","floor":39,"turns":3},{"damage":23,"enemies":"Nemesis","floor":40,"turns":7},{"damage":20,"enemies":"R_Hoarder","floor":42,"turns":5},{"damage":0,"enemies":"Giant Head","floor":44,"turns":6},{"damage":0,"enemies":"2 Orb Walkers","floor":45,"turns":1},{"damage":1,"enemies":"Time Eater","floor":50,"turns":7}],"seed_played":"528300554585220631","potions_obtained":[{"floor":1.0,"key":"EssenceOfSteel"},{"floor":2.0,"key":"DestinyDice"},{"floor":16.0,"key":"Block Potion"},{"floor":27,"key":"LiquidBronze"},{"floor":33,"key":"FearPotion"},{"floor":33,"key":"DistilledChaos"},{"floor":35,"key":"Block Potion"},{"floor":42,"key":"Block Potion"},{"floor":42,"key":"Swift Potion"},{"floor":44,"key":"Reflective Coating"},{"floor":44,"key":"Fire Potion"}],"is_trial":false,"path_per_floor":["M","M","?","?","$","R","E","?","T","E","M","?","T","M","R","B",null,"M","?","?","M","?","R","E","$","T","M","?","?","$","?","R","B",null,"M","?","?","$","M","E","?","E","T","E","?","?","R","$","R","B",null],"character_chosen":"REMILIA","items_purchased":["BloodHunter","ScarletCoffin","TricksterDevil","BargainBundle","DestinyDice","Guide Book"],"campfire_rested":0,"item_purchase_floors":[5,25,30,38,38,48],"current_hp_per_floor":[68,68,61,61,61,61,61,61,61,59,63,63,73,75,75,51,77,73,73,80,61,76,76,45,60,60,66,66,66,81,56,88,83,101,100,100,100,107,107,101,101,91,91,107,121,121,121,121,121,121],"gold":7,"neow_bonus":"THREE_ENEMY_KILL","is_daily":false,"chose_seed":false,"campfire_upgraded":3,"win_rate":0.0,"timestamp":1611123327,"path_taken":["M","M","?","?","?","R","E","?","T","E","M","?","?","M","R","BOSS","M","?","?","M","?","R","E","$","T","M","?","?","?","?","R","BOSS","M","?","?","$","M","E","?","E","T","E","?","?","R","$","R","BOSS"],"items_purchased_type":["Card","Card","Card","Relic","Potion","Relic"],"build_version":"2020-12-22","purchased_purges":3,"victory":true,"max_hp_per_floor":[75,75,75,75,75,75,75,75,75,75,75,75,85,85,85,85,85,85,85,92,92,107,107,107,107,107,107,107,107,107,107,107,107,107,107,107,107,107,107,107,107,107,107,107,121,121,121,121,121,121],"relic_stats":{"Blood Vial":5,"counters":[19,117],"MealTicket":37,"Juzu Bracelet":5,"MawBank":48,"obtain_stats":[{"Golden Egg":10,"Divine Protection":42,"Enchiridion":31,"Mango":45,"Juzu Bracelet":8,"ScarletHat":0,"Blood Vial":24,"HornCleat":7,"Strawberry":20,"Honey Jar":34,"MealTicket":15,"Replay:Bottled Snecko":26,"Ring of Panic":19,"Replay:Wax Seal":44,"BargainBundle":38,"Pear":13,"ReplayTheSpireMod:Ninjato":35,"NeowsBlessing":0,"Guide Book":48,"The Courier":40,"MawBank":44,"Gungnir":4,"ReplayTheSpireMod:Shallot":42,"Snack Pack":33,"ReplayTheSpireMod:Ring of Challenge":19,"Grinning Jar":43,"ReplayTheSpireMod:DimensionalGlitch":17},{"Golden Egg":4,"Divine Protection":16,"Enchiridion":11,"Mango":18,"Juzu Bracelet":3,"ScarletHat":0,"Blood Vial":10,"HornCleat":3,"Strawberry":8,"Honey Jar":12,"MealTicket":6,"Replay:Bottled Snecko":10,"Ring of Panic":8,"Replay:Wax Seal":17,"BargainBundle":13,"Pear":5,"ReplayTheSpireMod:Ninjato":13,"NeowsBlessing":0,"Guide Book":18,"The Courier":15,"MawBank":17,"Gungnir":2,"ReplayTheSpireMod:Shallot":16,"Snack Pack":12,"ReplayTheSpireMod:Ring of Challenge":8,"Grinning Jar":16,"ReplayTheSpireMod:DimensionalGlitch":7},{"Golden Egg":15,"Divine Protection":103,"Enchiridion":68,"Mango":110,"Juzu Bracelet":3,"ScarletHat":0,"Blood Vial":60,"HornCleat":3,"Strawberry":46,"Honey Jar":82,"MealTicket":31,"Replay:Bottled Snecko":60,"Ring of Panic":46,"Replay:Wax Seal":109,"BargainBundle":88,"Pear":23,"ReplayTheSpireMod:Ninjato":88,"NeowsBlessing":0,"Guide Book":110,"The Courier":98,"MawBank":109,"Gungnir":2,"ReplayTheSpireMod:Shallot":103,"Snack Pack":82,"ReplayTheSpireMod:Ring of Challenge":46,"Grinning Jar":103,"ReplayTheSpireMod:DimensionalGlitch":41}]},"card_choices":[{"not_picked":["AfternoonTea","UnstableMagic"],"picked":"ForbiddenFruit","floor":1.0},{"not_picked":["Stigmanizer","GlobalNightmare"],"picked":"MastersStateliness","floor":2.0},{"not_picked":["VampireSweep","UnderTheZenith"],"picked":"MillenniumVampire","floor":7.0},{"not_picked":["NightDance","EndlessAdversity"],"picked":"ScarletMeister","floor":10.0},{"not_picked":["ScarletImprint","ReincarnationDial"],"picked":"ScarletSymphony","floor":11.0},{"not_picked":["StarOfDavid","BombardNight"],"picked":"ScarletNetherworld","floor":14.0},{"not_picked":["DemonKingCradle","ForecastOfChange"],"picked":"TransientEternity","floor":16.0},{"not_picked":["RedRainbow+1","StarOfDavid"],"picked":"BloodyTrap+1","floor":18.0},{"not_picked":["Stigmanizer+1","ScarletImprint"],"picked":"DiffusionOfMisfortune+1","floor":21.0},{"not_picked":["BloodRain","UnstableMagic+1","VampireKiss"],"picked":"SKIP","floor":24},{"not_picked":["DiffusionOfMisfortune","RedRainbow+1"],"picked":"UnderTheZenith+1","floor":27},{"not_picked":["BloodyCatastrophe","CeilingFear"],"picked":"ScarletMeister","floor":33},{"not_picked":["ScarletGensokyo","DiffusionOfMisfortune+1","NightDance"],"picked":"MiserableFate","floor":35},{"not_picked":["NightDance","CharismaGuard+1","Maim+1"],"picked":"DiffusionOfMisfortune+1","floor":39},{"not_picked":["RedNightlessCastle+1","BloodyMagicSquare+1","GlobalNightmare"],"picked":"ScarletImprint+1","floor":40},{"not_picked":["HunterOfTheNight","Stigmanizer","BloodHunter"],"picked":"TwelveNightmare+1","floor":40},{"not_picked":["Dark Shackles","ReplayTheSpireMod:Uncanny Aura","Replay:Parry"],"picked":"Discovery","floor":41},{"not_picked":["StarOfDavid","AfternoonTea+1","UnderTheZenith+1"],"picked":"ReincarnationDial","floor":42},{"not_picked":["Septette","EquivalentExchange","RedNightlessCastle"],"picked":"MastersStateliness","floor":44},{"not_picked":["NightDance","EndlessAdversity+1","Maim"],"picked":"BloodHunter+1","floor":45}],"player_experience":439553,"relics_obtained":[{"floor":7.0,"key":"HornCleat"},{"floor":10.0,"key":"Golden Egg"},{"floor":13.0,"key":"Pear"},{"floor":15.0,"key":"MealTicket"},{"floor":19.0,"key":"ReplayTheSpireMod:Ring of Challenge"},{"floor":19.0,"key":"Ring of Panic"},{"floor":24,"key":"Blood Vial"},{"floor":26,"key":"Replay:Bottled Snecko"},{"floor":31,"key":"Enchiridion"},{"floor":33,"key":"Snack Pack"},{"floor":35,"key":"ReplayTheSpireMod:Ninjato"},{"floor":40,"key":"The Courier"},{"floor":42,"key":"ReplayTheSpireMod:Shallot"},{"floor":42,"key":"Divine Protection"},{"floor":43,"key":"Grinning Jar"},{"floor":44,"key":"MawBank"},{"floor":44,"key":"Replay:Wax Seal"},{"floor":45,"key":"Mango"}],"event_choices":[{"cards_removed":["Strike_RM"],"damage_healed":0.0,"max_hp_gain":0.0,"max_hp_loss":0.0,"gold_gain":0.0,"event_name":"Golden Wing","player_choice":"Card Removal","floor":3.0,"gold_loss":0.0,"damage_taken":7.0},{"damage_healed":0.0,"max_hp_gain":0.0,"max_hp_loss":0.0,"gold_gain":0.0,"event_name":"Big Fish","player_choice":"Box","floor":4.0,"gold_loss":0.0,"damage_taken":0.0,"relics_obtained":["Gungnir"],"cards_obtained":["Regret"]},{"damage_healed":0.0,"max_hp_gain":0.0,"max_hp_loss":0.0,"gold_gain":0.0,"event_name":"Dead Adventurer","player_choice":"Searched \u00271\u0027 times","floor":8.0,"gold_loss":0.0,"damage_taken":0.0,"relics_obtained":["Juzu Bracelet"]},{"damage_healed":0.0,"max_hp_gain":0.0,"max_hp_loss":0.0,"gold_gain":0.0,"event_name":"The Mausoleum","player_choice":"Opened","floor":20.0,"gold_loss":0.0,"damage_taken":0.0,"relics_obtained":["Strawberry"]},{"damage_healed":0,"gold_gain":100,"player_choice":"Pray","damage_taken":0,"max_hp_gain":0,"max_hp_loss":0,"event_name":"Golden Shrine","floor":28,"gold_loss":0},{"damage_healed":0,"gold_gain":0,"cards_transformed":["Strike_RM"],"player_choice":"Transformed","damage_taken":0,"max_hp_gain":0,"max_hp_loss":0,"event_name":"Transmorgrifier","floor":29,"gold_loss":0,"cards_obtained":["UltimateOffering"]},{"damage_healed":0,"gold_gain":0,"player_choice":"Obtained Book","damage_taken":16,"max_hp_gain":0,"max_hp_loss":0,"event_name":"Cursed Tome","floor":31,"gold_loss":0},{"cards_removed":["UltimateOffering"],"damage_healed":0,"gold_gain":0,"player_choice":"Purged","damage_taken":0,"max_hp_gain":0,"max_hp_loss":0,"event_name":"Purifier","floor":36,"gold_loss":0},{"damage_healed":0,"gold_gain":0,"player_choice":"Memory 1","damage_taken":0,"max_hp_gain":0,"max_hp_loss":0,"event_name":"SensoryStone","floor":41,"gold_loss":0},{"damage_healed":0,"gold_gain":0,"player_choice":"Fight","damage_taken":0,"max_hp_gain":0,"max_hp_loss":0,"event_name":"Mysterious Sphere","floor":45,"gold_loss":0},{"cards_removed":["MastersStateliness"],"damage_healed":0,"gold_gain":0,"player_choice":"Removed Power","damage_taken":0,"max_hp_gain":0,"max_hp_loss":0,"event_name":"Falling","floor":46,"gold_loss":0}],"is_beta":false,"boss_relics":[{"not_picked":["Replay:Drink Me","Replay:Grab Bag"],"picked":"ReplayTheSpireMod:DimensionalGlitch"},{"not_picked":["Velvet Choker","Calling Bell"],"picked":"Honey Jar"}],"items_purged_floors":[5,30,48],"is_endless":false,"potions_floor_spawned":[1,2,16,27,33,42,44],"ascension_level":11}}