{"host":"6h0diz2ap0m56grs","time":1611119894,"event":{"mods":["2.2 Compatiblity","BaseMod","Colored Map","Marisa????????","Minty Spire (QoL Compilation)","Quick Restart","Replay The Spire","Shop Mod","StSLib","The Servant 0.9.4"],"gold_per_floor":[114,124,134,134,134,165,194,228,277,308,308,340,371,371,371,466,466,479,809,483,151,151,184,212,239,239,239,239,239],"floor_reached":28,"language":"ENG","playtime":920,"items_purged":[],"score":465,"play_id":"c5b3d2b1-c1d2-46c3-9dfb-5f4c00e8c94c","local_time":"20210119231814","daily_mods":["SealedDeck","Heirloom","Time Dilation","Flight"],"is_ascension_mode":true,"campfire_choices":[{"data":"Defragment","floor":11,"key":"SMITH"},{"data":"BasicCrystalCard","floor":15,"key":"SMITH"},{"data":"Meteor Strike","floor":27,"key":"SMITH"}],"circlet_count":0,"master_deck":["Chill","Loop","BasicCrystalCard+1","Leap","Cold Snap","Cold Snap","BootSequence","Conserve Battery","Doom and Gloom","Defragment+1","Lockon","FIFO Queue+1","Glacier","Echo Form","Meteor Strike+1","Force Field","Glacier"],"relics":["Cracked Core","replay:Trail_Library","Dead Branch","Mirror","Juzu Bracelet","Happy Flower","Replay:Bottled Steam","Vajra","Snecko Eye","MerchantsRug","Bottled Tornado","Runic Capacitor","ReplayFunnel","Enchiridion","Gremlin Food","Pear","Lizard Tail","Quantum Egg"],"acts_visited":["Exordium","TheCity"],"potions_floor_usage":[18],"damage_taken":[{"damage":0,"enemies":"Cultist","floor":1,"turns":3},{"damage":0,"enemies":"Small Slimes","floor":2,"turns":2},{"damage":0,"enemies":"Jaw Worm","floor":3,"turns":3},{"damage":0,"enemies":"Lagavulin","floor":6,"turns":6},{"damage":0,"enemies":"Gremlin Nob","floor":7,"turns":5},{"damage":0,"enemies":"3 Sentries","floor":8,"turns":7},{"damage":0,"enemies":"Gremlin Nob","floor":10,"turns":4},{"damage":0,"enemies":"Lagavulin","floor":12,"turns":5},{"damage":5,"enemies":"3 Sentries","floor":13,"turns":5},{"damage":29,"enemies":"Slime Boss","floor":16,"turns":6},{"damage":13,"enemies":"3 Byrds","floor":18,"turns":2},{"damage":12,"enemies":"Book of Stabbing","floor":23,"turns":4},{"damage":8,"enemies":"Gremlin Leader","floor":24,"turns":4},{"damage":3,"enemies":"Replay:Snechameleon","floor":25,"turns":3},{"damage":0,"enemies":"Slavers","floor":28,"turns":1}],"seed_played":"2662246487106455630","potions_obtained":[{"floor":1,"key":"SmokeBomb"},{"floor":2,"key":"Cursed Concoction"},{"floor":6,"key":"PotionOfCapacity"},{"floor":8,"key":"LiquidBronze"},{"floor":10,"key":"Fire Potion"},{"floor":18,"key":"Adrenaline Potion"}],"is_trial":true,"path_per_floor":["M","M","M","?","?","E","E","E","T","E","R","E","E","?","R","B",null,"M","?","$","$","?","E","E","E","T","R","E"],"character_chosen":"DEFECT","items_purchased":["MerchantsRug","Meteor Strike","Bottled Tornado","Runic Capacitor","Force Field","ReplayFunnel"],"campfire_rested":0,"item_purchase_floors":[20,20,20,21,21,21],"current_hp_per_floor":[75,75,75,75,75,75,75,75,75,75,75,75,70,70,70,41,75,62,44,44,44,28,16,18,15,15,15,15,15],"gold":239,"neow_bonus":"","is_daily":false,"chose_seed":false,"campfire_upgraded":3,"win_rate":0.0,"timestamp":1611119894,"path_taken":["M","M","?","?","?","E","E","E","T","E","R","E","E","?","R","BOSS","M","?","$","$","?","E","E","E","T","R","E"],"items_purchased_type":["Relic","Card","Relic","Relic","Card","Relic"],"build_version":"2020-12-22","purchased_purges":0,"victory":false,"max_hp_per_floor":[75,75,75,75,75,75,75,75,75,75,75,75,75,75,75,75,75,75,75,75,75,75,75,85,85,85,85,85,85],"card_choices":[{"not_picked":["Barrage","Redo","Turbo"],"picked":"SKIP","floor":1},{"not_picked":["Rebound","Reprogram"],"picked":"Defragment","floor":2},{"not_picked":["Rebound","Aggregate"],"picked":"Lockon","floor":3},{"not_picked":["FIFO Queue","Redo","Panic Button"],"picked":"SKIP","floor":6},{"not_picked":["Redo","Static Discharge"],"picked":"Glacier","floor":7},{"not_picked":["Conserve Battery","Storm","Sweeping Beam"],"picked":"SKIP","floor":8},{"not_picked":["Go for the Eyes","Doom and Gloom"],"picked":"Echo Form","floor":10},{"not_picked":["Tempest","Compile Driver","ReplaySort"],"picked":"SKIP","floor":12},{"not_picked":["Stack","Gash","Static Discharge"],"picked":"SKIP","floor":13},{"not_picked":["Beam Cell","Heatsinks","Gash"],"picked":"SKIP","floor":18},{"not_picked":["Auto Shields+1","Sweeping Beam+1","Streamline"],"picked":"SKIP","floor":23},{"not_picked":["Genetic Algorithm+1","ReplaySort","Chill"],"picked":"SKIP","floor":24},{"not_picked":["Streamline","BasicCrystalCard","Steam"],"picked":"SKIP","floor":25}],"player_experience":216485,"relics_obtained":[{"floor":6,"key":"Blue Candle"},{"floor":7,"key":"Mirror"},{"floor":8,"key":"Juzu Bracelet"},{"floor":9,"key":"Happy Flower"},{"floor":10,"key":"Replay:Bottled Steam"},{"floor":12,"key":"ReplayTheSpireMod:Ninjato"},{"floor":13,"key":"Vajra"},{"floor":19,"key":"Old Coin"},{"floor":22,"key":"Enchiridion"},{"floor":23,"key":"Gremlin Food"},{"floor":24,"key":"Pear"},{"floor":25,"key":"Lizard Tail"},{"floor":26,"key":"Quantum Egg"}],"event_choices":[{"damage_healed":0,"gold_gain":0,"player_choice":"Ignored","damage_taken":0,"max_hp_gain":0,"max_hp_loss":0,"event_name":"Liars Game","floor":14,"gold_loss":0},{"damage_healed":0,"gold_gain":0,"player_choice":"Obtained Book","damage_taken":16,"max_hp_gain":0,"max_hp_loss":0,"event_name":"Cursed Tome","floor":22,"gold_loss":0}],"is_beta":false,"boss_relics":[{"not_picked":["Painkiller Herb","ReplayTheSpireMod:DimensionalGlitch"],"picked":"Snecko Eye"}],"items_purged_floors":[],"is_endless":false,"potions_floor_spawned":[1,2,6,8,10,18,24,25],"killed_by":"Slavers","ascension_level":1}}