{"host":"746m694if73h3gai","time":1611155410,"event":{"mods":["2.2 Compatiblity","AchievementEnabler","Act Like it!","BaseMod","Colored Map","Colored Powertips","Downfall","Minty Spire (QoL Compilation)","Quick Restart","Rare Cards Sparkle","Relic Stats","StSLib","everything is the same but u backflip on backflip","slay the spire mod where everything is the same but ironclad has a cowboy hat"],"gold_per_floor":[99,119,294,394,19,19,19,39,39,58,73,93,28,28,28,28],"floor_reached":14,"language":"ENG","playtime":756,"items_purged":["Doubt","champ:Strike"],"score":80,"play_id":"3dd3d982-8a1d-4995-ad33-b8b91f5b257c","local_time":"20210120161010","is_ascension_mode":false,"campfire_choices":[{"data":"champ:Taunt","floor":1,"key":"SMITH"},{"floor":9,"key":"REST"}],"circlet_count":0,"master_deck":["champ:Strike","champ:Strike","champ:Strike","champ:Defend","champ:Defend","champ:Defend","champ:Defend","champ:Execute","champ:Taunt+1","champ:StanceDance","champ:GutPunch","champ:IronFortress","champ:FaceSlap","expansioncontent:StudyTheSpire","champ:EnragedBash","champ:Backstep","champ:IronFortress","champ:TripleStrike"],"relics":["Runic Pyramid","Champion Belt","Membership Card","Pen Nib"],"acts_visited":["Exordium"],"potions_floor_usage":[],"damage_taken":[{"damage":13,"enemies":"Small Slimes","floor":2,"turns":4},{"damage":67,"enemies":"Small Slimes","floor":4,"turns":5},{"damage":30,"enemies":"downfall:FleeingMerchant","floor":5,"turns":4},{"damage":6,"enemies":"Jaw Worm","floor":8,"turns":2},{"damage":7,"enemies":"2 Louse","floor":10,"turns":2},{"damage":28,"enemies":"Exordium Thugs","floor":11,"turns":4},{"damage":27,"enemies":"3 Louse","floor":12,"turns":4},{"damage":15,"enemies":"downfall:FleeingMerchant","floor":13,"turns":4},{"damage":31,"enemies":"Lagavulin","floor":14,"turns":2}],"seed_played":"-1130642907739341711","potions_obtained":[{"floor":8,"key":"Strength Potion"},{"floor":10,"key":"DistilledChaos"}],"is_trial":false,"path_per_floor":["R","M","?","?","$","?","T","M","R","M","M","M","$","E"],"character_chosen":"THE_CHAMP","items_purchased":["Membership Card","champ:FaceSlap","champ:TechniquePotion","expansioncontent:StudyTheSpire"],"campfire_rested":1,"item_purchase_floors":[5,5,5,5],"current_hp_per_floor":[90,87,87,40,40,28,28,22,49,42,39,27,27,0,0,0],"gold":28,"neow_bonus":"BOSS_RELIC","is_daily":false,"chose_seed":false,"campfire_upgraded":1,"win_rate":0.0,"timestamp":1611155410,"path_taken":["R","M","?","?","$","?","T","M","R","M","?","M","$","E"],"items_purchased_type":["Relic","Card","Potion","Card"],"build_version":"2020-12-22","purchased_purges":2,"victory":false,"max_hp_per_floor":[90,90,90,90,90,90,90,90,90,90,90,90,90,90,90,90],"relic_stats":{"counters":[9,31],"Pen Nib":[3],"Champion Belt":[4],"obtain_stats":[{"champ:ChampionCrown":0,"Pen Nib":6,"Champion Belt":4,"Membership Card":5,"Runic Pyramid":0},{"champ:ChampionCrown":0,"Pen Nib":3,"Champion Belt":2,"Membership Card":3,"Runic Pyramid":0},{"champ:ChampionCrown":0,"Pen Nib":13,"Champion Belt":9,"Membership Card":13,"Runic Pyramid":0}]},"card_choices":[{"not_picked":["champ:CrownThrow","champ:Shatter"],"picked":"champ:StanceDance","floor":2},{"not_picked":["champ:CrownThrow","champ:PerfectedStrike"],"picked":"champ:GutPunch","floor":4},{"not_picked":["champ:GladiatorStyle","champ:Endure"],"picked":"champ:IronFortress","floor":5},{"not_picked":["champ:FaceSlap","champ:PerfectedStrike","champ:BladeFlurry"],"picked":"SKIP","floor":8},{"not_picked":["champ:TornadoPunch","champ:FanOfKnives"],"picked":"champ:EnragedBash","floor":10},{"not_picked":["champ:StanceDance","champ:GutPunch"],"picked":"champ:Backstep","floor":11},{"not_picked":["champ:BerserkersShout","champ:Backstep"],"picked":"champ:IronFortress","floor":12},{"not_picked":["champ:CrownThrow","champ:Parry"],"picked":"champ:TripleStrike","floor":13}],"player_experience":131521,"relics_obtained":[{"floor":4,"key":"Champion Belt"}],"event_choices":[{"damage_healed":0,"gold_gain":0,"player_choice":"Success","damage_taken":12,"relics_obtained":["Pen Nib"],"max_hp_gain":0,"max_hp_loss":0,"event_name":"Scrap Ooze","floor":6,"gold_loss":0}],"is_beta":false,"boss_relics":[],"items_purged_floors":[5,13],"is_endless":false,"potions_floor_spawned":[8,10,11],"killed_by":"Lagavulin","ascension_level":0}}