{"host":"rjfefv2ruvigm2gb","time":1611121167,"event":{"mods":["A Penny For Your Troubles","Act Like it!","AlwaysNeverKeys","BaseMod","Block Reminder","Conspire","Curses Come First","Dark Map","Displayed Cursed Tome","Elementarium","Evolution","Fireblade Mod","Fox Events","Gensokyo","Gold Saver","Googly Eyes","HexUI Lib","Hubris","Infinite Spire","Mad Scientist","Mimic Mod","Minty Spire (QoL Compilation)","Permanent Neow","Poor People Problems","Quick Restart","Relic Filter","Relic Stats","Replay The Spire","Shop Mod","StS++","StSLib","SuperFastMode","The Alterego","The Blue Laboratory","TheSwordswoman","Virulent Crown"],"gold_per_floor":[118,218,232,232,252,280,293,313,313,100,100,275,290,310,310,413,413,425,425,425],"floor_reached":19,"language":"ENG","playtime":6996,"items_purged":[],"score":171,"play_id":"28f36f47-5ed3-4210-84fa-d01b62c1f708","local_time":"20210119233927","is_ascension_mode":false,"campfire_choices":[{"data":"alterego_mod:DustData","floor":11.0,"key":"SMITH"},{"floor":15.0,"key":"REST"}],"circlet_count":0,"master_deck":["alterego_mod:Strike","alterego_mod:Strike","alterego_mod:Strike","alterego_mod:Strike","alterego_mod:Defend","alterego_mod:Defend","alterego_mod:Defend","alterego_mod:Defend","alterego_mod:Impale","alterego_mod:BigMeatyClaws","alterego_mod:BrynhildrsRune","alterego_mod:Mirror","alterego_mod:TrashNCrash","alterego_mod:Cooking","alterego_mod:MaintainEyeContact","alterego_mod:Jiggle","alterego_mod:Cushion","ReplayTheSpireMod:Faulty Equipment","Doubt","alterego_mod:Palingenesis","alterego_mod:ClassAdvantage","alterego_mod:Rip"],"relics":["alterego_mod:MasochisticConstitution","EVO:Axolotl","Potion Belt","hubris:DisguiseKit","Regal Pillow","conspire:Flyswatter","ReplayTheSpireMod:CursedCoin","hubris:SlimyHat","hubris:OldNail","Philosopher\u0027s Stone"],"acts_visited":["Exordium","TheCity"],"potions_floor_usage":[],"damage_taken":[{"damage":2.0,"enemies":"2 Louse","floor":1.0,"turns":4.0},{"damage":0.0,"enemies":"Cultist","floor":3.0,"turns":3.0},{"damage":1.0,"enemies":"Jaw Worm","floor":5.0,"turns":3.0},{"damage":32.0,"enemies":"3 Sentries","floor":6.0,"turns":11.0},{"damage":3.0,"enemies":"Blue Slaver","floor":7.0,"turns":5.0},{"damage":9.0,"enemies":"2 Fungi Beasts","floor":8.0,"turns":5.0},{"damage":11.0,"enemies":"3 Louse","floor":13.0,"turns":7.0},{"damage":14.0,"enemies":"Red Slaver","floor":14.0,"turns":3.0},{"damage":65.0,"enemies":"The Guardian","floor":16.0,"turns":17.0},{"damage":0,"enemies":"Chosen","floor":18,"turns":1},{"damage":87,"enemies":"Masked Bandits","floor":19,"turns":6}],"seed_played":"8013810218102977332","potions_obtained":[{"floor":1.0,"key":"Explosive Potion"},{"floor":3.0,"key":"Swift Potion"},{"floor":7.0,"key":"blueLaboratory:BottleOfRum"},{"floor":13.0,"key":"Ancient Potion"}],"is_trial":false,"path_per_floor":["M","?","M","?","M","E","M","M","T","$","R","?","M","M","R","B",null,"M","?"],"character_chosen":"The_Alterego","items_purchased":["ReplayTheSpireMod:CursedCoin","hubris:SlimyHat","hubris:OldNail","alterego_mod:DustData"],"campfire_rested":1,"item_purchase_floors":[10,10,10,10],"current_hp_per_floor":[71,71,71,71,71,57,58,60,60,60,60,60,60,47,77,20,78,78,0,0],"gold":425,"neow_bonus":"RANDOM_COMMON_RELIC","is_daily":false,"chose_seed":false,"campfire_upgraded":1,"win_rate":0.0,"timestamp":1611121167,"path_taken":["M","?","?","?","M","E","M","M","T","$","R","?","M","M","R","BOSS","M","?"],"items_purchased_type":["Relic","Relic","Relic","Card"],"build_version":"2020-12-22","purchased_purges":0,"victory":false,"max_hp_per_floor":[71,71,71,71,72,73,74,75,75,75,75,75,76,77,77,78,78,78,78,78],"relic_stats":{"Regal Pillow":7,"counters":[11,65],"obtain_stats":[{"Potion Belt":0,"hubris:DisguiseKit":4,"alterego_mod:MasochisticConstitution":0,"Regal Pillow":6,"ReplayTheSpireMod:CursedCoin":10,"Philosopher\u0027s Stone":17,"hubris:SlimyHat":10,"EVO:Axolotl":0,"hubris:OldNail":10,"conspire:Flyswatter":9},{"Potion Belt":0,"hubris:DisguiseKit":2,"alterego_mod:MasochisticConstitution":0,"Regal Pillow":4,"ReplayTheSpireMod:CursedCoin":6,"Philosopher\u0027s Stone":9,"hubris:SlimyHat":6,"EVO:Axolotl":0,"hubris:OldNail":6,"conspire:Flyswatter":6},{"Potion Belt":0,"hubris:DisguiseKit":7,"alterego_mod:MasochisticConstitution":0,"Regal Pillow":21,"ReplayTheSpireMod:CursedCoin":31,"Philosopher\u0027s Stone":58,"hubris:SlimyHat":31,"EVO:Axolotl":0,"hubris:OldNail":31,"conspire:Flyswatter":31}]},"card_choices":[{"not_picked":["alterego_mod:PerceptionDisorder","alterego_mod:Cooking"],"picked":"alterego_mod:Mirror","floor":1.0},{"not_picked":["alterego_mod:HighServant","alterego_mod:Table"],"picked":"alterego_mod:TrashNCrash","floor":3.0},{"not_picked":["alterego_mod:PerceptionDisorder","alterego_mod:Punishment","Predator"],"picked":"alterego_mod:Cooking","floor":5.0},{"not_picked":["alterego_mod:Lingerie","alterego_mod:PerceptionDisorder","StSpp:StrikeFirst"],"picked":"alterego_mod:MaintainEyeContact","floor":6.0},{"not_picked":["alterego_mod:1TonWallop","alterego_mod:Exercise","ReplayTheSpireMod:Exploit Weakness"],"picked":"alterego_mod:Jiggle","floor":7.0},{"not_picked":["alterego_mod:Skirt","alterego_mod:Undulate","Deflect"],"picked":"alterego_mod:Cushion","floor":8.0},{"not_picked":["alterego_mod:Santa","alterego_mod:Jiggle","alterego_mod:Crossover","ReplayTheSpireMod:Speed Training"],"picked":"SKIP","floor":13.0},{"not_picked":["alterego_mod:Santa","alterego_mod:Jiggle","alterego_mod:Crossover","ReplayTheSpireMod:Speed Training"],"picked":"SKIP","floor":13.0},{"not_picked":["alterego_mod:Birthday","alterego_mod:Pet","Bane"],"picked":"alterego_mod:Palingenesis","floor":14.0},{"not_picked":["alterego_mod:Tantrum","alterego_mod:Valkyrie","Bullet Time"],"picked":"alterego_mod:ClassAdvantage","floor":16.0},{"not_picked":["alterego_mod:Clap","alterego_mod:Maid","Quick Slash"],"picked":"alterego_mod:Rip","floor":18}],"player_experience":997747,"relics_obtained":[{"floor":6.0,"key":"Regal Pillow"},{"floor":9.0,"key":"conspire:Flyswatter"}],"event_choices":[{"damage_healed":0.0,"max_hp_gain":0.0,"max_hp_loss":0.0,"gold_gain":100.0,"event_name":"Golden Shrine","player_choice":"Pray","floor":2.0,"gold_loss":0.0,"damage_taken":0.0},{"damage_healed":0.0,"max_hp_gain":0.0,"max_hp_loss":0.0,"gold_gain":175.0,"event_name":"Liars Game","player_choice":"AGREE","floor":12.0,"gold_loss":0.0,"damage_taken":0.0,"cards_obtained":["Doubt"]},{"damage_healed":0,"gold_gain":0,"player_choice":"Fought Bandits","damage_taken":0,"max_hp_gain":0,"max_hp_loss":0,"event_name":"Masked Bandits","floor":19,"gold_loss":0}],"is_beta":false,"boss_relics":[{"not_picked":["Replay:Wanted Poster","Ectoplasm"],"picked":"Philosopher\u0027s Stone"}],"items_purged_floors":[],"is_endless":false,"potions_floor_spawned":[1,3,7,13],"killed_by":"Masked Bandits","ascension_level":0}}