{"host":"e6sgj53qqwx3piqv","time":1611152765,"event":{"mods":["AchievementEnabler","Aspiration","BaseMod","BetterRewards","Colored Powertips","Downfall","Hermit","Highlight Path","Hubris","Infinite Spire","Minty Spire (QoL Compilation)","Quick Restart","Rare Cards Sparkle","Shop Mod","StSLib","The Cursed","The Disciple","The Jungle","The Runesmith"],"gold_per_floor":[119,2,2,2,22,22,22,22,46,79,79,90,52,68,68,173,173,184,184,200,200,200,200,219,219,274,285,298,298,313,313,313],"floor_reached":31,"language":"ENG","playtime":1349,"items_purged":[],"score":260,"play_id":"09bfd608-498c-4936-a255-6348909d8a33","local_time":"20210120092604","is_ascension_mode":false,"campfire_choices":[{"data":"Uppercut","floor":6,"key":"SMITH"},{"data":"Infernal Blade","floor":15,"key":"SMITH"},{"floor":23,"key":"DIG"},{"floor":25,"key":"RECALL"},{"floor":29,"key":"REST"}],"circlet_count":0,"master_deck":["Strike_R","Strike_R","Strike_R","Strike_R","Strike_R","Defend_R","Defend_R","Defend_R","Defend_R","Bash","Havoc","Uppercut+1","Flame Barrier","Armaments","Metallicize","Fire Breathing","Pommel Strike","Infernal Blade+1","Pommel Strike","Berserk","White Noise","Pommel Strike","Flame Barrier","Uppercut+1","Intimidate","Carnage+1"],"relics":["Ring of the Snake","NeowsBlessing","infinitespire:Cubic Diamond","Du-Vu Doll","hubris:Backtick","Shovel","Nloth\u0027s Gift","Molten Egg 2","Centennial Puzzle"],"acts_visited":["Exordium","TheCity"],"potions_floor_usage":[30,30],"damage_taken":[{"damage":0,"enemies":"Small Slimes","floor":1,"turns":1},{"damage":0,"enemies":"Jaw Worm","floor":5,"turns":1},{"damage":0,"enemies":"3 Sentries","floor":10,"turns":2},{"damage":0,"enemies":"Cultist","floor":12,"turns":3},{"damage":6,"enemies":"Blue Slaver","floor":14,"turns":4},{"damage":23,"enemies":"Slime Boss","floor":16,"turns":9},{"damage":14,"enemies":"Spheric Guardian","floor":18,"turns":4},{"damage":8,"enemies":"Chosen","floor":20,"turns":5},{"damage":18,"enemies":"Snecko","floor":24,"turns":5},{"damage":18,"enemies":"Centurion and Healer","floor":27,"turns":12},{"damage":18,"enemies":"Chosen and Byrds","floor":28,"turns":7},{"damage":12,"enemies":"Snake Plant","floor":30,"turns":4},{"damage":21,"enemies":"3 Cultists","floor":31,"turns":3}],"seed_played":"6346833160977920722","potions_obtained":[{"floor":12,"key":"DistilledChaos"},{"floor":14,"key":"FearPotion"},{"floor":27,"key":"Ancient Potion"},{"floor":28,"key":"AttackPotion"}],"is_trial":false,"path_per_floor":["M","$","?","$","M","R","$","?","T","E","T","M","$","M","R","B",null,"M","?","M","?","?","R","M","R","T","M","M","R","M","M"],"character_chosen":"IRONCLAD","items_purchased":["Uppercut","Flame Barrier","Infernal Blade"],"campfire_rested":1,"item_purchase_floors":[2,2,13],"current_hp_per_floor":[80,80,80,80,80,80,80,80,80,80,80,80,80,74,74,51,80,66,66,58,58,58,58,40,40,40,22,4,28,16,0,0],"gold":313,"neow_bonus":"THREE_ENEMY_KILL","is_daily":false,"chose_seed":false,"campfire_upgraded":2,"win_rate":0.0,"timestamp":1611152764,"path_taken":["M","$","?","$","M","R","$","?","T","E","?","M","?","M","R","BOSS","M","?","?","?","?","R","?","R","T","M","M","R","M","M"],"items_purchased_type":["Card","Card","Card"],"build_version":"2020-12-22","purchased_purges":0,"victory":false,"max_hp_per_floor":[80,80,80,80,80,80,80,80,80,80,80,80,80,80,80,80,80,80,80,80,80,80,80,80,80,80,80,80,80,80,80,80],"card_choices":[{"not_picked":["Burning Pact","Twin Strike"],"picked":"Havoc","floor":1},{"not_picked":["Sever Soul","Uppercut"],"picked":"Armaments","floor":5},{"not_picked":["Whirlwind","Headbutt"],"picked":"Fire Breathing","floor":10},{"not_picked":["Feel No Pain","Headbutt"],"picked":"Pommel Strike","floor":12},{"not_picked":["Havoc","Reckless Charge"],"picked":"Pommel Strike","floor":14},{"not_picked":["hubris:StunningStrike","Corruption"],"picked":"Berserk","floor":16},{"not_picked":["True Grit+1","Sword Boomerang","Perfected Strike+1"],"picked":"SKIP","floor":18},{"not_picked":["Wild Strike","Body Slam"],"picked":"Pommel Strike","floor":20},{"not_picked":["Exhume","Battle Trance"],"picked":"Flame Barrier","floor":24},{"not_picked":["Ghostly Armor","Warcry"],"picked":"Uppercut+1","floor":27},{"not_picked":["hubris:CleavingFinish+1","Cleave+1"],"picked":"Intimidate","floor":28},{"not_picked":["Sword Boomerang+1","Heavy Blade+1"],"picked":"Carnage+1","floor":30}],"player_experience":196370,"relics_obtained":[{"floor":10,"key":"Du-Vu Doll"},{"floor":11,"key":"InkBottle"},{"floor":23,"key":"Molten Egg 2"},{"floor":26,"key":"Centennial Puzzle"}],"event_choices":[{"damage_healed":0,"gold_gain":0,"player_choice":"Read","damage_taken":0,"max_hp_gain":0,"max_hp_loss":0,"event_name":"The Library","floor":19,"gold_loss":0,"cards_obtained":["White Noise"]},{"damage_healed":0,"gold_gain":0,"player_choice":"Ignored","damage_taken":0,"max_hp_gain":0,"max_hp_loss":0,"event_name":"Ghosts","floor":21,"gold_loss":0},{"damage_healed":0,"gold_gain":0,"player_choice":"Traded Relic","damage_taken":0,"relics_obtained":["Nloth\u0027s Gift"],"max_hp_gain":0,"max_hp_loss":0,"event_name":"N\u0027loth","floor":22,"relics_lost":["InkBottle"],"gold_loss":0}],"is_beta":false,"boss_relics":[{"not_picked":["aspiration:RunicSpoon","aspiration:RitualDagger"],"picked":"hubris:Backtick"}],"items_purged_floors":[],"is_endless":false,"potions_floor_spawned":[12,14,27,28],"killed_by":"3 Cultists","ascension_level":0}}