{"host":"j4g6ia6asvpyu2b0","time":1611141394,"event":{"mods":["BaseMod","Colored Map","Minty Spire (QoL Compilation)","Permanent Neow","Quick Restart","Relic Stats","StSLib","Unceasing Turn Reminder"],"gold_per_floor":[17,32,42,42,42,80,80,255,255,278,314,314,349,349,349,474,474,499,519,206,222,240,274,41,41,67,67,67],"floor_reached":27,"language":"ENG","playtime":978,"items_purged":["Doubt"],"score":402,"play_id":"cfcd17ba-e218-48d7-9917-7f03a20f9e01","local_time":"20210120041634","is_ascension_mode":true,"campfire_choices":[{"data":"Zap","floor":7,"key":"SMITH"},{"data":"Hologram","floor":12,"key":"SMITH"},{"data":"Gash","floor":15,"key":"SMITH"}],"circlet_count":0,"master_deck":["AscendersBane","Zap+1","Dualcast","Gash+1","Hologram+1","Hyperbeam","Core Surge","Gash","Steam","Machine Learning+1","Core Surge","Skim","Ball Lightning","Go for the Eyes","Self Repair+1","Consume","Defragment+1","Static Discharge+1","Defragment+1","Aggregate","Storm+1","Cold Snap","Doom and Gloom","Double Energy","Compile Driver+1","Storm+1","Coolheaded"],"relics":["Cracked Core","CaptainsWheel","Golden Idol","Frozen Egg 2","Question Card","Pen Nib","Darkstone Periapt","FaceOfCleric","Pandora\u0027s Box","Blood Vial","Omamori","OrangePellets","WarpedTongs"],"acts_visited":["Exordium","TheCity"],"potions_floor_usage":[11,13,16,19,23,27],"damage_taken":[{"damage":1,"enemies":"2 Louse","floor":1,"turns":3},{"damage":0,"enemies":"Small Slimes","floor":2,"turns":3},{"damage":0,"enemies":"Cultist","floor":3,"turns":4},{"damage":17,"enemies":"Lagavulin","floor":6,"turns":6},{"damage":9,"enemies":"Red Slaver","floor":10,"turns":2},{"damage":15,"enemies":"3 Sentries","floor":11,"turns":6},{"damage":8,"enemies":"Gremlin Nob","floor":13,"turns":4},{"damage":17,"enemies":"Slime Boss","floor":16,"turns":6},{"damage":5,"enemies":"Spheric Guardian","floor":18,"turns":3},{"damage":13,"enemies":"3 Byrds","floor":19,"turns":3},{"damage":20,"enemies":"Centurion and Healer","floor":21,"turns":4},{"damage":27,"enemies":"Snake Plant","floor":22,"turns":2},{"damage":15,"enemies":"Slavers","floor":23,"turns":2},{"damage":22,"enemies":"Gremlin Leader","floor":27,"turns":2}],"seed_played":"-2289281425085110417","potions_obtained":[{"floor":2,"key":"Regen Potion"},{"floor":6,"key":"DistilledChaos"},{"floor":11,"key":"Swift Potion"},{"floor":13,"key":"ColorlessPotion"},{"floor":16,"key":"PowerPotion"},{"floor":19,"key":"SpeedPotion"},{"floor":22,"key":"DistilledChaos"}],"is_trial":false,"path_per_floor":["M","M","M","?","?","E","R","?","T","M","E","R","E","?","R","B",null,"M","M","$","M","M","E","$","?","T","E"],"character_chosen":"DEFECT","items_purchased":["Storm+1","Cold Snap","Blood Vial","OrangePellets","Storm+1","Coolheaded"],"campfire_rested":0,"item_purchase_floors":[20,20,20,24,24,24],"current_hp_per_floor":[67,67,67,60,60,43,43,43,43,34,34,34,26,26,26,10,55,61,59,59,52,28,16,16,16,16,0,0],"gold":67,"neow_bonus":"ONE_RARE_RELIC","is_daily":false,"chose_seed":false,"campfire_upgraded":3,"win_rate":0.0,"timestamp":1611141394,"path_taken":["M","M","M","?","?","E","R","?","T","M","E","R","E","?","R","BOSS","M","M","$","M","?","E","?","?","T","E"],"items_purchased_type":["Card","Card","Relic","Relic","Card","Card"],"build_version":"2020-12-22","purchased_purges":1,"victory":false,"max_hp_per_floor":[75,75,75,75,69,69,69,69,69,69,69,69,69,69,69,70,70,71,72,72,73,74,75,75,75,75,75,75],"relic_stats":{"Darkstone Periapt":0,"Blood Vial":8,"OrangePellets":[0],"FaceOfCleric":6,"counters":[14,50],"Golden Idol":75,"Pandora\u0027s Box":["Skim","Ball Lightning","Go for the Eyes","Self Repair","Consume","Defragment","Static Discharge"],"Pen Nib":[4],"Question Card":9,"obtain_stats":[{"Darkstone Periapt":13,"Golden Idol":5,"Pen Nib":11,"Omamori":23,"Frozen Egg 2":6,"Question Card":9,"WarpedTongs":25,"Blood Vial":20,"OrangePellets":24,"CaptainsWheel":0,"FaceOfCleric":14,"Pandora\u0027s Box":17,"Cracked Core":0},{"Darkstone Periapt":7,"Golden Idol":3,"Pen Nib":6,"Omamori":13,"Frozen Egg 2":4,"Question Card":4,"WarpedTongs":13,"Blood Vial":10,"OrangePellets":13,"CaptainsWheel":0,"FaceOfCleric":7,"Pandora\u0027s Box":8,"Cracked Core":0},{"Darkstone Periapt":28,"Golden Idol":10,"Pen Nib":24,"Omamori":48,"Frozen Egg 2":16,"Question Card":16,"WarpedTongs":48,"Blood Vial":40,"OrangePellets":48,"CaptainsWheel":0,"FaceOfCleric":28,"Pandora\u0027s Box":34,"Cracked Core":0}],"WarpedTongs":[2]},"card_choices":[{"not_picked":["Sweeping Beam","Streamline"],"picked":"Gash","floor":1},{"not_picked":["Stack","Turbo"],"picked":"Hologram","floor":2},{"not_picked":["Streamline","Compile Driver"],"picked":"Hyperbeam","floor":3},{"not_picked":["Double Energy","Recycle"],"picked":"Core Surge","floor":6},{"not_picked":["Redo","Scrape","Skim"],"picked":"Gash","floor":10},{"not_picked":["Streamline","Leap","Storm+1"],"picked":"Steam","floor":11},{"not_picked":["Aggregate","Tempest","FTL"],"picked":"Machine Learning+1","floor":13},{"not_picked":["Machine Learning+1","Hyperbeam","Rainbow"],"picked":"Core Surge","floor":16},{"not_picked":["Undo","Barrage+1","Conserve Battery"],"picked":"Defragment+1","floor":18},{"not_picked":["Go for the Eyes","Fusion","Scrape"],"picked":"Aggregate","floor":19},{"not_picked":["Steam","Ball Lightning","Aggregate"],"picked":"Doom and Gloom","floor":21},{"not_picked":["Streamline","Consume+1","Turbo"],"picked":"Double Energy","floor":22},{"not_picked":["Rainbow","Redo","Gash"],"picked":"Compile Driver+1","floor":23}],"player_experience":873236,"relics_obtained":[{"floor":6,"key":"Frozen Egg 2"},{"floor":9,"key":"Question Card"},{"floor":11,"key":"Pen Nib"},{"floor":13,"key":"Darkstone Periapt"},{"floor":23,"key":"Omamori"}],"event_choices":[{"cards_removed":["Strike_B"],"damage_healed":0,"gold_gain":0,"player_choice":"Card Removal","damage_taken":7,"max_hp_gain":0,"max_hp_loss":0,"event_name":"Golden Wing","floor":4,"gold_loss":0},{"damage_healed":0,"gold_gain":0,"player_choice":"Lose Max HP","damage_taken":0,"relics_obtained":["Golden Idol"],"max_hp_gain":0,"max_hp_loss":6,"event_name":"Golden Idol","floor":5,"gold_loss":0},{"damage_healed":0,"gold_gain":175,"player_choice":"AGREE","damage_taken":0,"max_hp_gain":0,"max_hp_loss":0,"event_name":"Liars Game","floor":8,"gold_loss":0,"cards_obtained":["Doubt"]},{"damage_healed":0,"gold_gain":0,"player_choice":"Trade","damage_taken":0,"relics_obtained":["FaceOfCleric"],"max_hp_gain":0,"max_hp_loss":0,"event_name":"FaceTrader","floor":14,"gold_loss":0},{"damage_healed":0,"gold_gain":0,"player_choice":"Rummage","damage_taken":0,"relics_obtained":["WarpedTongs"],"max_hp_gain":0,"max_hp_loss":0,"event_name":"Accursed Blacksmith","floor":25,"gold_loss":0,"cards_obtained":["Pain"]}],"is_beta":false,"boss_relics":[{"not_picked":["Velvet Choker","FrozenCore"],"picked":"Pandora\u0027s Box"}],"items_purged_floors":[20],"is_endless":false,"potions_floor_spawned":[2,6,11,13,16,18,19,22],"killed_by":"Gremlin Leader","ascension_level":12}}