{"host":"ymw71f7rc9ndansy","time":1611117950,"event":{"mods":["ATMod(阿瑾Mod)","Act Like it!","Aspiration","BaseMod","DeckTracker","Hubris","Library of Ruina","Library of Ruina Extra","Minty Spire (QoL Compilation)","MostiFishMod","Remove Card Discount Mod","Replay The Spire","RumiaBox-露米娅的神秘盒子","StSLib","TestMod","【功能Mod】精心准备","【遗物卡牌】REMEMod"],"gold_per_floor":[120,138,138,157,24,24,24,54,102,122,66,79,93,93,93],"floor_reached":14,"language":"ZHS","playtime":273,"items_purged":["Dodge","LightDefense","LightDefense","LightDefense","FocusedStrikes","SavageMode"],"score":234,"play_id":"e3c71155-10b1-4085-99a8-d3d579a2fb18","local_time":"20210120124550","is_ascension_mode":true,"campfire_choices":[{"data":"DimensionalRift","floor":6,"key":"SMITH"}],"circlet_count":0,"master_deck":["AscendersBane","UpstandingSlash","Spear_LOR","LevelSlash","FocusSpirit","Charge","AT_FamilyPortrait+1","testmod-TaurusBlackCat","MostiFishMod:SephirahHod+1","Rewind","DimensionalRift+1","SavageMode","QuickSuppression","TheRedNotes","FrontalAssault","Reload","hubris:NaturalOne"],"relics":["PageOfLibrarian","testmod-TestBox","DaveBox","REME_ComplimentaryCards","AT_ATBox","MostiFishMod:Hod","testmod-CrystalShield","Baka","SynthV:TestCard","OriginationStaff","hubris:Icosahedron","testmod-LifeArmor"],"acts_visited":["Exordium"],"potions_floor_usage":[],"damage_taken":[{"damage":0,"enemies":"Jaw Worm","floor":1,"turns":1},{"damage":0,"enemies":"Small Slimes","floor":2,"turns":1},{"damage":0,"enemies":"Cultist","floor":4,"turns":1},{"damage":4,"enemies":"3 Sentries","floor":8,"turns":3},{"damage":0,"enemies":"Exordium Thugs","floor":10,"turns":1},{"damage":13,"enemies":"Blue Slaver","floor":12,"turns":2},{"damage":0,"enemies":"3 Louse","floor":13,"turns":1},{"damage":0,"enemies":"Gremlin Nob","floor":14,"turns":2}],"seed_played":"-5166801693458778951","potions_obtained":[{"floor":1,"key":"Weak Potion"},{"floor":8,"key":"GamblersBrew"}],"is_trial":false,"path_per_floor":["M","M","?","M","$","R","?","E","T","M","$","M","M","E"],"character_chosen":"Librarian","items_purchased":["SavageMode","TheRedNotes"],"campfire_rested":0,"item_purchase_floors":[5,11],"current_hp_per_floor":[54,54,26,26,26,26,26,22,22,22,22,9,9,9,9],"gold":93,"neow_bonus":"","is_daily":false,"chose_seed":false,"campfire_upgraded":1,"win_rate":0.0,"timestamp":1611117950,"path_taken":["M","M","?","M","$","R","?","E","T","M","$","M","M","E"],"items_purchased_type":["Card","Card"],"build_version":"2020-12-22","purchased_purges":6,"victory":false,"max_hp_per_floor":[92,92,92,92,92,92,92,92,92,92,92,92,92,92,92],"card_choices":[{"not_picked":["SerpentSwordTechnique","SkitterAway","EnergyCycle","Clone","ToWhereThePrescriptPoints","SkyClearingCut","Leap_lor","Wallop_lor","TendonChords"],"picked":"SKIP","floor":1},{"not_picked":["SinglePointStab","Unlock1","SpearedSweep","Thrust","Bvapour","Wallop_lor","Crush","AutonomousRush","WillOfThePrescript","GroundSmash"],"picked":"Rewind","floor":2},{"not_picked":["PreemptiveStrike","HandleRequest","ShockRound","UnavoidableGaze","ForcefulGesture","Execute_lor","OpportunitySpotted","HeavyPeaks","SunsetBlade","FrontalAssault"],"picked":"DimensionalRift","floor":4},{"not_picked":["FierceCharge","TheRedNotes","InhaleSmoke","SuppressingShot","GuardingStance","StrongStrike","SavageMode","Faith","Outburst","EnergyShield"],"picked":"QuickSuppression","floor":8},{"not_picked":["ClassAndRespect","OpportunitySpotted","YoureAHindrance","Tailoring","BattleCommand","ForcefulGesture","HighSpeedStabbing","Wallop_lor","BulkyImpact","AutonomousRush","Quickness"],"picked":"SKIP","floor":10},{"not_picked":["SturdyDefense","KeepItFresh","Quickness","EnergyCycle","GutHarvesting","HandleRequest","HighKick","TheRedNotes","ConcentratedFire","EnergyShield"],"picked":"FrontalAssault","floor":12},{"not_picked":["WillOfThePrescript","UnavoidableGaze","Marionette","DarkCloud","Laceration","Quickness","Diversion","Multislash","FendThisOffIfYouCan","BackAttack"],"picked":"Reload","floor":13}],"player_experience":1059919,"relics_obtained":[{"floor":1,"key":"Baka"},{"floor":1,"key":"SynthV:TestCard"},{"floor":2,"key":"OriginationStaff"},{"floor":8,"key":"testmod-LifeArmor"}],"event_choices":[{"damage_healed":0,"gold_gain":0,"player_choice":"Entered Light","damage_taken":28,"max_hp_gain":0,"max_hp_loss":0,"event_name":"Shining Light","floor":3,"gold_loss":0,"cards_upgraded":["MostiFishMod:SephirahHod","AT_FamilyPortrait"]}],"is_beta":false,"boss_relics":[],"items_purged_floors":[11,11,11,11,11,11],"is_endless":false,"potions_floor_spawned":[1,8,10],"killed_by":"Gremlin Nob","ascension_level":20}}