{"host":"t4313i2190y6fz3q","time":1611172257,"event":{"mods":["2.2 Compatiblity","AchievementEnabler","Act Like it!","BaseMod","Colored Powertips","Downfall","Highlight Path","Minty Spire (QoL Compilation)","Permanent Neow","Quick Restart","Rare Cards Sparkle","StSLib"],"gold_per_floor":[113,113,126,149,149,183,183,222,248,271,271,292,328,340,352,457,469,500,512,623,138,53,53,96,34,34,34,57,76,92,126,126,219,219,239,252,252,352,47,83,83,121,121,141,141,156,190,211,211,211],"floor_reached":51,"language":"ENG","playtime":1718,"items_purged":[],"score":1342,"play_id":"4fdfd715-8098-44a3-a452-14490e14db37","local_time":"20210120115057","is_ascension_mode":true,"campfire_choices":[{"data":"Bash","floor":7.0,"key":"SMITH"},{"data":"Pommel Strike","floor":11.0,"key":"SMITH"},{"floor":15.0,"key":"REST"},{"data":"Limit Break","floor":23.0,"key":"SMITH"},{"data":"Perfected Strike","floor":27.0,"key":"SMITH"},{"data":"Burning Pact","floor":32.0,"key":"SMITH"},{"floor":41,"key":"REST"},{"data":"Heavy Blade","floor":45,"key":"SMITH"},{"data":"Sword Boomerang","floor":49,"key":"SMITH"}],"circlet_count":0,"master_deck":["AscendersBane","Strike_R+1","Strike_R+1","Strike_R+1","Strike_R+1","Defend_R+1","Defend_R+1","Defend_R+1","Defend_R+1","Bash+1","Clothesline+1","Ghostly Armor+1","Pommel Strike+1","Cleave","Spot Weakness","Cleave","Twin Strike","Battle Trance+1","Limit Break+1","Shrug It Off","Dropkick","Perfected Strike+1","Sword Boomerang+1","Burning Pact+1","Sword Boomerang+1","Heavy Blade+1","Reaper","Whirlwind+1"],"relics":["Burning Blood","Golden Idol","Bag of Preparation","Omamori","Oddly Smooth Stone","MawBank","Cursed Key","Shuriken","ClockworkSouvenir","War Paint","Orichalcum","White Beast Statue","StrikeDummy","Bronze Scales","Black Star","Guardian:PocketSentry","Happy Flower","Paper Frog","TungstenRod","HornCleat","Centennial Puzzle","Bag of Marbles","Ornamental Fan","Boot"],"acts_visited":["Exordium","TheCity","TheBeyond"],"potions_floor_usage":[36,40,42,44,50,50],"damage_taken":[{"damage":9.0,"enemies":"2 Louse","floor":1.0,"turns":4.0},{"damage":0.0,"enemies":"Small Slimes","floor":3.0,"turns":3.0},{"damage":0.0,"enemies":"Cultist","floor":4.0,"turns":4.0},{"damage":35.0,"enemies":"3 Sentries","floor":6.0,"turns":9.0},{"damage":10.0,"enemies":"Gremlin Nob","floor":8.0,"turns":3.0},{"damage":1.0,"enemies":"3 Louse","floor":10.0,"turns":3.0},{"damage":14.0,"enemies":"Red Slaver","floor":12.0,"turns":3.0},{"damage":16.0,"enemies":"3 Sentries","floor":13.0,"turns":5.0},{"damage":6.0,"enemies":"The Guardian","floor":16.0,"turns":11.0},{"damage":6.0,"enemies":"Spheric Guardian","floor":18.0,"turns":4.0},{"damage":20.0,"enemies":"Slavers","floor":24.0,"turns":4.0},{"damage":5.0,"enemies":"Shell Parasite","floor":28.0,"turns":3.0},{"damage":8.0,"enemies":"Centurion and Healer","floor":29.0,"turns":4.0},{"damage":0.0,"enemies":"Snake Plant","floor":30.0,"turns":2.0},{"damage":12.0,"enemies":"Book of Stabbing","floor":31.0,"turns":3.0},{"damage":19.0,"enemies":"Champ","floor":33.0,"turns":5.0},{"damage":13,"enemies":"3 Shapes","floor":35,"turns":4},{"damage":14,"enemies":"3 Darklings","floor":36,"turns":6},{"damage":29,"enemies":"Reptomancer","floor":40,"turns":4},{"damage":2,"enemies":"Giant Head","floor":42,"turns":5},{"damage":3,"enemies":"Sphere and 2 Shapes","floor":44,"turns":2},{"damage":4,"enemies":"4 Shapes","floor":46,"turns":2},{"damage":8,"enemies":"Reptomancer","floor":47,"turns":4},{"damage":1,"enemies":"Maw","floor":48,"turns":5},{"damage":63,"enemies":"Time Eater","floor":50,"turns":10}],"seed_played":"2556774216208012293","potions_obtained":[{"floor":1.0,"key":"LiquidBronze"},{"floor":3.0,"key":"SteroidPotion"},{"floor":6.0,"key":"bronze:BurnAndBuffPotion"},{"floor":12.0,"key":"bronze:BurnAndBuffPotion"},{"floor":13.0,"key":"SkillPotion"},{"floor":16.0,"key":"Strength Potion"},{"floor":18.0,"key":"CultistPotion"},{"floor":28.0,"key":"BlessingOfTheForge"},{"floor":29.0,"key":"Fire Potion"},{"floor":30.0,"key":"champ:CounterPotion"},{"floor":31.0,"key":"Strength Potion"},{"floor":33.0,"key":"Guardian:BlockOnCardUsePotion"},{"floor":35,"key":"Ancient Potion"},{"floor":36,"key":"Swift Potion"},{"floor":40,"key":"Swift Potion"},{"floor":42,"key":"Energy Potion"},{"floor":44,"key":"Dexterity Potion"}],"is_trial":false,"path_per_floor":["M","?","M","M","?","E","R","E","T","M","R","M","E","$","R","B",null,"M","?","?","$","?","R","E","?","T","R","M","M","M","E","R","B",null,"M","M","$","?","$","E","R","E","T","M","R","M","E","M","R","B",null],"character_chosen":"IRONCLAD","items_purchased":["Shuriken","ClockworkSouvenir","Shrug It Off","Dropkick","Guardian:PocketSentry","Happy Flower"],"campfire_rested":2,"item_purchase_floors":[21,21,21,21,39,39],"current_hp_per_floor":[69,69,74,74,59,30,30,26,26,31,31,23,13,13,35,35,64,64,64,64,64,64,64,50,50,50,50,51,49,55,49,49,36,65,58,50,50,50,50,27,49,53,53,56,56,74,72,74,74,48],"gold":211,"neow_bonus":"REMOVE_CARD","is_daily":false,"chose_seed":false,"campfire_upgraded":7,"win_rate":0.0,"timestamp":1611172257,"path_taken":["M","?","M","M","?","E","R","E","T","M","R","M","E","$","R","BOSS","M","?","?","$","?","R","E","?","T","R","M","?","M","E","R","BOSS","M","M","$","?","$","E","R","E","T","M","R","M","E","M","R","BOSS"],"items_purchased_type":["Relic","Relic","Card","Card","Relic","Relic"],"build_version":"2020-12-22","purchased_purges":0,"victory":true,"max_hp_per_floor":[80,74,74,74,74,74,74,74,74,74,74,74,74,74,74,74,74,74,74,74,74,74,74,74,74,74,74,74,74,74,74,74,74,74,74,74,74,74,74,74,74,74,74,74,74,74,74,74,74,74],"card_choices":[{"not_picked":["Sever Soul","Shrug It Off"],"picked":"Clothesline","floor":1.0},{"not_picked":["Body Slam","True Grit"],"picked":"Ghostly Armor","floor":3.0},{"not_picked":["Armaments","Perfected Strike"],"picked":"Pommel Strike","floor":4.0},{"not_picked":["Pommel Strike","Infernal Blade"],"picked":"Cleave","floor":6.0},{"not_picked":["Bloodletting","Headbutt"],"picked":"Spot Weakness","floor":8.0},{"not_picked":["Evolve","Thunderclap"],"picked":"Cleave","floor":10.0},{"not_picked":["Uppercut","Power Through"],"picked":"Twin Strike","floor":12.0},{"not_picked":["Fiend Fire","Feel No Pain"],"picked":"Battle Trance","floor":13.0},{"not_picked":["Fiend Fire","Brutality"],"picked":"Limit Break","floor":16.0},{"not_picked":["Sentinel","Clothesline","Entrench"],"picked":"SKIP","floor":18.0},{"not_picked":["Rage","Dropkick"],"picked":"Perfected Strike","floor":24.0},{"not_picked":["Warcry","Cleave"],"picked":"Sword Boomerang","floor":28.0},{"not_picked":["Spot Weakness","Thunderclap","True Grit"],"picked":"SKIP","floor":29.0},{"not_picked":["Pommel Strike","Twin Strike+1"],"picked":"Burning Pact","floor":30.0},{"not_picked":["Demon Form","Feel No Pain"],"picked":"Sword Boomerang+1","floor":31.0},{"not_picked":["Rupture","Ghostly Armor","True Grit"],"picked":"SKIP","floor":35},{"not_picked":["Rage","Warcry+1"],"picked":"Heavy Blade","floor":36},{"not_picked":["Berserk","Heavy Blade","Anger"],"picked":"SKIP","floor":40},{"not_picked":["Clothesline","Immolate"],"picked":"Reaper","floor":42},{"not_picked":["Heavy Blade","Shrug It Off","Carnage"],"picked":"SKIP","floor":44},{"not_picked":["Cleave+1","Shrug It Off","Seeing Red+1"],"picked":"SKIP","floor":46},{"not_picked":["Thunderclap+1","Searing Blow","Perfected Strike"],"picked":"SKIP","floor":47},{"not_picked":["Armaments+1","Pommel Strike"],"picked":"Whirlwind+1","floor":48}],"player_experience":229861,"relics_obtained":[{"floor":6.0,"key":"Bag of Preparation"},{"floor":8.0,"key":"Omamori"},{"floor":9.0,"key":"Oddly Smooth Stone"},{"floor":13.0,"key":"MawBank"},{"floor":24.0,"key":"Orichalcum"},{"floor":26.0,"key":"StrikeDummy"},{"floor":31.0,"key":"Bronze Scales"},{"floor":40,"key":"Paper Frog"},{"floor":40,"key":"TungstenRod"},{"floor":42,"key":"HornCleat"},{"floor":42,"key":"Centennial Puzzle"},{"floor":43,"key":"Bag of Marbles"},{"floor":47,"key":"Ornamental Fan"},{"floor":47,"key":"Boot"}],"event_choices":[{"damage_healed":0.0,"max_hp_gain":0.0,"max_hp_loss":6.0,"gold_gain":0.0,"event_name":"Golden Idol","player_choice":"Lose Max HP","floor":2.0,"gold_loss":0.0,"damage_taken":0.0,"relics_obtained":["Golden Idol"]},{"damage_healed":0.0,"max_hp_gain":0.0,"max_hp_loss":0.0,"gold_gain":0.0,"event_name":"Shining Light","player_choice":"Entered Light","floor":5.0,"gold_loss":0.0,"damage_taken":15.0,"cards_upgraded":["Clothesline","Strike_R"]},{"damage_healed":0.0,"max_hp_gain":0.0,"max_hp_loss":0.0,"gold_gain":0.0,"event_name":"Back to Basics","player_choice":"Simplicity","floor":19.0,"gold_loss":0.0,"damage_taken":0.0,"cards_upgraded":["Strike_R","Strike_R","Strike_R","Defend_R","Defend_R","Defend_R","Defend_R"]},{"damage_healed":0.0,"max_hp_gain":0.0,"max_hp_loss":0.0,"gold_gain":99.0,"event_name":"Nest","player_choice":"Stole From Cult","floor":20.0,"gold_loss":0.0,"damage_taken":0.0},{"damage_healed":0.0,"max_hp_gain":0.0,"max_hp_loss":0.0,"gold_gain":0.0,"event_name":"Addict","player_choice":"Obtained Relic","floor":22.0,"gold_loss":85.0,"damage_taken":0.0,"relics_obtained":["War Paint"]},{"damage_healed":0.0,"max_hp_gain":0.0,"max_hp_loss":0.0,"gold_gain":0.0,"event_name":"WeMeetAgain","player_choice":"Paid Gold","floor":25.0,"gold_loss":62.0,"damage_taken":0.0,"relics_obtained":["White Beast Statue"]},{"damage_healed":0,"gold_gain":100,"player_choice":"Pray","damage_taken":0,"max_hp_gain":0,"max_hp_loss":0,"event_name":"Golden Shrine","floor":38,"gold_loss":0}],"is_beta":false,"boss_relics":[{"not_picked":["Philosopher\u0027s Stone","bronze:MakeshiftBattery"],"picked":"Cursed Key"},{"not_picked":["Coffee Dripper","Mark of Pain"],"picked":"Black Star"}],"items_purged_floors":[],"is_endless":false,"potions_floor_spawned":[1,3,6,12,13,16,18,28,29,30,31,33,35,36,40,42,44,46,47,48],"ascension_level":13}}