{"host":"7fyy23rucerupe6i","time":1611112688,"event":{"mods":["AchievementEnabler","Act Like it!","BaseMod","Beaked The Cultist","BetterRewards","Colored Map","Colored Powertips","Conspire","Custom Start","Downfall","Marisa£®ÏF”Í°°ƒß¿Ì…≥£©","Minty Spire (QoL Compilation)","Pale of the Ancients","Quick Restart","Shop Mod","ShortenTheSpire","Spicy Shops","StSLib","SuperFastMode","The Construct","The Cursed","The Factory","The Jungle","The Servant 0.9.4","UnlockEverythingMod"],"gold_per_floor":[113,213,229,229,246,279,279,229,255,265,277,304,304],"floor_reached":12,"language":"ZHS","playtime":499,"items_purged":["TheCursedMod:Defend_TheCursed"],"score":190,"play_id":"711635be-3633-4cc6-afdd-50fcdbe41890","local_time":"20210120111808","is_ascension_mode":false,"campfire_choices":[{"data":"TheCursedMod:DarkBarrier","floor":7,"key":"SMITH"}],"circlet_count":0,"master_deck":["TheCursedMod:Strike_TheCursed","TheCursedMod:Strike_TheCursed","TheCursedMod:Strike_TheCursed","TheCursedMod:Strike_TheCursed+1","TheCursedMod:Defend_TheCursed","TheCursedMod:Defend_TheCursed","TheCursedMod:Defend_TheCursed","TheCursedMod:CursedWand","TheCursedMod:CleanUpWorkshop+1","TheCursedMod:Dregs","TheCursedMod:CircleOfCorruption","TheCursedMod:Dregs","downfall:Malfunctioning","Clumsy","Shame","TheCursedMod:DarkBarrier+1","TheCursedMod:Wield","TheCursedMod:RapidMovement","TheCursedMod:ManaBullet","TheCursedMod:RavingStaff","TheCursedMod:StunningStrike"],"relics":["TheCursedMod:BlackMagic101","sneckomod:BlankCard","Lee\u0027s Waffle","Centennial Puzzle","Du-Vu Doll","Boot","Omamori","conspire:BottledYoYo"],"acts_visited":["Exordium"],"potions_floor_usage":[],"damage_taken":[{"damage":0,"enemies":"Small Slimes","floor":1,"turns":3},{"damage":2,"enemies":"2 Louse","floor":3,"turns":2},{"damage":2,"enemies":"conspire:RoseBush","floor":5,"turns":1},{"damage":16,"enemies":"Lagavulin","floor":6,"turns":4},{"damage":2,"enemies":"2 Fungi Beasts","floor":10,"turns":2},{"damage":1,"enemies":"Exordium Wildlife","floor":11,"turns":4},{"damage":16,"enemies":"3 Sentries","floor":12,"turns":7}],"seed_played":"267953362520342772","potions_obtained":[{"floor":1,"key":"GamblersBrew"},{"floor":5,"key":"SteroidPotion"},{"floor":10,"key":"Strength Potion"}],"is_trial":false,"path_per_floor":["M","?","M","?","M","E","R","?","T","M","M","E"],"character_chosen":"THE_CURSED","items_purchased":["sneckomod:BlankCard","Lee\u0027s Waffle","Centennial Puzzle"],"campfire_rested":0,"item_purchase_floors":[0,0,0],"current_hp_per_floor":[82,87,85,68,66,50,50,50,50,48,47,31,31],"gold":304,"neow_bonus":"","is_daily":false,"chose_seed":false,"campfire_upgraded":1,"win_rate":0.0,"timestamp":1611112688,"path_taken":["M","?","M","?","M","E","R","?","T","M","M","E"],"items_purchased_type":["Relic","Relic","Relic"],"build_version":"2020-12-22","purchased_purges":1,"victory":false,"max_hp_per_floor":[82,87,87,87,87,87,87,87,87,87,87,87,87],"card_choices":[{"not_picked":["TheCursedMod:Torture","TheCursedMod:VitalStrike"],"picked":"TheCursedMod:CircleOfCorruption","floor":1},{"not_picked":["TheCursedMod:CircleOfCorruption","TheCursedMod:SpreadPlague"],"picked":"TheCursedMod:Wield","floor":3},{"not_picked":["TheCursedMod:SpreadPlague","TheCursedMod:CircleOfFlame","TheCursedMod:CircleOfAmplification"],"picked":"SKIP","floor":5},{"not_picked":["TheCursedMod:BloodBarrier","TheCursedMod:SpitefulPray"],"picked":"TheCursedMod:RapidMovement","floor":6},{"not_picked":["TheCursedMod:Grudge","TheCursedMod:CircleOfCorruption"],"picked":"TheCursedMod:ManaBullet","floor":10},{"not_picked":["TheCursedMod:SpitefulStrike","TheCursedMod:SoulReap"],"picked":"TheCursedMod:RavingStaff","floor":11},{"not_picked":["TheCursedMod:SpreadPlague","TheCursedMod:ReleasedKnowledge"],"picked":"TheCursedMod:StunningStrike","floor":12}],"player_experience":485738,"relics_obtained":[{"floor":6,"key":"Boot"},{"floor":9,"key":"Omamori"},{"floor":12,"key":"conspire:BottledYoYo"}],"event_choices":[{"damage_healed":0,"gold_gain":0,"player_choice":"Entered Light","damage_taken":17,"max_hp_gain":0,"max_hp_loss":0,"event_name":"Shining Light","floor":4,"gold_loss":0,"cards_upgraded":["TheCursedMod:CleanUpWorkshop","TheCursedMod:Strike_TheCursed"]},{"cards_removed":["conspire:NecroticWound"],"damage_healed":0,"gold_gain":0,"player_choice":"Card Removal","damage_taken":0,"max_hp_gain":0,"max_hp_loss":0,"event_name":"The Cleric","floor":8,"gold_loss":50}],"is_beta":false,"boss_relics":[],"items_purged_floors":[0],"is_endless":false,"potions_floor_spawned":[1,5,10],"killed_by":"3 Sentries","ascension_level":0}}