{"host":"ao4lxi9bhtts409i","time":1611103665,"event":{"mods":["AchievementEnabler","BaseMod","Colored Map","Colored Powertips","Minty Spire (QoL Compilation)","SuperFastMode"],"gold_per_floor":[119,17,32,43,59,59,91,91,91,191,219,239,255,10,10,10,10],"floor_reached":16,"language":"ENG","playtime":812,"items_purged":[],"score":151,"play_id":"961c6371-931c-41c7-b8e9-3a225e7a8c4d","local_time":"20210120014745","is_ascension_mode":true,"campfire_choices":[{"data":"MentalFortress","floor":6,"key":"SMITH"},{"data":"Establishment","floor":8,"key":"SMITH"},{"floor":15,"key":"REST"}],"circlet_count":0,"master_deck":["Strike_P","Strike_P","Strike_P","Strike_P","Defend_P","Defend_P","Defend_P","Defend_P","Eruption","Vigilance","ConjureBlade","FlurryOfBlows","MentalFortress+1","EmptyFist","Crescendo","ThirdEye","Halt","Establishment+1","TalkToTheHand","FlyingSleeves","CarveReality"],"relics":["PureWater","Prayer Wheel","Mango","Incense Burner","Kunai"],"acts_visited":["Exordium"],"potions_floor_usage":[7,11],"damage_taken":[{"damage":0,"enemies":"Cultist","floor":1,"turns":2},{"damage":4,"enemies":"Jaw Worm","floor":3,"turns":4},{"damage":0,"enemies":"Small Slimes","floor":4,"turns":3},{"damage":2,"enemies":"3 Louse","floor":5,"turns":3},{"damage":0,"enemies":"Gremlin Nob","floor":7,"turns":3},{"damage":39,"enemies":"Lagavulin","floor":11,"turns":7},{"damage":19,"enemies":"Large Slime","floor":12,"turns":4},{"damage":4,"enemies":"Blue Slaver","floor":13,"turns":5},{"damage":44,"enemies":"Hexaghost","floor":16,"turns":7}],"seed_played":"4121992639414463332","potions_obtained":[{"floor":1,"key":"DistilledChaos"},{"floor":7,"key":"Dexterity Potion"},{"floor":12,"key":"SpeedPotion"},{"floor":13,"key":"SteroidPotion"}],"is_trial":false,"path_per_floor":["M","$","M","M","M","R","E","R","T","?","E","M","M","$","R","B"],"character_chosen":"WATCHER","items_purchased":["MentalFortress","EmptyFist","Kunai"],"campfire_rested":1,"item_purchase_floors":[2,2,14],"current_hp_per_floor":[72,72,68,68,66,66,66,66,80,80,41,22,18,18,43,0,0],"gold":10,"neow_bonus":"ONE_RANDOM_RARE_CARD","is_daily":false,"chose_seed":false,"campfire_upgraded":2,"win_rate":0.0,"timestamp":1611103665,"path_taken":["M","?","?","M","M","R","E","R","T","?","E","M","?","$","R","BOSS"],"items_purchased_type":["Card","Card","Relic"],"build_version":"2020-12-22","purchased_purges":0,"victory":false,"max_hp_per_floor":[72,72,72,72,72,72,72,72,86,86,86,86,86,86,86,86,86],"card_choices":[{"not_picked":["JustLucky","SashWhip"],"picked":"FlurryOfBlows","floor":1},{"not_picked":["SandsOfTime","Consecrate"],"picked":"Crescendo","floor":3},{"not_picked":["WreathOfFlame","WaveOfTheHand"],"picked":"ThirdEye","floor":4},{"not_picked":["ThirdEye","Brilliance"],"picked":"Halt","floor":5},{"not_picked":["Conclude","SignatureMove"],"picked":"Establishment","floor":7},{"not_picked":["EmptyBody","SignatureMove"],"picked":"TalkToTheHand","floor":11},{"not_picked":["Evaluate","Meditate"],"picked":"FlyingSleeves","floor":12},{"not_picked":["PathToVictory","Study","FollowUp"],"picked":"SKIP","floor":12},{"not_picked":["FlyingSleeves","Conclude"],"picked":"CarveReality","floor":13},{"not_picked":["Pray","Consecrate","Evaluate"],"picked":"SKIP","floor":13}],"player_experience":208412,"relics_obtained":[{"floor":7,"key":"Prayer Wheel"},{"floor":9,"key":"Mango"},{"floor":11,"key":"Incense Burner"}],"event_choices":[{"damage_healed":0,"gold_gain":100,"player_choice":"Pray","damage_taken":0,"max_hp_gain":0,"max_hp_loss":0,"event_name":"Golden Shrine","floor":10,"gold_loss":0}],"is_beta":false,"boss_relics":[],"items_purged_floors":[],"is_endless":false,"potions_floor_spawned":[1,7,12,13],"killed_by":"Hexaghost","ascension_level":2}}