{"host":"l8k579n63ej0vska","time":1611149966,"event":{"mods":["BaseMod","Colored Map","Infinite Spire","Minty Spire (QoL Compilation)","Replay The Spire","StSLib","The Bug Knight"],"gold_per_floor":[117,117,127,9,23,23,23,23,23,23,41,41,74,92,92,92,92],"floor_reached":16,"language":"ENG","playtime":468,"items_purged":[],"score":135,"play_id":"e2bb5ff4-dee5-4b39-a899-2d8788579441","local_time":"20210120143926","is_ascension_mode":true,"campfire_choices":[{"data":"Feel No Pain","floor":6,"key":"SMITH"},{"data":"Rampage","floor":8,"key":"SMITH"},{"data":"Bash","floor":10,"key":"SMITH"},{"data":"Shrug It Off","floor":12,"key":"SMITH"},{"floor":15,"key":"REST"}],"circlet_count":0,"master_deck":["AscendersBane","Strike_R","Strike_R","Strike_R+1","Strike_R+1","Bash+1","CommonCold","Rampage+1","Strike_R","Feel No Pain+1","True Grit+1","Shrug It Off+1","Body Slam","Warcry"],"relics":["Kintsugi","Mirror","Ice Cream"],"acts_visited":["Exordium"],"potions_floor_usage":[14,14],"damage_taken":[{"damage":19,"enemies":"Jaw Worm","floor":1,"turns":3},{"damage":6,"enemies":"Cultist","floor":3,"turns":3},{"damage":7,"enemies":"Small Slimes","floor":5,"turns":4},{"damage":8,"enemies":"Blue Slaver","floor":11,"turns":3},{"damage":1,"enemies":"2 Fungi Beasts","floor":14,"turns":3},{"damage":41,"enemies":"Slime Boss","floor":16,"turns":5}],"seed_played":"-9080023868410722439","potions_obtained":[{"floor":3,"key":"Explosive Potion"},{"floor":11,"key":"Languid Potion"}],"is_trial":false,"path_per_floor":["M","?","M","$","M","R","?","R","T","R","M","R","?","M","R_BF","B"],"character_chosen":"IRONCLAD","items_purchased":["Feel No Pain","True Grit+1"],"campfire_rested":1,"item_purchase_floors":[4,4],"current_hp_per_floor":[53,53,47,47,40,40,24,24,24,24,16,16,16,15,39,0,0],"gold":92,"neow_bonus":"BOSS_RELIC","is_daily":false,"chose_seed":false,"campfire_upgraded":4,"win_rate":0.0,"timestamp":1611149966,"path_taken":["M","?","?","$","?","R","?","R","T","R","M","R","?","M","R_BF","BOSS"],"items_purchased_type":["Card","Card"],"build_version":"2020-12-22","purchased_purges":0,"victory":false,"max_hp_per_floor":[80,80,80,80,80,80,80,80,80,80,80,80,80,80,80,80,80],"card_choices":[{"not_picked":["Anger","Shrug It Off"],"picked":"Rampage","floor":1},{"not_picked":["True Grit","Wild Strike","Offering"],"picked":"SKIP","floor":3},{"not_picked":["Hemokinesis","Flex","Pommel Strike"],"picked":"SKIP","floor":5},{"not_picked":["Twin Strike","Perfected Strike"],"picked":"Shrug It Off","floor":11},{"not_picked":["Shrug It Off","Clash"],"picked":"Body Slam","floor":13},{"not_picked":["Clothesline","Twin Strike"],"picked":"Warcry","floor":14}],"player_experience":1643606,"relics_obtained":[{"floor":9,"key":"Mirror"},{"floor":13,"key":"Ice Cream"}],"event_choices":[{"cards_removed":["Doubt"],"damage_healed":0,"gold_gain":0,"player_choice":"Took Card","damage_taken":0,"max_hp_gain":0,"max_hp_loss":0,"event_name":"NoteForYourself","floor":2,"gold_loss":0,"cards_obtained":["Strike_R"]},{"damage_healed":0,"gold_gain":0,"player_choice":"Entered Light","damage_taken":16,"max_hp_gain":0,"max_hp_loss":0,"event_name":"Shining Light","floor":7,"gold_loss":0,"cards_upgraded":["Strike_R","Strike_R"]}],"is_beta":false,"boss_relics":[],"items_purged_floors":[],"is_endless":false,"potions_floor_spawned":[3,11],"killed_by":"Slime Boss","ascension_level":10}}