{"host":"b78s5rp3ow4b1syk","time":1611187009,"event":{"mods":["AchievementEnabler","BaseMod","DeckTracker","Keyboard Shortcuts","Marisa£¨Ùöéë¡¡Øª×âÞÞ£©","Minty Spire (QoL Compilation)","Permanent Neow","Quick Restart","StSLib","SuperFastMode","The Cursed","everything is the same but u backflip on backflip"],"gold_per_floor":[112,123,134,148,223,248,264,292,292,302,314,89,105,105,105,204,204,220,319,244,22,22,22,49,49,72,86,36,62,62,82,82,181,181,194,194,244,154,172,172,204,61,86,86,86,103,103,117,117,117,117,117,48,77,77],"floor_reached":56,"language":"KOR","playtime":5597,"items_purged":["Strike_G"],"score":1271,"play_id":"4c34973d-ff3e-4e90-aaa5-13ae58665b04","local_time":"20210121085649","is_ascension_mode":true,"campfire_choices":[{"data":"Skewer","floor":15.0,"key":"SMITH"},{"data":"Adrenaline","floor":23.0,"key":"SMITH"},{"data":"Terror","floor":30.0,"key":"SMITH"},{"data":"Outmaneuver","floor":32.0,"key":"SMITH"},{"data":"Wraith Form v2","floor":40.0,"key":"SMITH"},{"data":"Tools of the Trade","floor":44.0,"key":"SMITH"},{"data":"Footwork","floor":47,"key":"SMITH"},{"floor":49,"key":"RECALL"},{"data":"Tactician","floor":52,"key":"SMITH"}],"circlet_count":0,"master_deck":["Defend_G","Defend_G","Defend_G","Survivor","Neutralize","Dash","PiercingWail","Predator","Deflect","Tools of the Trade+1","Escape Plan","Footwork+1","Skewer+1","Adrenaline+1","Backstab","Terror+1","Bite","Bite","Bite","Bite","Outmaneuver+1","Slice","Backflip+1","Tactician+1","Flying Knee","Wraith Form v2+1","Flying Knee+1","Blade Dance+1","Crippling Poison+1","Prepared+1","Caltrops+1","Reflex","Heel Hook"],"relics":["Ring of the Snake","Torii","Meat on the Bone","Ice Cream","Matryoshka","Ancient Tea Set","Omamori","Black Star","Chemical X","Bronze Scales","Nunchaku","White Beast Statue","MealTicket","Snake Skull","Philosopher\u0027s Stone","Incense Burner","Question Card","PreservedInsect","Strange Spoon","Lantern","Eternal Feather","Oddly Smooth Stone"],"acts_visited":["Exordium","TheCity","TheBeyond","TheEnding"],"potions_floor_usage":[55,55],"damage_taken":[{"damage":2.0,"enemies":"Cultist","floor":1.0,"turns":4.0},{"damage":1.0,"enemies":"Jaw Worm","floor":2.0,"turns":3.0},{"damage":0.0,"enemies":"Small Slimes","floor":3.0,"turns":3.0},{"damage":10.0,"enemies":"Exordium Wildlife","floor":4.0,"turns":6.0},{"damage":13.0,"enemies":"Gremlin Nob","floor":6.0,"turns":4.0},{"damage":0.0,"enemies":"Large Slime","floor":7.0,"turns":5.0},{"damage":44.0,"enemies":"Lagavulin","floor":8.0,"turns":9.0},{"damage":2.0,"enemies":"Blue Slaver","floor":10.0,"turns":4.0},{"damage":1.0,"enemies":"3 Louse","floor":11.0,"turns":4.0},{"damage":1.0,"enemies":"Gremlin Gang","floor":13.0,"turns":7.0},{"damage":26.0,"enemies":"Hexaghost","floor":16.0,"turns":13.0},{"damage":12.0,"enemies":"Spheric Guardian","floor":18.0,"turns":5.0},{"damage":16.0,"enemies":"Slavers","floor":24.0,"turns":5.0},{"damage":13.0,"enemies":"3 Byrds","floor":27.0,"turns":4.0},{"damage":13.0,"enemies":"Gremlin Leader","floor":29.0,"turns":7.0},{"damage":0.0,"enemies":"Centurion and Healer","floor":31.0,"turns":4.0},{"damage":49.0,"enemies":"Automaton","floor":33.0,"turns":12.0},{"damage":4.0,"enemies":"3 Shapes","floor":35.0,"turns":8.0},{"damage":30.0,"enemies":"Mind Bloom Boss Battle","floor":37.0,"turns":5.0},{"damage":9.0,"enemies":"3 Darklings","floor":39.0,"turns":4.0},{"damage":0.0,"enemies":"Reptomancer","floor":41.0,"turns":5.0},{"damage":1,"enemies":"Writhing Mass","floor":46,"turns":3},{"damage":0,"enemies":"4 Shapes","floor":48,"turns":6},{"damage":102,"enemies":"Time Eater","floor":50,"turns":12},{"damage":7,"enemies":"Shield and Spear","floor":54,"turns":6},{"damage":65,"enemies":"The Heart","floor":55,"turns":8}],"seed_played":"-7060478969222125866","potions_obtained":[{"floor":1.0,"key":"GhostInAJar"},{"floor":3.0,"key":"Strength Potion"},{"floor":4.0,"key":"Explosive Potion"},{"floor":7.0,"key":"Fruit Juice"},{"floor":13.0,"key":"CunningPotion"},{"floor":18.0,"key":"LiquidBronze"},{"floor":27.0,"key":"FearPotion"},{"floor":29.0,"key":"SmokeBomb"},{"floor":31.0,"key":"Block Potion"},{"floor":33.0,"key":"Dexterity Potion"},{"floor":35.0,"key":"GamblersBrew"},{"floor":37.0,"key":"PowerPotion"},{"floor":41.0,"key":"FairyPotion"},{"floor":54,"key":"Fire Potion"}],"is_trial":false,"path_per_floor":["M","M","M","M","?","E","M","E","T","M","M","$","M","T","R","B",null,"M","?","?","$","?","R","E","$","T","M","$","E","R","M","R","B",null,"M","?","?","?","M","R","E","$","T","R","?","M","R","M","R","B",null,"R","$","E","B",null],"character_chosen":"THE_SILENT","items_purchased":["Blood Vial","Chemical X","Terror","Backflip","Strange Spoon","Reflex"],"campfire_rested":0,"item_purchase_floors":[12,21,21,28,42,53],"current_hp_per_floor":[61,60,60,50,44,31,48,16,16,26,37,37,38,38,38,26,68,56,56,56,56,56,56,48,48,48,41,41,42,42,52,52,41,68,68,68,44,44,41,41,57,68,68,68,68,68,68,68,68,18,68,68,68,68,29],"gold":77,"neow_bonus":"ONE_RARE_RELIC","is_daily":false,"chose_seed":false,"campfire_upgraded":8,"win_rate":0.0,"timestamp":1611187009,"path_taken":["M","M","?","?","?","E","?","E","T","M","M","$","M","?","R","BOSS","M","?","?","$","?","R","E","$","T","M","?","E","R","M","R","BOSS","M","?","?","?","?","R","E","$","T","R","?","?","R","M","R","BOSS","R","$","E","BOSS"],"items_purchased_type":["Relic","Relic","Card","Card","Relic","Card"],"build_version":"2020-12-22","purchased_purges":1,"victory":true,"max_hp_per_floor":[63,63,63,63,63,63,68,68,68,68,68,68,68,68,68,68,68,68,68,68,68,68,68,68,68,68,68,68,68,68,68,68,68,68,68,68,68,68,68,68,68,68,68,68,68,68,68,68,68,68,68,68,68,68,68],"card_choices":[{"not_picked":["Tactician","Flying Knee"],"picked":"Dash","floor":1.0},{"not_picked":["Riddle With Holes","Catalyst"],"picked":"PiercingWail","floor":2.0},{"not_picked":["Choke","Dodge and Roll"],"picked":"Predator","floor":3.0},{"not_picked":["Poisoned Stab","Finisher","Predator"],"picked":"SKIP","floor":4.0},{"not_picked":["Dagger Spray","Quick Slash"],"picked":"Deflect","floor":6.0},{"not_picked":["Underhanded Strike","Sucker Punch","Prepared"],"picked":"SKIP","floor":7.0},{"not_picked":["Blade Dance","Sucker Punch"],"picked":"Tools of the Trade","floor":8.0},{"not_picked":["Outmaneuver","Slice"],"picked":"Escape Plan","floor":10.0},{"not_picked":["Distraction","Blade Dance"],"picked":"Footwork","floor":11.0},{"not_picked":["Dagger Spray","Finisher"],"picked":"Skewer","floor":13.0},{"not_picked":["Venomology","Bullet Time"],"picked":"Adrenaline","floor":16.0},{"not_picked":["Acrobatics","Footwork"],"picked":"Backstab","floor":18.0},{"not_picked":["Bane+1","Expertise"],"picked":"Outmaneuver","floor":24.0},{"not_picked":["Deadly Poison+1","Dodge and Roll"],"picked":"Slice","floor":27.0},{"not_picked":["Escape Plan","Riddle With Holes"],"picked":"Tactician","floor":29.0},{"not_picked":["Distraction","Backstab+1"],"picked":"Flying Knee","floor":31.0},{"not_picked":["Doppelganger","Envenom"],"picked":"Wraith Form v2","floor":33.0},{"not_picked":["Dagger Spray+1","Poisoned Stab+1"],"picked":"Flying Knee+1","floor":35.0},{"not_picked":["Underhanded Strike","Leg Sweep"],"picked":"Blade Dance+1","floor":39.0},{"not_picked":["Quick Slash","Expertise"],"picked":"Crippling Poison+1","floor":41.0},{"not_picked":["Backflip+1","Acrobatics+1","Backstab+1"],"picked":"Prepared+1","floor":46},{"not_picked":["Backstab","Bullet Time","Bane"],"picked":"Caltrops+1","floor":48},{"not_picked":["Bane","Slice+1","Catalyst"],"picked":"Heel Hook","floor":54}],"player_experience":51546,"relics_obtained":[{"floor":6.0,"key":"Meat on the Bone"},{"floor":8.0,"key":"Ice Cream"},{"floor":9.0,"key":"Matryoshka"},{"floor":14.0,"key":"Ancient Tea Set"},{"floor":14.0,"key":"Omamori"},{"floor":24.0,"key":"Bronze Scales"},{"floor":24.0,"key":"Nunchaku"},{"floor":26.0,"key":"White Beast Statue"},{"floor":29.0,"key":"MealTicket"},{"floor":29.0,"key":"Snake Skull"},{"floor":37.0,"key":"Incense Burner"},{"floor":41.0,"key":"Question Card"},{"floor":41.0,"key":"PreservedInsect"},{"floor":43.0,"key":"Lantern"},{"floor":54,"key":"Eternal Feather"},{"floor":54,"key":"Oddly Smooth Stone"}],"event_choices":[{"damage_healed":0.0,"max_hp_gain":0.0,"max_hp_loss":0.0,"gold_gain":75.0,"event_name":"FaceTrader","player_choice":"Touch","floor":5.0,"gold_loss":0.0,"damage_taken":6.0},{"damage_healed":0.0,"max_hp_gain":0.0,"max_hp_loss":0.0,"gold_gain":99.0,"event_name":"Nest","player_choice":"Stole From Cult","floor":19.0,"gold_loss":0.0,"damage_taken":0.0},{"cards_removed":["Defend_G"],"damage_healed":0.0,"max_hp_gain":0.0,"max_hp_loss":0.0,"gold_gain":0.0,"event_name":"Beggar","player_choice":"Gave Gold","floor":20.0,"gold_loss":75.0,"damage_taken":0.0},{"damage_healed":0.0,"max_hp_gain":0.0,"max_hp_loss":0.0,"gold_gain":0.0,"event_name":"Vampires","player_choice":"Became a vampire (Vial)","floor":22.0,"relics_lost":["Blood Vial"],"gold_loss":0.0,"damage_taken":0.0,"cards_obtained":["Bite","Bite","Bite","Bite","Bite"]},{"cards_removed":["Bite"],"damage_healed":0.0,"max_hp_gain":0.0,"max_hp_loss":0.0,"gold_gain":0.0,"event_name":"Falling","player_choice":"Removed Attack","floor":36.0,"gold_loss":0.0,"damage_taken":0.0},{"damage_healed":0.0,"max_hp_gain":0.0,"max_hp_loss":0.0,"gold_gain":0.0,"event_name":"MindBloom","player_choice":"Fight","floor":37.0,"gold_loss":0.0,"damage_taken":0.0},{"cards_removed":["Defend_G"],"damage_healed":0.0,"max_hp_gain":0.0,"max_hp_loss":0.0,"gold_gain":0.0,"event_name":"Designer","player_choice":"Upgrade and Remove","floor":38.0,"gold_loss":90.0,"damage_taken":0.0,"cards_upgraded":["Backflip"]},{"damage_healed":0.0,"max_hp_gain":0.0,"max_hp_loss":0.0,"gold_gain":0.0,"event_name":"The Woman in Blue","player_choice":"Bought 0 Potions","floor":45.0,"gold_loss":0.0,"damage_taken":0.0}],"is_beta":false,"boss_relics":[{"not_picked":["SacredBark","Snecko Eye"],"picked":"Black Star"},{"not_picked":["Sozu","WristBlade"],"picked":"Philosopher\u0027s Stone"}],"items_purged_floors":[12],"is_endless":false,"potions_floor_spawned":[1,3,4,7,13,18,27,29,31,33,35,37,39,41,46,48,54],"ascension_level":1}}