{"host":"bcxgpd1eu8czocm9","time":1611159783,"event":{"mods":["BaseMod","Minty Spire (QoL Compilation)","Quick Restart","Replay The Spire","Spicy Shops","StSLib","¡¾ÒÅÎï¿¨ÅÆ¡¿REMEMod"],"gold_per_floor":[110,128,138,157,175,175,25,51,51,64,64,77,77,90,90,186,186,205,205,205,205,221,146,146,146,194,206,234,234,80,95,95,95,95],"floor_reached":33,"language":"ZHS","playtime":1004,"items_purged":[],"score":269,"play_id":"0494a603-a968-4463-a023-44c5ee8e299f","local_time":"20210121002303","is_ascension_mode":false,"campfire_choices":[{"data":"REME_BattleFury","floor":6.0,"key":"SMITH"},{"floor":11,"key":"RECALL"},{"data":"Spot Weakness","floor":13,"key":"SMITH"},{"data":"Bash","floor":15,"key":"SMITH"},{"data":"Perfected Strike","floor":24,"key":"SMITH"},{"data":"Armaments","floor":29,"key":"SMITH"},{"data":"Flame Barrier","floor":32,"key":"SMITH"}],"circlet_count":0,"master_deck":["Strike_R+1","Strike_R+1","Strike_R+1","Strike_R+1","Strike_R+1","Bash+1","REME_BattleFury+1","Armaments+1","Perfected Strike+1","Flex","Replay:Undeath\u0027s Touch","Spot Weakness+1","Flame Barrier+1","Feed","ReplayTheSpireMod:Stacked+1","Twin Strike+1","Perfected Strike+1"],"relics":["Burning Blood","REME_ComplimentaryCards","Chemical X","Toy Ornithopter","Empty Cage","MutagenicStrength","REME_HandOfSuture","Tiny Chest","Frozen Eye"],"acts_visited":["Exordium","TheCity"],"potions_floor_usage":[8,16,18,31],"damage_taken":[{"damage":0.0,"enemies":"Cultist","floor":1.0,"turns":2.0},{"damage":5.0,"enemies":"Jaw Worm","floor":2.0,"turns":4.0},{"damage":1.0,"enemies":"2 Louse","floor":3.0,"turns":2.0},{"damage":5.0,"enemies":"Looter","floor":4.0,"turns":3.0},{"damage":19.0,"enemies":"3 Louse","floor":5.0,"turns":3.0},{"damage":17,"enemies":"3 Sentries","floor":8,"turns":4},{"damage":32,"enemies":"Gremlin Gang","floor":10,"turns":3},{"damage":0,"enemies":"Large Slime","floor":12,"turns":2},{"damage":13,"enemies":"Red Slaver","floor":14,"turns":2},{"damage":28,"enemies":"Fading Forest","floor":16,"turns":11},{"damage":29,"enemies":"Shell Parasite","floor":18,"turns":5},{"damage":5,"enemies":"Chosen","floor":22,"turns":4},{"damage":0,"enemies":"Sentry and Sphere","floor":27,"turns":3},{"damage":8,"enemies":"Gremlin Leader","floor":28,"turns":4},{"damage":10,"enemies":"Centurion and Healer","floor":31,"turns":6},{"damage":94,"enemies":"Champ","floor":33,"turns":8}],"seed_played":"3834784529446118464","potions_obtained":[{"floor":2.0,"key":"REME_GoldPotion"},{"floor":4.0,"key":"AttackPotion"},{"floor":10,"key":"SmokeBomb"},{"floor":14,"key":"Adrenaline Potion"},{"floor":16,"key":"Adrenaline Potion"},{"floor":22,"key":"ColorlessPotion"}],"is_trial":false,"path_per_floor":["M","M","M","M","M","R","$","E","T","M","R","M","R","M","R","B",null,"M","?","?","?","M","?","R","?","T","M","E","R","$","M","R","B"],"character_chosen":"IRONCLAD","items_purchased":["Chemical X","Frozen Eye"],"campfire_rested":0,"item_purchase_floors":[7,30],"current_hp_per_floor":[88,88,88,88,75,75,75,64,64,38,38,44,44,37,37,30,88,65,65,65,65,66,66,66,66,66,72,70,70,70,74,74,0,0],"gold":95,"neow_bonus":"TEN_PERCENT_HP_BONUS","is_daily":false,"chose_seed":false,"campfire_upgraded":6,"win_rate":0.0,"timestamp":1611159783,"path_taken":["M","M","M","M","M","R","?","E","T","M","R","M","R","?","R","BOSS","M","?","?","?","M","?","R","?","T","M","E","R","$","M","R","BOSS"],"items_purchased_type":["Relic","Relic"],"build_version":"2020-12-22","purchased_purges":0,"victory":false,"max_hp_per_floor":[88,88,88,88,88,88,88,88,88,88,88,88,88,88,88,88,88,88,88,88,88,88,88,88,88,88,88,88,88,88,91,91,91,91],"card_choices":[{"not_picked":["Heavy Blade","Body Slam","Run Through"],"picked":"SKIP","floor":1.0},{"not_picked":["Run Through","Power Through"],"picked":"Armaments","floor":2.0},{"not_picked":["ReplayReversal","Shrug It Off"],"picked":"Perfected Strike","floor":3.0},{"not_picked":["Warcry","Anger","Armaments"],"picked":"SKIP","floor":4.0},{"not_picked":["Hemokinesis","Shockwave","Cleave"],"picked":"SKIP","floor":5.0},{"not_picked":["Seeing Red","Thunderclap"],"picked":"Flex","floor":8},{"not_picked":["ReplayReversal","Armaments"],"picked":"Replay:Undeath\u0027s Touch","floor":10},{"not_picked":["Rampage","Fiend Fire"],"picked":"Spot Weakness","floor":12},{"not_picked":["Shrug It Off","Flex"],"picked":"Flame Barrier","floor":14},{"not_picked":["Bludgeon","Fiend Fire"],"picked":"Feed","floor":16},{"not_picked":["Thunderclap+1","Iron Wave","Run Through"],"picked":"SKIP","floor":18},{"not_picked":["Clothesline","Replay:Undeath\u0027s Touch+1"],"picked":"ReplayTheSpireMod:Stacked+1","floor":22},{"not_picked":["Sword Boomerang","Headbutt"],"picked":"Twin Strike+1","floor":27},{"not_picked":["Havoc","REME_FearOfPain","Sentinel"],"picked":"SKIP","floor":28},{"not_picked":["Wild Strike","Clash+1"],"picked":"Perfected Strike+1","floor":31}],"player_experience":388791,"relics_obtained":[{"floor":8,"key":"Toy Ornithopter"},{"floor":26,"key":"REME_HandOfSuture"},{"floor":28,"key":"Tiny Chest"}],"event_choices":[{"damage_healed":0,"gold_gain":0,"player_choice":"Inject Mutagens","damage_taken":0,"relics_obtained":["MutagenicStrength"],"max_hp_gain":0,"max_hp_loss":0,"event_name":"Drug Dealer","floor":19,"gold_loss":0},{"damage_healed":0,"gold_gain":0,"player_choice":"Simplicity","damage_taken":0,"max_hp_gain":0,"max_hp_loss":0,"event_name":"Back to Basics","floor":20,"gold_loss":0,"cards_upgraded":["Strike_R","Strike_R","Strike_R","Strike_R","Strike_R","Defend_R","Defend_R"]},{"damage_healed":0,"gold_gain":0,"player_choice":"Ignored","damage_taken":0,"max_hp_gain":0,"max_hp_loss":0,"event_name":"Ghosts","floor":21,"gold_loss":0},{"cards_removed":["Defend_R"],"damage_healed":0,"gold_gain":0,"player_choice":"Gave Gold","damage_taken":0,"max_hp_gain":0,"max_hp_loss":0,"event_name":"Beggar","floor":23,"gold_loss":75},{"cards_removed":["Defend_R"],"damage_healed":0,"gold_gain":0,"player_choice":"Purged","damage_taken":0,"max_hp_gain":0,"max_hp_loss":0,"event_name":"Purifier","floor":25,"gold_loss":0}],"is_beta":false,"boss_relics":[{"not_picked":["SacredBark","Painkiller Herb"],"picked":"Empty Cage"}],"items_purged_floors":[],"is_endless":false,"potions_floor_spawned":[2,4,10,14,16,22],"killed_by":"Champ","ascension_level":0}}