{"host":"u7lm8z2rvb4dg2oo","time":1611123343,"event":{"mods":["AchievementEnabler","BaseMod","Bestiary","Block Reminder","Colored Map","Colored Powertips","Curses Come First","DeckTracker","Googly Eyes","Highlight Path","Minty Spire (QoL Compilation)","Quick Restart","StSLib"],"gold_per_floor":[217,228,248,93,43,43,68,91,103,115,138,10,10,27,27,130,130,146,146,130,7,17,17,31,31,101,101,117,142,159,191,191,291,291,310,210,210,222,241,241,273,273,273,302,7,7,0,0,0,0],"floor_reached":51,"language":"ENG","playtime":3855,"items_purged":["Strike_G","Strike_G","Strike_G","Strike_G"],"score":1043,"play_id":"ab455777-c4b4-4ab4-857e-e2a2dbb61601","local_time":"20210120011543","is_ascension_mode":true,"campfire_choices":[{"data":"Footwork","floor":6.0,"key":"SMITH"},{"data":"Footwork","floor":10.0,"key":"SMITH"},{"data":"Venomology","floor":15.0,"key":"SMITH"},{"data":"Adrenaline","floor":23.0,"key":"SMITH"},{"data":"Envenom","floor":25.0,"key":"SMITH"},{"floor":27.0,"key":"REST"},{"data":"Bouncing Flask","floor":32.0,"key":"SMITH"},{"data":"Catalyst","floor":40.0,"key":"SMITH"},{"data":"Noxious Fumes","floor":42.0,"key":"SMITH"},{"data":"Flechettes","floor":49,"key":"SMITH"}],"circlet_count":0,"master_deck":["Defend_G","Defend_G","Defend_G","Defend_G","Defend_G","Survivor","Neutralize","Backstab","Deadly Poison","Footwork+1","Footwork+1","Finisher","Blur","Blur","Venomology+1","Envenom+1","Leg Sweep","Adrenaline+1","Poisoned Stab","Dagger Spray+1","Dash","Dodge and Roll+1","Bouncing Flask+1","After Image","Madness","Madness","Catalyst+1","Noxious Fumes+1","Poisoned Stab+1","Backflip","Flechettes+1","Impatience","Bandage Up"],"relics":["Ring of the Snake","MawBank","The Courier","HoveringKite","Meat on the Bone","PreservedInsect","Bottled Lightning","Bird Faced Urn","FossilizedHelix","Philosopher\u0027s Stone","Calipers","Sundial","Letter Opener","Red Mask"],"acts_visited":["Exordium","TheCity","TheBeyond"],"potions_floor_usage":[44,50,50],"damage_taken":[{"damage":1.0,"enemies":"Small Slimes","floor":1.0,"turns":5.0},{"damage":0.0,"enemies":"Jaw Worm","floor":2.0,"turns":4.0},{"damage":0.0,"enemies":"Cultist","floor":3.0,"turns":3.0},{"damage":1.0,"enemies":"Gremlin Nob","floor":7.0,"turns":5.0},{"damage":2.0,"enemies":"Gremlin Gang","floor":8.0,"turns":7.0},{"damage":0.0,"enemies":"2 Fungi Beasts","floor":11.0,"turns":5.0},{"damage":0.0,"enemies":"Large Slime","floor":14.0,"turns":14.0},{"damage":3.0,"enemies":"Hexaghost","floor":16.0,"turns":16.0},{"damage":19.0,"enemies":"Chosen","floor":18.0,"turns":10.0},{"damage":10.0,"enemies":"2 Thieves","floor":20.0,"turns":4.0},{"damage":2.0,"enemies":"Snake Plant","floor":22.0,"turns":11.0},{"damage":26.0,"enemies":"Cultist and Chosen","floor":24.0,"turns":11.0},{"damage":1.0,"enemies":"Centurion and Healer","floor":28.0,"turns":9.0},{"damage":0.0,"enemies":"Book of Stabbing","floor":29.0,"turns":7.0},{"damage":10.0,"enemies":"Snake Plant","floor":30.0,"turns":7.0},{"damage":7.0,"enemies":"Slavers","floor":31.0,"turns":7.0},{"damage":38.0,"enemies":"Automaton","floor":33.0,"turns":16.0},{"damage":0.0,"enemies":"3 Shapes","floor":35.0,"turns":6.0},{"damage":3.0,"enemies":"Orb Walker","floor":38.0,"turns":5.0},{"damage":18.0,"enemies":"3 Darklings","floor":39.0,"turns":8.0},{"damage":5.0,"enemies":"Nemesis","floor":41.0,"turns":5.0},{"damage":10,"enemies":"Reptomancer","floor":44,"turns":3},{"damage":39,"enemies":"Awakened One","floor":50,"turns":17}],"seed_played":"-1746151572117352837","potions_obtained":[{"floor":1.0,"key":"EntropicBrew"},{"floor":2.0,"key":"Explosive Potion"},{"floor":8.0,"key":"PowerPotion"},{"floor":11.0,"key":"LiquidBronze"},{"floor":14.0,"key":"Poison Potion"},{"floor":22.0,"key":"DuplicationPotion"},{"floor":24.0,"key":"Regen Potion"},{"floor":30.0,"key":"DuplicationPotion"},{"floor":31.0,"key":"PowerPotion"},{"floor":33.0,"key":"BlessingOfTheForge"},{"floor":35.0,"key":"Explosive Potion"},{"floor":44,"key":"Ancient Potion"}],"is_trial":false,"path_per_floor":["M","M","M","$","?","R","E","M","T","R","M","$","$","M","R","B",null,"M","T","M","$","M","R","M","R","T","R","M","E","M","E","R","B",null,"M","$","?","M","M","R","E","R","T","E","$","?","?","$","R","B",null],"character_chosen":"THE_SILENT","items_purchased":["Footwork","Blur","PreservedInsect","Backflip","Flechettes","Impatience"],"campfire_rested":1,"item_purchase_floors":[4,12,21,45,45,45],"current_hp_per_floor":[62,62,62,62,62,62,61,59,59,59,59,59,59,59,59,56,67,48,48,38,38,36,36,22,22,22,43,57,57,53,52,52,34,61,69,69,60,65,55,55,60,60,60,58,58,58,58,58,58,45],"gold":0,"neow_bonus":"HUNDRED_GOLD","is_daily":false,"chose_seed":false,"campfire_upgraded":9,"win_rate":0.0,"timestamp":1611123343,"path_taken":["M","M","M","$","?","R","E","M","T","R","M","?","$","M","R","BOSS","M","?","M","$","M","R","M","R","T","R","?","E","M","E","R","BOSS","M","$","?","M","M","R","E","R","T","E","$","?","?","?","R","BOSS"],"items_purchased_type":["Card","Card","Relic","Card","Card","Card"],"build_version":"2020-12-22","purchased_purges":4,"victory":true,"max_hp_per_floor":[70,70,70,70,70,70,70,70,70,70,70,70,70,70,70,70,70,70,70,70,70,70,70,70,70,70,70,70,70,70,70,70,70,70,70,70,70,70,70,70,70,70,70,70,70,70,70,70,70,70],"card_choices":[{"not_picked":["Crippling Poison","Underhanded Strike"],"picked":"Backstab","floor":1.0},{"not_picked":["Underhanded Strike","Expertise"],"picked":"Deadly Poison","floor":2.0},{"not_picked":["Outmaneuver","Quick Slash"],"picked":"Footwork","floor":3.0},{"not_picked":["Dodge and Roll","Sucker Punch","Underhanded Strike"],"picked":"SKIP","floor":7.0},{"not_picked":["Blade Dance","Slice"],"picked":"Finisher","floor":8.0},{"not_picked":["Prepared","Deadly Poison"],"picked":"Blur","floor":11.0},{"not_picked":["Blur","Quick Slash"],"picked":"Venomology","floor":14.0},{"not_picked":["Die Die Die","Storm of Steel"],"picked":"Envenom","floor":16.0},{"not_picked":["Predator","Deflect"],"picked":"Leg Sweep","floor":18.0},{"not_picked":["Prepared","Endless Agony","Dagger Throw"],"picked":"SKIP","floor":20.0},{"not_picked":["Blade Dance","Dagger Spray"],"picked":"Adrenaline","floor":22.0},{"not_picked":["Outmaneuver","Underhanded Strike"],"picked":"Poisoned Stab","floor":24.0},{"not_picked":["Deflect","Flechettes"],"picked":"Dagger Spray+1","floor":28.0},{"not_picked":["Masterful Stab","Deadly Poison"],"picked":"Dash","floor":29.0},{"not_picked":["Flechettes","Flying Knee"],"picked":"Dodge and Roll+1","floor":30.0},{"not_picked":["Deadly Poison","Dodge and Roll"],"picked":"Bouncing Flask","floor":31.0},{"not_picked":["Burst","Malaise"],"picked":"After Image","floor":33.0},{"not_picked":["All Out Attack+1","Deflect+1","Dagger Throw+1"],"picked":"SKIP","floor":35.0},{"not_picked":["Heel Hook+1","Choke"],"picked":"Catalyst","floor":38.0},{"not_picked":["Accuracy","Underhanded Strike+1"],"picked":"Noxious Fumes","floor":39.0},{"not_picked":["Outmaneuver","Deflect"],"picked":"Poisoned Stab+1","floor":41.0},{"not_picked":["Setup+1","Blade Dance","Acrobatics+1"],"picked":"SKIP","floor":44},{"not_picked":["Enlightenment","HandOfGreed"],"picked":"Bandage Up","floor":46}],"player_experience":1008793,"relics_obtained":[{"floor":7.0,"key":"MawBank"},{"floor":9.0,"key":"The Courier"},{"floor":19.0,"key":"Meat on the Bone"},{"floor":26.0,"key":"Bottled Lightning"},{"floor":29.0,"key":"Bird Faced Urn"},{"floor":31.0,"key":"FossilizedHelix"},{"floor":41.0,"key":"Calipers"},{"floor":43.0,"key":"Sundial"},{"floor":44,"key":"Letter Opener"}],"event_choices":[{"cards_removed":["Strike_G"],"damage_healed":0.0,"max_hp_gain":0.0,"max_hp_loss":0.0,"gold_gain":0.0,"event_name":"The Cleric","player_choice":"Card Removal","floor":5.0,"gold_loss":50.0,"damage_taken":0.0},{"damage_healed":0.0,"max_hp_gain":0.0,"max_hp_loss":0.0,"gold_gain":0.0,"event_name":"Winding Halls","player_choice":"Embrace Madness","floor":37.0,"gold_loss":0.0,"damage_taken":9.0,"cards_obtained":["Madness","Madness"]},{"damage_healed":0,"gold_gain":0,"player_choice":"Memory 1","damage_taken":0,"max_hp_gain":0,"max_hp_loss":0,"event_name":"SensoryStone","floor":46,"gold_loss":0},{"damage_healed":0,"gold_gain":0,"player_choice":"Paid","damage_taken":0,"relics_obtained":["Red Mask"],"max_hp_gain":0,"max_hp_loss":0,"event_name":"Tomb of Lord Red Mask","floor":47,"gold_loss":7}],"is_beta":false,"boss_relics":[{"not_picked":["Busted Crown","Pandora\u0027s Box"],"picked":"HoveringKite"},{"not_picked":["Runic Pyramid","Black Star"],"picked":"Philosopher\u0027s Stone"}],"items_purged_floors":[4,12,36,45],"is_endless":false,"potions_floor_spawned":[1,2,8,11,14,22,24,30,31,33,35,44],"ascension_level":8}}