{"host":"ln76an1o32p2wxtf","time":1611160089,"event":{"mods":["AchievementEnabler","Act Like it!","BaseMod","BetterRewards","Colored Powertips","Energized Spire","GifTheSpireLib","Infinite Spire","Minty Spire (QoL Compilation)","Shop Mod","StSLib","Yuri Mod"],"gold_per_floor":[217,237,257,36,36,65,65,92,115,143,143,143,160,172,172,274,274,291,309,134,159,159,159,200,380,428,428,453,482,515,559,559,670,670,687,707,753,753,753],"floor_reached":38,"language":"ENG","playtime":2728,"items_purged":["yuri:yuriStrike","yuri:yuriStrike","Normality"],"score":478,"play_id":"b3a4af14-d1e7-4fe3-8001-1e28950c2f2b","local_time":"20210121002809","is_ascension_mode":false,"campfire_choices":[{"floor":7,"key":"REST"},{"data":"yuri:HoldBack","floor":11,"key":"SMITH"},{"data":"yuri:Virus","floor":15,"key":"SMITH"},{"data":"yuri:BrokenCode","floor":23,"key":"SMITH"},{"floor":32,"key":"RECALL"}],"circlet_count":0,"master_deck":["yuri:yuriDefend","yuri:yuriDefend","yuri:yuriDefend","yuri:yuriDefend","yuri:Oolong","yuri:yuriStab","yuri:ReactiveMadness","yuri:ThornRemove","yuri:BrokenCode+1","yuri:Virus+1","yuri:DebugCard","yuri:HoldBack+1","yuri:GreenTea","yuri:MirrorInsanity","yuri:StealPen","Bite","Bite","Bite","Bite","Bite","yuri:SturdyUniform","yuri:SeeingDouble","yuri:Torment","yuri:StealPen","Pain"],"relics":["yuri:yuriKnife","Ancient Tea Set","Odd Mushroom","Anchor","infinitespire:Lucky Rock","Oddly Smooth Stone","energizedSpire:CursedPentagram","infinitespire:PuzzleCube","Bag of Preparation","Philosopher\u0027s Stone","Matryoshka","energizedSpire:SpiderWeb"],"acts_visited":["Exordium","TheCity","TheBeyond"],"potions_floor_usage":[],"damage_taken":[{"damage":3,"enemies":"Cultist","floor":1,"turns":4},{"damage":1,"enemies":"Jaw Worm","floor":2,"turns":4},{"damage":9,"enemies":"Small Slimes","floor":3,"turns":5},{"damage":31,"enemies":"Gremlin Nob","floor":6,"turns":4},{"damage":19,"enemies":"The Mushroom Lair","floor":8,"turns":5},{"damage":17,"enemies":"Lagavulin","floor":10,"turns":7},{"damage":6,"enemies":"3 Louse","floor":13,"turns":5},{"damage":4,"enemies":"2 Fungi Beasts","floor":14,"turns":5},{"damage":13,"enemies":"Hexaghost","floor":16,"turns":12},{"damage":20,"enemies":"3 Byrds","floor":18,"turns":7},{"damage":10,"enemies":"Shell Parasite","floor":19,"turns":7},{"damage":24,"enemies":"3 Cultists","floor":21,"turns":7},{"damage":20,"enemies":"Book of Stabbing","floor":24,"turns":7},{"damage":34,"enemies":"Sentry and Sphere","floor":28,"turns":10},{"damage":9,"enemies":"Shelled Parasite and Fungi","floor":29,"turns":5},{"damage":5,"enemies":"Snake Plant","floor":30,"turns":5},{"damage":33,"enemies":"Slavers","floor":31,"turns":10},{"damage":16,"enemies":"Collector","floor":33,"turns":7},{"damage":22,"enemies":"3 Shapes","floor":35,"turns":9},{"damage":5,"enemies":"Orb Walker","floor":36,"turns":5},{"damage":59,"enemies":"Spire Growth","floor":37,"turns":7},{"damage":65,"enemies":"Transient","floor":38,"turns":3}],"seed_played":"5885371598855620674","potions_obtained":[{"floor":8,"key":"Explosive Potion"},{"floor":10,"key":"FairyPotion"},{"floor":13,"key":"FearPotion"},{"floor":14,"key":"Regen Potion"}],"is_trial":false,"path_per_floor":["M","M","M","$","?","E","R","?","T","E","R","?","M","M","R","B",null,"M","M","$","M","?","R","E","?","T","AVR","M","M","M","E","R","B",null,"M","M","M","M"],"character_chosen":"YURI","items_purchased":["yuri:Virus","yuri:StealPen"],"campfire_rested":1,"item_purchase_floors":[4,20],"current_hp_per_floor":[77,79,74,74,67,40,64,49,49,36,36,24,22,28,28,25,80,66,66,66,52,52,52,55,36,36,36,40,56,56,47,47,55,56,48,53,14,0,0],"gold":753,"neow_bonus":"HUNDRED_GOLD","is_daily":false,"chose_seed":false,"campfire_upgraded":3,"win_rate":0.0,"timestamp":1611160089,"path_taken":["M","M","M","$","?","E","R","?","T","E","R","?","M","M","R","BOSS","M","M","$","M","?","R","E","?","T","AVR","M","?","?","E","R","BOSS","M","M","?","M"],"items_purchased_type":["Card","Card"],"build_version":"2020-12-22","purchased_purges":3,"victory":false,"max_hp_per_floor":[80,80,80,80,80,80,80,80,80,80,80,80,80,80,80,80,80,80,80,80,80,56,56,56,56,56,56,56,56,56,56,56,56,56,56,56,56,56,56],"card_choices":[{"not_picked":["yuri:GlitchedStrike","yuri:CorruptHitbox"],"picked":"yuri:ReactiveMadness","floor":1},{"not_picked":["yuri:ChibiInvasion","yuri:yuriHeavyStrike"],"picked":"yuri:ThornRemove","floor":2},{"not_picked":["yuri:GlitchedStrike","yuri:Spin"],"picked":"yuri:BrokenCode","floor":3},{"not_picked":["yuri:CorruptHitbox","yuri:TPose"],"picked":"yuri:DebugCard","floor":6},{"not_picked":["yuri:yuriHeavyStrike","yuri:TPose"],"picked":"yuri:HoldBack","floor":10},{"not_picked":["yuri:Skip","yuri:TPose"],"picked":"yuri:GreenTea","floor":13},{"not_picked":["yuri:Stare","yuri:yuriQuickStrike","yuri:ThrowBook"],"picked":"SKIP","floor":14},{"not_picked":["yuri:MagneticKnives","yuri:DistillInsanity"],"picked":"yuri:MirrorInsanity","floor":16},{"not_picked":["yuri:Stalk+1","yuri:Skip","yuri:GrowingInsanity+1"],"picked":"SKIP","floor":18},{"not_picked":["yuri:MPose","yuri:CalmingAura","yuri:yuriQuickStrike"],"picked":"SKIP","floor":19},{"not_picked":["yuri:DebugCard+1","yuri:yuriQuickStrike","yuri:ThrowingKnives+1"],"picked":"SKIP","floor":21},{"not_picked":["yuri:GlitchedStrike","yuri:Stalk+1"],"picked":"yuri:SturdyUniform","floor":24},{"not_picked":["yuri:ChibiInvasion","yuri:Skip","yuri:ThrowingKnives"],"picked":"SKIP","floor":28},{"not_picked":["yuri:HeavierStrike","yuri:Spin","yuri:Skip"],"picked":"SKIP","floor":29},{"not_picked":["yuri:Stare","yuri:ThrowBook+1","yuri:GlitchedStrike"],"picked":"SKIP","floor":30},{"not_picked":["yuri:ReactiveMadness","yuri:InsanityDefense"],"picked":"yuri:SeeingDouble","floor":31},{"not_picked":["yuri:Virus","yuri:RemoveSafetyChecks"],"picked":"yuri:Torment","floor":33},{"not_picked":["yuri:MPose","yuri:yuriHeavyStrike+1","yuri:ReactiveMadness"],"picked":"SKIP","floor":35},{"not_picked":["yuri:InsanityDefense","yuri:GlitchedStrike"],"picked":"yuri:StealPen","floor":36},{"not_picked":["yuri:TPose+1","yuri:MPose","yuri:HeavierStrike"],"picked":"SKIP","floor":37}],"player_experience":753055,"relics_obtained":[{"floor":6,"key":"Ancient Tea Set"},{"floor":8,"key":"Odd Mushroom"},{"floor":9,"key":"Anchor"},{"floor":10,"key":"infinitespire:Lucky Rock"},{"floor":24,"key":"infinitespire:PuzzleCube"},{"floor":26,"key":"Bag of Preparation"},{"floor":31,"key":"Matryoshka"}],"event_choices":[{"cards_removed":["yuri:yuriDefend"],"damage_healed":0,"gold_gain":0,"player_choice":"Card Removal","damage_taken":7,"max_hp_gain":0,"max_hp_loss":0,"event_name":"Golden Wing","floor":5,"gold_loss":0},{"damage_healed":0,"gold_gain":0,"player_choice":"Fought Mushrooms","damage_taken":0,"max_hp_gain":0,"max_hp_loss":0,"event_name":"Mushrooms","floor":8,"gold_loss":0},{"damage_healed":0,"gold_gain":0,"player_choice":"Success","damage_taken":12,"relics_obtained":["Oddly Smooth Stone"],"max_hp_gain":0,"max_hp_loss":0,"event_name":"Scrap Ooze","floor":12,"gold_loss":0},{"damage_healed":0,"gold_gain":0,"player_choice":"Became a vampire","damage_taken":0,"max_hp_gain":0,"max_hp_loss":24,"event_name":"Vampires","floor":22,"gold_loss":0,"cards_obtained":["Bite","Bite","Bite","Bite","Bite"]},{"damage_healed":0,"gold_gain":180,"player_choice":"GOLD GOLD ","damage_taken":19,"max_hp_gain":0,"max_hp_loss":0,"event_name":"Knowing Skull","floor":25,"potions_obtained":[],"gold_loss":0,"cards_obtained":[]}],"is_beta":false,"boss_relics":[{"not_picked":["Tiny House","SacredBark"],"picked":"energizedSpire:CursedPentagram"},{"not_picked":["energizedSpire:HugeHouse","SlaversCollar"],"picked":"energizedSpire:SpiderWeb"}],"items_purged_floors":[4,20,27],"is_endless":false,"potions_floor_spawned":[8,10,13,14,18,24,30,31,35],"killed_by":"Transient","ascension_level":0}}