{"host":"ktoxvvst1mwxww91","time":1611126403,"event":{"mods":["BaseMod","Downfall","Hermit","Minty Spire (QoL Compilation)","StSLib","The Blackbeard","The Hierophant","The Mystic","The Necromancer"],"gold_per_floor":[99,111,130,130,150,325,325,354,373,273,298,311,326,355,372,472,472,472,484,247,266,277,307,334,347,377,388,399,425,425,425,435,535,535,535,555,566,566,666,566,566,576,600,610,610,510,269,301,319,319,319,351,16,16,16,16],"floor_reached":57,"language":"ENG","playtime":2927,"items_purged":["Doubt","bronze:Strike","bronze:Strike"],"score":1343,"play_id":"f22ef72b-6dd6-4938-ad57-9e48631e90a2","local_time":"20210120080643","is_ascension_mode":true,"campfire_choices":[{"data":"bronze:Replicate","floor":1,"key":"SMITH"},{"data":"bronze:Invalidate","floor":10,"key":"SMITH"},{"data":"bronze:Virus","floor":18,"key":"SMITH"},{"data":"bronze:Iterate","floor":30,"key":"SMITH"},{"floor":35,"key":"RECALL"},{"data":"bronze:Assembly","floor":40,"key":"SMITH"},{"data":"bronze:Terminator","floor":46,"key":"SMITH"},{"data":"expansioncontent:AwakenDeath","floor":54,"key":"SMITH"}],"circlet_count":0,"master_deck":["bronze:Strike","bronze:Strike","bronze:Defend","bronze:Defend","bronze:Defend","bronze:Defend","bronze:Replicate+1","bronze:Goto","bronze:OilSpill","bronze:ChosenStrike","bronze:Invalidate+1","bronze:Frontload","bronze:CleanCode","bronze:Constructor","bronze:BronzeOrb","bronze:Branch","bronze:Constructor","bronze:Shell","bronze:Virus+1","bronze:ChosenStrike","bronze:CutThrough","bronze:BronzeOrb","bronze:Terminator+1","bronze:Philosophize+1","bronze:Boost+1","bronze:Iterate+1","bronze:Assembly+1","bronze:Assembly+1","bronze:OilSpill+1","expansioncontent:AwakenDeath+1"],"relics":["SacredBark","bronze:BottledCode","StrikeDummy","Meat on the Bone","downfall:HeartBlessingGreen","Lizard Tail","Guardian:PocketSentry","Runic Pyramid","HandDrill","Omamori","Lantern","Smiling Mask","Tiny Chest","Busted Crown","downfall:HeartBlessingRed","Orichalcum","downfall:HeartBlessingBlue","ClockworkSouvenir","hexamod:BolsterEngine","Bronze Scales","Boot","Nunchaku"],"acts_visited":["Exordium","TheCity","TheBeyond","TheEnding"],"potions_floor_usage":[11,14,16,23,23,26,29,29,33,47,47,50,50,50,55],"damage_taken":[{"damage":0,"enemies":"Cultist","floor":2,"turns":3},{"damage":5,"enemies":"Small Slimes","floor":3,"turns":4},{"damage":3,"enemies":"2 Louse","floor":5,"turns":3},{"damage":20,"enemies":"Lagavulin","floor":8,"turns":5},{"damage":5,"enemies":"Exordium Wildlife","floor":9,"turns":4},{"damage":9,"enemies":"3 Sentries","floor":11,"turns":7},{"damage":17,"enemies":"Gremlin Gang","floor":12,"turns":4},{"damage":1,"enemies":"Large Slime","floor":13,"turns":6},{"damage":5,"enemies":"Gremlin Nob","floor":14,"turns":3},{"damage":3,"enemies":"Red Slaver","floor":15,"turns":3},{"damage":9,"enemies":"IC_STATUS_ARCHETYPE","floor":16,"turns":5},{"damage":0,"enemies":"Chosen","floor":19,"turns":4},{"damage":0,"enemies":"downfall:FleeingMerchant","floor":20,"turns":4},{"damage":4,"enemies":"Centurion and Healer","floor":21,"turns":4},{"damage":8,"enemies":"Snake Plant","floor":22,"turns":3},{"damage":9,"enemies":"Slavers","floor":23,"turns":3},{"damage":10,"enemies":"Chosen and Byrds","floor":25,"turns":5},{"damage":0,"enemies":"Gremlin Leader","floor":26,"turns":2},{"damage":20,"enemies":"Shelled Parasite and Fungi","floor":27,"turns":4},{"damage":0,"enemies":"Centurion and Healer","floor":28,"turns":5},{"damage":0,"enemies":"Slavers","floor":29,"turns":4},{"damage":0,"enemies":"Cultist and Chosen","floor":32,"turns":4},{"damage":11,"enemies":"SI_MIRROR_ARCHETYPE","floor":33,"turns":5},{"damage":2,"enemies":"Orb Walker","floor":36,"turns":2},{"damage":0,"enemies":"3 Shapes","floor":37,"turns":5},{"damage":0,"enemies":"Writhing Mass","floor":42,"turns":4},{"damage":12,"enemies":"4 Shapes","floor":44,"turns":8},{"damage":14,"enemies":"downfall:FleeingMerchant","floor":47,"turns":3},{"damage":5,"enemies":"Giant Head","floor":48,"turns":4},{"damage":0,"enemies":"Transient","floor":49,"turns":5},{"damage":6,"enemies":"DF_ARCHETYPE_ORBS","floor":50,"turns":4},{"damage":44,"enemies":"downfall:CharBossMerchant","floor":52,"turns":5},{"damage":18,"enemies":"downfall:NeowBoss","floor":55,"turns":10},{"damage":92,"enemies":"downfall:NeowBossFinal","floor":56,"turns":9}],"seed_played":"-1178888435054511183","potions_obtained":[{"floor":3,"key":"BlessingOfTheForge"},{"floor":9,"key":"FearPotion"},{"floor":11,"key":"hexamod:SoulburnPotion"},{"floor":12,"key":"FearPotion"},{"floor":14,"key":"Fire Potion"},{"floor":15,"key":"hexamod:SoulburnPotion"},{"floor":16,"key":"BlessingOfTheForge"},{"floor":25,"key":"Strength Potion"},{"floor":28,"key":"SpeedPotion"},{"floor":31,"key":"CultistPotion"},{"floor":32,"key":"FearPotion"},{"floor":33,"key":"bronze:BuildAFunctionPotion"},{"floor":48,"key":"DistilledChaos"}],"is_trial":false,"path_per_floor":["R","M","M","?","M","?","T","E","M","R","E","M","M","E","M","B",null,"R","M","$","M","M","E","T","M","E","M","M","E","R","?","M","B",null,"R","M","M","?","?","R","T","M","T","M","?","R","$","E","M","B",null,"E","$","R","B","B",null],"character_chosen":"THE_AUTOMATON","items_purchased":["HandDrill","CultistPotion","Dexterity Potion","ClockworkSouvenir","hexamod:BolsterEngine","SpeedPotion","hexamod:SoulburnPotion","Nunchaku","expansioncontent:AwakenDeath"],"campfire_rested":0,"item_purchase_floors":[20,47,47,47,47,47,53,53,53],"current_hp_per_floor":[70,70,65,60,57,57,57,37,32,32,35,30,41,36,33,36,60,60,60,60,56,48,39,39,41,41,33,33,33,33,33,33,34,60,60,58,58,58,58,58,58,58,58,46,46,56,42,37,37,43,70,38,38,38,32,42],"gold":16,"neow_bonus":"BOSS_RELIC","is_daily":false,"chose_seed":false,"campfire_upgraded":7,"win_rate":0.0,"timestamp":1611126403,"path_taken":["R","M","M","?","M","?","T","E","M","R","E","M","M","E","M","BOSS","R","M","$","M","M","E","T","M","E","M","M","E","R","?","M","BOSS","R","M","M","?","?","R","T","M","?","?","?","R","$","E","M","BOSS","E","$","R","BOSS","BOSS"],"items_purchased_type":["Relic","Potion","Potion","Relic","Relic","Potion","Potion","Relic","Card"],"build_version":"2020-12-22","purchased_purges":3,"victory":true,"max_hp_per_floor":[70,70,70,60,60,60,60,60,60,60,60,60,60,60,60,60,60,60,60,60,60,60,60,60,60,60,60,60,60,60,60,60,60,60,60,60,60,60,60,60,60,60,60,60,60,70,70,70,70,70,70,70,70,70,70,70],"card_choices":[{"not_picked":["bronze:DelayedGuard","bronze:Backtrace"],"picked":"bronze:OilSpill","floor":2},{"not_picked":["bronze:CutThrough","bronze:Flail"],"picked":"bronze:ChosenStrike","floor":3},{"not_picked":["bronze:ClassDefault","bronze:Return"],"picked":"bronze:Invalidate","floor":5},{"not_picked":["bronze:GetLatest","bronze:Repulsor"],"picked":"bronze:Frontload","floor":8},{"not_picked":["bronze:Optimize","bronze:Branch"],"picked":"bronze:CleanCode","floor":9},{"not_picked":["bronze:Turbo","bronze:BitShift"],"picked":"bronze:Constructor","floor":11},{"not_picked":["bronze:Constructor","bronze:WildBeam"],"picked":"bronze:BronzeOrb","floor":12},{"not_picked":["bronze:OilSpill","bronze:Allocate"],"picked":"bronze:Branch","floor":13},{"not_picked":["bronze:Fortify","bronze:Branch"],"picked":"bronze:Constructor","floor":14},{"not_picked":["bronze:BugBarrage","bronze:Turbo"],"picked":"bronze:Shell","floor":15},{"not_picked":["bronze:ShipIt","bronze:HardenedForm"],"picked":"bronze:Virus","floor":16},{"not_picked":["bronze:Shield+1","bronze:NullPointer","bronze:WildBeam"],"picked":"SKIP","floor":19},{"not_picked":["bronze:OilSpill","bronze:WildBeam"],"picked":"bronze:ChosenStrike","floor":20},{"not_picked":["bronze:GetLatest","bronze:NullPointer"],"picked":"bronze:CutThrough","floor":21},{"not_picked":["bronze:WildBeam","bronze:ChosenStrike"],"picked":"bronze:BronzeOrb","floor":22},{"not_picked":["bronze:DelayedGuard","bronze:SpaghettiCode"],"picked":"bronze:Terminator","floor":23},{"not_picked":["bronze:Separator","bronze:BugBarrage+1"],"picked":"bronze:Philosophize+1","floor":25},{"not_picked":["bronze:Constructor+1","bronze:Frontload"],"picked":"bronze:Boost+1","floor":26},{"not_picked":["bronze:ClassDefault+1","bronze:FineTuning+1","bronze:Invalidate+1"],"picked":"SKIP","floor":27},{"not_picked":["bronze:FineTuning","bronze:Separator","bronze:FollowUp"],"picked":"SKIP","floor":28},{"not_picked":["bronze:DelayedGuard","bronze:Branch"],"picked":"bronze:Iterate","floor":29},{"not_picked":["bronze:Iterate","bronze:WhirlingStrike","bronze:CutThrough"],"picked":"SKIP","floor":32},{"not_picked":["bronze:Virus","bronze:BurnOut"],"picked":"bronze:Assembly","floor":33},{"not_picked":["bronze:BugBarrage"],"picked":"SKIP","floor":36},{"not_picked":["bronze:BuggyMess"],"picked":"SKIP","floor":37},{"not_picked":["bronze:WhirlingStrike+1"],"picked":"SKIP","floor":42},{"not_picked":["bronze:DigitalCarnage+1"],"picked":"SKIP","floor":44},{"not_picked":[],"picked":"bronze:OilSpill+1","floor":47},{"not_picked":["bronze:Turbo+1"],"picked":"SKIP","floor":48},{"not_picked":["bronze:Backtrace"],"picked":"SKIP","floor":49},{"not_picked":["bronze:Return+1"],"picked":"SKIP","floor":52}],"player_experience":1152280,"relics_obtained":[{"floor":7,"key":"StrikeDummy"},{"floor":8,"key":"Meat on the Bone"},{"floor":11,"key":"Lizard Tail"},{"floor":14,"key":"Guardian:PocketSentry"},{"floor":23,"key":"Omamori"},{"floor":24,"key":"Lantern"},{"floor":26,"key":"Smiling Mask"},{"floor":29,"key":"Tiny Chest"},{"floor":43,"key":"Orichalcum"},{"floor":48,"key":"Bronze Scales"},{"floor":52,"key":"Boot"}],"event_choices":[],"is_beta":false,"boss_relics":[{"not_picked":["bronze:MakeshiftBattery","Empty Cage"],"picked":"Runic Pyramid"},{"not_picked":["SlaversCollar","Coffee Dripper"],"picked":"Busted Crown"}],"items_purged_floors":[20,47,53],"is_endless":false,"potions_floor_spawned":[3,9,11,12,14,15,16,22,25,28,32,33,48,49],"ascension_level":1}}