{"host":"umlqh7ic0jf4k5hg","time":1611116441,"event":{"mods":["AchievementEnabler","Astrologer","BaseMod","Colored Powertips","Custom Start","DeckTracker","Highlight Path","Minty Spire (QoL Compilation)","StSLib","Synergy Search"],"gold_per_floor":[116,131,143,21,0,25,25,58,106,30,41,41,41,99,99,200,200],"floor_reached":16,"language":"SPA","playtime":1011,"items_purged":["astrologer:Strike"],"score":158,"play_id":"00f1e35c-39bf-4d77-87be-1f5ca7d84e71","local_time":"20210120012041","is_ascension_mode":false,"campfire_choices":[{"floor":7,"key":"REST"},{"floor":13,"key":"REST"},{"floor":15,"key":"REST"}],"circlet_count":0,"master_deck":["astrologer:Strike","astrologer:Strike","astrologer:Strike","astrologer:Defend","astrologer:Defend","astrologer:Defend","astrologer:Defend","astrologer:NorthStar","astrologer:TheFool","astrologer:MeteorShower","astrologer:FrozenStar","astrologer:StarOfMisfortune","astrologer:Eclipse","astrologer:Fireball","astrologer:SolarFlare","astrologer:CosmicExpanse","astrologer:TheHierophant","astrologer:FrozenStar+1"],"relics":["astrologer:SkyMirror","NeowsBlessing","InkBottle","Juzu Bracelet","Toxic Egg 2","Happy Flower"],"acts_visited":["Exordium"],"potions_floor_usage":[8,14,16],"damage_taken":[{"damage":0,"enemies":"Cultist","floor":1,"turns":1},{"damage":0,"enemies":"2 Louse","floor":2,"turns":1},{"damage":0,"enemies":"Jaw Worm","floor":3,"turns":1},{"damage":38,"enemies":"Lagavulin","floor":6,"turns":7},{"damage":16,"enemies":"3 Sentries","floor":8,"turns":6},{"damage":7,"enemies":"Blue Slaver","floor":11,"turns":3},{"damage":22,"enemies":"3 Sentries","floor":14,"turns":8},{"damage":5,"enemies":"The Guardian","floor":16,"turns":9}],"seed_played":"-7679050580894921569","potions_obtained":[{"floor":3,"key":"FearPotion"},{"floor":8,"key":"SteroidPotion"},{"floor":11,"key":"DuplicationPotion"}],"is_trial":false,"path_per_floor":["M","M","M","$","?","E","R","E","T","$","M","?","R","?","R","B"],"character_chosen":"ASTROLOGER","items_purchased":["astrologer:Eclipse","astrologer:CosmicExpanse"],"campfire_rested":3,"item_purchase_floors":[4,10],"current_hp_per_floor":[70,70,70,70,70,32,53,37,37,37,30,23,44,22,43,38,38],"gold":200,"neow_bonus":"THREE_ENEMY_KILL","is_daily":false,"chose_seed":false,"campfire_upgraded":0,"win_rate":0.0,"timestamp":1611116441,"path_taken":["M","?","M","$","?","E","R","E","T","$","M","?","R","?","R","BOSS"],"items_purchased_type":["Card","Card"],"build_version":"2020-12-22","purchased_purges":1,"victory":false,"max_hp_per_floor":[70,70,70,70,70,70,70,70,70,70,70,70,70,70,70,70,70],"card_choices":[{"not_picked":["astrologer:Stardust","astrologer:Judgement"],"picked":"astrologer:MeteorShower","floor":1},{"not_picked":["astrologer:Opposition","astrologer:SpaceDust"],"picked":"astrologer:FrozenStar","floor":2},{"not_picked":["astrologer:SolarFlare","astrologer:Retelling"],"picked":"astrologer:StarOfMisfortune","floor":3},{"not_picked":["astrologer:SpaceDust","astrologer:SolarFlare"],"picked":"astrologer:Fireball","floor":6},{"not_picked":["astrologer:ShiningStar","astrologer:TheEmpress"],"picked":"astrologer:SolarFlare","floor":8},{"not_picked":["astrologer:SolarFlare","astrologer:TheWorld"],"picked":"astrologer:TheHierophant","floor":11},{"not_picked":["astrologer:Moonlight+1","astrologer:Radiance"],"picked":"astrologer:FrozenStar+1","floor":14}],"player_experience":287768,"relics_obtained":[{"floor":6,"key":"InkBottle"},{"floor":8,"key":"Juzu Bracelet"},{"floor":14,"key":"Happy Flower"}],"event_choices":[{"damage_healed":0,"gold_gain":0,"player_choice":"Left Gold","damage_taken":0,"max_hp_gain":0,"max_hp_loss":0,"event_name":"World of Goop","floor":5,"gold_loss":21},{"damage_healed":0,"gold_gain":0,"player_choice":"Success","damage_taken":7,"relics_obtained":["Toxic Egg 2"],"max_hp_gain":0,"max_hp_loss":0,"event_name":"Scrap Ooze","floor":12,"gold_loss":0},{"damage_healed":0,"gold_gain":0,"player_choice":"Searched \u00271\u0027 times","damage_taken":0,"max_hp_gain":0,"max_hp_loss":0,"event_name":"Dead Adventurer","floor":14,"gold_loss":0}],"is_beta":false,"boss_relics":[],"items_purged_floors":[4],"is_endless":false,"potions_floor_spawned":[3,8,11],"killed_by":"The Guardian","ascension_level":0}}