{"host":"u4i2ooh2b9rb1ay5","time":1611142196,"event":{"mods":["AchievementEnabler","BaseMod","Bestiary","Minty Spire (QoL Compilation)","StSLib"],"gold_per_floor":[117,128,128,138,155,187,187,220,220,220,220],"floor_reached":10,"language":"ENG","playtime":496,"items_purged":[],"score":119,"play_id":"7d917f5d-0525-43cb-bee5-922872e4dff3","local_time":"20210120132956","is_ascension_mode":true,"campfire_choices":[{"data":"Catalyst","floor":7,"key":"SMITH"}],"circlet_count":0,"master_deck":["Strike_G","Strike_G","Strike_G","Strike_G","Defend_G","Defend_G","Defend_G","Defend_G","Defend_G","Survivor","Neutralize","Footwork","Sucker Punch","Tools of the Trade","Catalyst+1","Deadly Poison"],"relics":["Ring of the Snake","Mango","Torii","Toxic Egg 2"],"acts_visited":["Exordium"],"potions_floor_usage":[6,8,10,10,10,10],"damage_taken":[{"damage":0,"enemies":"Jaw Worm","floor":1,"turns":5},{"damage":0,"enemies":"2 Louse","floor":2,"turns":4},{"damage":0,"enemies":"Cultist","floor":4,"turns":4},{"damage":4,"enemies":"Looter","floor":5,"turns":4},{"damage":43,"enemies":"Lagavulin","floor":6,"turns":9},{"damage":34,"enemies":"3 Sentries","floor":8,"turns":14},{"damage":15,"enemies":"Gremlin Nob","floor":10,"turns":2}],"seed_played":"-3830558600716099988","potions_obtained":[{"floor":1,"key":"Poison Potion"},{"floor":2,"key":"Strength Potion"},{"floor":6,"key":"EntropicBrew"}],"is_trial":false,"path_per_floor":["M","M","?","M","M","E","R","E","T","E"],"character_chosen":"THE_SILENT","items_purchased":[],"campfire_rested":0,"item_purchase_floors":[],"current_hp_per_floor":[77,77,70,70,66,37,37,3,3,0,0],"gold":220,"neow_bonus":"TEN_PERCENT_HP_BONUS","is_daily":false,"chose_seed":false,"campfire_upgraded":1,"win_rate":0.0,"timestamp":1611142196,"path_taken":["M","M","?","M","M","E","R","E","T","E"],"items_purchased_type":[],"build_version":"2020-12-22","purchased_purges":0,"victory":false,"max_hp_per_floor":[77,77,77,77,77,91,91,91,91,91,91],"card_choices":[{"not_picked":["Calculated Gamble","Dagger Spray"],"picked":"Footwork","floor":1},{"not_picked":["Outmaneuver","Tactician"],"picked":"Sucker Punch","floor":2},{"not_picked":["Prepared","Dagger Spray"],"picked":"Tools of the Trade","floor":4},{"not_picked":["Cloak And Dagger","Well Laid Plans"],"picked":"Catalyst","floor":5},{"not_picked":["Skewer","Distraction"],"picked":"Deadly Poison","floor":6},{"not_picked":["Accuracy","Acrobatics","Cloak And Dagger"],"picked":"SKIP","floor":8}],"player_experience":275108,"relics_obtained":[{"floor":6,"key":"Mango"},{"floor":8,"key":"Torii"},{"floor":9,"key":"Toxic Egg 2"}],"event_choices":[{"cards_removed":["Strike_G"],"damage_healed":0,"gold_gain":0,"player_choice":"Card Removal","damage_taken":7,"max_hp_gain":0,"max_hp_loss":0,"event_name":"Golden Wing","floor":3,"gold_loss":0}],"is_beta":false,"boss_relics":[],"items_purged_floors":[],"is_endless":false,"potions_floor_spawned":[1,2,6],"killed_by":"Gremlin Nob","ascension_level":4}}