{"host":"vfh4a5lsno7fg1vy","time":1611137620,"event":{"mods":["BaseMod","Minty Spire (QoL Compilation)","StSLib","Synergy Search"],"gold_per_floor":[19,19,19,37,57,57,86,86,86,121,121,135,135,147,147,249,249,277,302,326,365,377,389,421,433,433],"floor_reached":25,"language":"KOR","playtime":934,"items_purged":[],"score":234,"play_id":"de63486b-c119-4823-b290-e504068e3e3f","local_time":"20210120191340","is_ascension_mode":true,"campfire_choices":[{"data":"Bash","floor":6.0,"key":"SMITH"},{"data":"Panache","floor":8.0,"key":"SMITH"},{"floor":11.0,"key":"REST"},{"floor":15.0,"key":"REST"},{"floor":23.0,"key":"REST"}],"circlet_count":0,"master_deck":["Strike_R","Strike_R","Strike_R","Strike_R","Strike_R","Defend_R","Defend_R","Defend_R","Defend_R","Bash+1","Panache+1","Anger","Shrug It Off","Anger","Disarm","Anger","Pommel Strike","Clash","Offering","CurseOfTheBell","Sword Boomerang","Whirlwind","True Grit+1","Clash","Blood for Blood"],"relics":["Burning Blood","InkBottle","Paper Frog","Bird Faced Urn","Calling Bell","MawBank","Pantograph","Mango","Red Mask","MutagenicStrength"],"acts_visited":["Exordium","TheCity"],"potions_floor_usage":[25],"damage_taken":[{"damage":6.0,"enemies":"2 Louse","floor":1.0,"turns":4.0},{"damage":6.0,"enemies":"Cultist","floor":4.0,"turns":3.0},{"damage":13.0,"enemies":"Jaw Worm","floor":5.0,"turns":5.0},{"damage":27.0,"enemies":"Gremlin Nob","floor":7.0,"turns":4.0},{"damage":18.0,"enemies":"Lagavulin","floor":10.0,"turns":6.0},{"damage":3.0,"enemies":"Blue Slaver","floor":12.0,"turns":3.0},{"damage":13.0,"enemies":"Looter","floor":14.0,"turns":3.0},{"damage":38.0,"enemies":"The Guardian","floor":16.0,"turns":7.0},{"damage":23.0,"enemies":"3 Byrds","floor":18.0,"turns":4.0},{"damage":46.0,"enemies":"2 Thieves","floor":19.0,"turns":5.0},{"damage":20.0,"enemies":"Snake Plant","floor":20.0,"turns":3.0},{"damage":17.0,"enemies":"Masked Bandits","floor":21.0,"turns":3.0},{"damage":32.0,"enemies":"Snecko","floor":24.0,"turns":4.0},{"damage":34,"enemies":"3 Cultists","floor":25,"turns":3}],"seed_played":"-8478193098349237426","potions_obtained":[{"floor":10.0,"key":"Regen Potion"},{"floor":12.0,"key":"CultistPotion"},{"floor":16.0,"key":"SteroidPotion"},{"floor":19.0,"key":"Explosive Potion"},{"floor":21.0,"key":"Regen Potion"}],"is_trial":false,"path_per_floor":["M","?","$","M","M","R","E","R","T","E","R","M","?","M","R","B",null,"M","M","M","?","?","R","M","M"],"character_chosen":"IRONCLAD","items_purchased":[],"campfire_rested":3,"item_purchase_floors":[],"current_hp_per_floor":[80,80,80,80,73,73,52,52,52,40,64,67,55,48,72,56,94,79,41,29,18,18,46,20,0,0],"gold":433,"neow_bonus":"RANDOM_COLORLESS_2","is_daily":false,"chose_seed":false,"campfire_upgraded":2,"win_rate":0.0,"timestamp":1611137620,"path_taken":["M","?","$","M","?","R","E","R","T","E","R","?","?","M","R","BOSS","M","M","M","?","?","R","M","M"],"items_purchased_type":[],"build_version":"2020-12-22","purchased_purges":0,"victory":false,"max_hp_per_floor":[80,80,80,80,80,80,80,80,80,80,80,80,80,80,80,80,94,94,94,94,94,94,94,94,94,94],"card_choices":[{"not_picked":["Violence","Sadistic Nature"],"picked":"Panache","floor":0.0},{"not_picked":["Clash","Twin Strike"],"picked":"Anger","floor":1.0},{"not_picked":["Entrench","Body Slam"],"picked":"Shrug It Off","floor":4.0},{"not_picked":["True Grit","Battle Trance"],"picked":"Anger","floor":5.0},{"not_picked":["Sever Soul","Hemokinesis"],"picked":"Disarm","floor":7.0},{"not_picked":["Demon Form","Clothesline"],"picked":"Anger","floor":10.0},{"not_picked":["Evolve","Flex"],"picked":"Pommel Strike","floor":12.0},{"not_picked":["Thunderclap","Sword Boomerang"],"picked":"Clash","floor":14.0},{"not_picked":["Juggernaut","Impervious"],"picked":"Offering","floor":16.0},{"not_picked":["Feel No Pain","Second Wind"],"picked":"Sword Boomerang","floor":18.0},{"not_picked":["Body Slam","Disarm"],"picked":"Whirlwind","floor":19.0},{"not_picked":["Shrug It Off","Evolve"],"picked":"True Grit+1","floor":20.0},{"not_picked":["Disarm","Ghostly Armor"],"picked":"Clash","floor":21.0},{"not_picked":["Pummel","Wild Strike"],"picked":"Blood for Blood","floor":24.0}],"player_experience":210328,"relics_obtained":[{"floor":9.0,"key":"InkBottle"},{"floor":10.0,"key":"Paper Frog"},{"floor":17.0,"key":"MawBank"},{"floor":17.0,"key":"Pantograph"},{"floor":17.0,"key":"Mango"},{"floor":21.0,"key":"Red Mask"}],"event_choices":[{"damage_healed":0.0,"max_hp_gain":0.0,"max_hp_loss":0.0,"gold_gain":0.0,"event_name":"WeMeetAgain","player_choice":"Ignored","floor":2.0,"gold_loss":0.0,"damage_taken":0.0},{"damage_healed":0.0,"max_hp_gain":0.0,"max_hp_loss":0.0,"gold_gain":0.0,"event_name":"Scrap Ooze","player_choice":"Success","floor":13.0,"gold_loss":0.0,"damage_taken":12.0,"relics_obtained":["Bird Faced Urn"]},{"damage_healed":0.0,"max_hp_gain":0.0,"max_hp_loss":0.0,"gold_gain":0.0,"event_name":"Masked Bandits","player_choice":"Fought Bandits","floor":21.0,"gold_loss":0.0,"damage_taken":0.0},{"damage_healed":0.0,"max_hp_gain":0.0,"max_hp_loss":0.0,"gold_gain":0.0,"event_name":"Drug Dealer","player_choice":"Inject Mutagens","floor":22.0,"gold_loss":0.0,"damage_taken":0.0,"relics_obtained":["MutagenicStrength"]}],"is_beta":false,"boss_relics":[{"not_picked":["Ectoplasm","Snecko Eye"],"picked":"Calling Bell"}],"items_purged_floors":[],"is_endless":false,"potions_floor_spawned":[10,12,16,19,21],"killed_by":"3 Cultists","ascension_level":2}}