{"host":"y7sd46uq4xlni546","time":1611170736,"event":{"mods":["AchievementEnabler","BaseMod","Colored Map","Colored Powertips","Curses Come First","Filter the Spire","Minty Spire (QoL Compilation)","Quick Restart","Random Character Button","Rare Cards Sparkle","StSLib"],"gold_per_floor":[110,110,128,128,138,168,168,168,168,168,194,194,215,189,189,290,290,310,310,310,310,324,350,40,40,40,40,54,54,71,83,83,183,183,198,53,63,0,0,31,31,62,89,89,104,118,135,147,147,147],"floor_reached":51,"language":"ENG","playtime":2314,"items_purged":[],"score":783,"play_id":"f74fd22a-444a-420a-8dce-60cc57839a46","local_time":"20210120202536","is_ascension_mode":false,"campfire_choices":[{"floor":7,"key":"REST"},{"data":"Neutralize","floor":10,"key":"SMITH"},{"floor":15,"key":"REST"},{"floor":25,"key":"REST"},{"data":"Writhe","floor":29,"key":"PURGE"},{"floor":32,"key":"REST"},{"floor":41,"key":"REST"},{"floor":49,"key":"REST"}],"circlet_count":0,"master_deck":["Survivor","Neutralize+1","Noxious Fumes+1","Phantasmal Killer+1","Endless Agony+1","Infinite Blades","Accuracy+1","Flying Knee","Slice","Endless Agony","Quick Slash","Night Terror","Heel Hook+1","Die Die Die","Madness","Night Terror","Dagger Spray","Backstab","Dodge and Roll+1","Terror","A Thousand Cuts","Dodge and Roll","Catalyst","Tactician","Dagger Spray","Escape Plan","All Out Attack","Blade Dance+1","Leg Sweep","Phantasmal Killer+1","Adrenaline","Wraith Form v2","Backflip+1","Deflect+1","Backflip+1"],"relics":["Astrolabe","Ice Cream","FossilizedHelix","Dream Catcher","Akabeko","Odd Mushroom","Black Star","Meat on the Bone","Bottled Lightning","InkBottle","Peace Pipe","Question Card","Pandora\u0027s Box","MealTicket","Red Mask","Omamori","Oddly Smooth Stone","Singing Bowl","Sundial","PreservedInsect"],"acts_visited":["Exordium","TheCity","TheBeyond"],"potions_floor_usage":[6,18,23,30,37,40,50],"damage_taken":[{"damage":8,"enemies":"Small Slimes","floor":1,"turns":3},{"damage":0,"enemies":"Jaw Worm","floor":3,"turns":3},{"damage":7,"enemies":"2 Louse","floor":5,"turns":3},{"damage":7,"enemies":"3 Sentries","floor":6,"turns":5},{"damage":17,"enemies":"Gremlin Nob","floor":11,"turns":5},{"damage":1,"enemies":"The Mushroom Lair","floor":13,"turns":4},{"damage":37,"enemies":"The Guardian","floor":16,"turns":9},{"damage":2,"enemies":"2 Thieves","floor":18,"turns":3},{"damage":5,"enemies":"Chosen","floor":22,"turns":4},{"damage":44,"enemies":"Book of Stabbing","floor":23,"turns":6},{"damage":8,"enemies":"Centurion and Healer","floor":28,"turns":3},{"damage":7,"enemies":"Snecko","floor":30,"turns":4},{"damage":5,"enemies":"Snake Plant","floor":31,"turns":3},{"damage":35,"enemies":"Champ","floor":33,"turns":7},{"damage":13,"enemies":"Orb Walker","floor":35,"turns":3},{"damage":32,"enemies":"3 Shapes","floor":37,"turns":5},{"damage":4,"enemies":"Nemesis","floor":40,"turns":5},{"damage":0,"enemies":"Giant Head","floor":42,"turns":4},{"damage":15,"enemies":"Spire Growth","floor":45,"turns":4},{"damage":3,"enemies":"Transient","floor":46,"turns":5},{"damage":28,"enemies":"Jaw Worm Horde","floor":47,"turns":3},{"damage":6,"enemies":"Maw","floor":48,"turns":5},{"damage":32,"enemies":"Donu and Deca","floor":50,"turns":8}],"seed_played":"4518581181463783776","potions_obtained":[{"floor":1,"key":"CultistPotion"},{"floor":6,"key":"Dexterity Potion"},{"floor":11,"key":"Fire Potion"},{"floor":28,"key":"Energy Potion"},{"floor":33,"key":"AttackPotion"},{"floor":35,"key":"Ancient Potion"},{"floor":46,"key":"LiquidBronze"}],"is_trial":false,"path_per_floor":["M","?","M","?","M","E","R","T","T","R","E","?","?","$","R","B",null,"M","?","?","?","M","E","$","R","T","?","M","R","M","M","R","B",null,"M","$","M","?","?","E","R","E","T","$","M","M","M","M","R","B",null],"character_chosen":"THE_SILENT","items_purchased":["Quick Slash","Peace Pipe","MealTicket"],"campfire_rested":6,"item_purchase_floors":[14,24,36],"current_hp_per_floor":[62,67,67,60,53,46,68,68,68,68,51,51,50,50,72,35,75,73,73,73,59,54,22,22,46,46,46,50,50,43,50,74,51,80,67,67,47,47,47,43,67,67,67,80,65,62,48,44,69,49],"gold":147,"neow_bonus":"BOSS_RELIC","is_daily":false,"chose_seed":false,"campfire_upgraded":1,"win_rate":0.0,"timestamp":1611170736,"path_taken":["M","?","M","?","M","E","R","?","T","R","E","?","?","?","R","BOSS","M","?","?","?","?","E","$","R","T","?","M","R","M","M","R","BOSS","M","$","M","?","?","E","R","E","T","$","M","M","?","M","R","BOSS"],"items_purchased_type":["Card","Relic","Relic"],"build_version":"2020-12-22","purchased_purges":0,"victory":true,"max_hp_per_floor":[70,75,75,75,75,75,75,75,75,75,75,75,75,75,75,75,75,75,75,75,80,80,80,80,80,80,80,80,80,80,80,80,80,80,80,80,80,80,80,80,80,80,80,80,80,80,82,84,84,84],"card_choices":[{"not_picked":["Acrobatics","Flying Knee"],"picked":"Infinite Blades","floor":1},{"not_picked":["Cloak And Dagger","Acrobatics"],"picked":"Accuracy","floor":3},{"not_picked":["Poisoned Stab","Choke"],"picked":"Flying Knee","floor":5},{"not_picked":["Escape Plan","PiercingWail"],"picked":"Slice","floor":6},{"not_picked":["Skewer","Flechettes","Acrobatics"],"picked":"SKIP","floor":11},{"not_picked":["Calculated Gamble","Catalyst"],"picked":"Endless Agony","floor":13},{"not_picked":["Wraith Form v2","Envenom"],"picked":"Night Terror","floor":16},{"not_picked":["Underhanded Strike","Slice"],"picked":"Heel Hook+1","floor":18},{"not_picked":["Setup","Acrobatics","Outmaneuver"],"picked":"SKIP","floor":22},{"not_picked":["Flying Knee","Blur"],"picked":"Die Die Die","floor":23},{"not_picked":["Eviscerate+1","Crippling Poison","Bane"],"picked":"Dagger Spray","floor":28},{"not_picked":["Dodge and Roll","Dagger Throw","Predator"],"picked":"Backstab","floor":30},{"not_picked":["Footwork","Deadly Poison","Caltrops"],"picked":"Dodge and Roll+1","floor":31},{"not_picked":["Flechettes","Outmaneuver","Dagger Throw"],"picked":"Terror","floor":32},{"not_picked":["Malaise","Die Die Die","Phantasmal Killer"],"picked":"A Thousand Cuts","floor":33},{"not_picked":["Dodge and Roll","Deflect","Caltrops+1"],"picked":"Blade Dance+1","floor":35},{"not_picked":["Tactician","Backflip","Deflect"],"picked":"Leg Sweep","floor":37},{"not_picked":["Leg Sweep","Poisoned Stab+1","Concentrate"],"picked":"Adrenaline","floor":40},{"not_picked":["Leg Sweep","Footwork+1","Concentrate+1"],"picked":"Wraith Form v2","floor":42},{"not_picked":["Outmaneuver+1","Deadly Poison","Flying Knee"],"picked":"Backflip+1","floor":45},{"not_picked":["Prepared+1","Cloak And Dagger","Dagger Spray"],"picked":"Deflect+1","floor":46},{"not_picked":["Distraction","Tactician","Concentrate","Bane"],"picked":"Singing Bowl","floor":47},{"not_picked":["Blade Dance","Escape Plan","Grand Finale","Catalyst+1"],"picked":"Singing Bowl","floor":48},{"not_picked":["Flying Knee","Dagger Spray+1","Backstab"],"picked":"Backflip+1","floor":49}],"player_experience":672334,"relics_obtained":[{"floor":6,"key":"Ice Cream"},{"floor":8,"key":"FossilizedHelix"},{"floor":9,"key":"Dream Catcher"},{"floor":11,"key":"Akabeko"},{"floor":13,"key":"Odd Mushroom"},{"floor":23,"key":"Bottled Lightning"},{"floor":23,"key":"InkBottle"},{"floor":26,"key":"Question Card"},{"floor":40,"key":"Omamori"},{"floor":40,"key":"Oddly Smooth Stone"},{"floor":42,"key":"Singing Bowl"},{"floor":42,"key":"Sundial"},{"floor":43,"key":"PreservedInsect"}],"event_choices":[{"damage_healed":0,"gold_gain":0,"player_choice":"Donut","damage_taken":0,"max_hp_gain":5,"max_hp_loss":0,"event_name":"Big Fish","floor":2,"gold_loss":0},{"cards_removed":["Strike_G"],"damage_healed":0,"gold_gain":0,"player_choice":"Card Removal","damage_taken":7,"max_hp_gain":0,"max_hp_loss":0,"event_name":"Golden Wing","floor":4,"gold_loss":0},{"damage_healed":0,"gold_gain":0,"player_choice":"Grow","damage_taken":0,"max_hp_gain":0,"max_hp_loss":0,"event_name":"Living Wall","floor":12,"gold_loss":0,"cards_upgraded":["Accuracy"]},{"damage_healed":0,"gold_gain":0,"player_choice":"Fought Mushrooms","damage_taken":0,"max_hp_gain":0,"max_hp_loss":0,"event_name":"Mushrooms","floor":13,"gold_loss":0},{"damage_healed":0,"gold_gain":0,"player_choice":"Opened","damage_taken":0,"relics_obtained":["Meat on the Bone"],"max_hp_gain":0,"max_hp_loss":0,"event_name":"The Mausoleum","floor":19,"gold_loss":0,"cards_obtained":["Writhe"]},{"damage_healed":0,"gold_gain":0,"player_choice":"Ignored","damage_taken":0,"max_hp_gain":0,"max_hp_loss":0,"event_name":"Vampires","floor":20,"gold_loss":0},{"damage_healed":0,"gold_gain":0,"player_choice":"Shed Blood","damage_taken":19,"max_hp_gain":5,"max_hp_loss":0,"event_name":"Forgotten Altar","floor":21,"gold_loss":0},{"damage_healed":0,"gold_gain":0,"player_choice":"2 cards matched","damage_taken":0,"max_hp_gain":0,"max_hp_loss":0,"event_name":"Match and Keep!","floor":27,"gold_loss":0,"cards_obtained":["Madness","Night Terror"]},{"damage_healed":0,"gold_gain":0,"player_choice":"Paid","damage_taken":0,"relics_obtained":["Red Mask"],"max_hp_gain":0,"max_hp_loss":0,"event_name":"Tomb of Lord Red Mask","floor":38,"gold_loss":63},{"damage_healed":0,"gold_gain":0,"player_choice":"Copied","damage_taken":0,"max_hp_gain":0,"max_hp_loss":0,"event_name":"Duplicator","floor":39,"gold_loss":0,"cards_obtained":["Phantasmal Killer"]}],"is_beta":false,"boss_relics":[{"not_picked":["Ectoplasm","HoveringKite"],"picked":"Black Star"},{"not_picked":["Runic Pyramid","Philosopher\u0027s Stone"],"picked":"Pandora\u0027s Box"}],"items_purged_floors":[],"is_endless":false,"potions_floor_spawned":[1,6,11,28,33,35,46],"ascension_level":0}}