{"host":"uuef13iiy6j2c50k","time":1611122979,"event":{"mods":["BaseMod","Minty Spire (QoL Compilation)","Quick Restart","Relic Stats","Slay-I","StSLib","SuperFastMode"],"gold_per_floor":[118,118,118,134,209,247,260,260,260,260,291,314,314,328,328,456,456,475,488,488,29,29,29],"floor_reached":22,"language":"ENG","playtime":580,"items_purged":["Strike_B"],"score":274,"play_id":"edfd885c-9f10-40c1-827a-68df34e37448","local_time":"20210119200939","is_ascension_mode":true,"campfire_choices":[{"data":"Sweeping Beam","floor":10,"key":"SMITH"},{"data":"Chaos","floor":13,"key":"SMITH"},{"data":"Creative AI","floor":15,"key":"SMITH"}],"circlet_count":0,"master_deck":["Strike_B","Strike_B","Defend_B","Defend_B","Defend_B","Defend_B","Zap","Dualcast","Defragment+1","Coolheaded","Sweeping Beam+1","Chaos+1","Creative AI+1","Biased Cognition","Conserve Battery+1","Self Repair","Self Repair"],"relics":["Cracked Core","NeowsBlessing","Bloody Idol","Meat on the Bone","Orichalcum","Emotion Chip","Coffee Dripper","PreservedInsect","Medical Kit"],"acts_visited":["Exordium","TheCity"],"potions_floor_usage":[18,18,22],"damage_taken":[{"damage":0,"enemies":"Cultist","floor":1,"turns":1},{"damage":0,"enemies":"Jaw Worm","floor":4,"turns":1},{"damage":0,"enemies":"Lagavulin","floor":6,"turns":1},{"damage":0,"enemies":"Small Slimes","floor":7,"turns":3},{"damage":12,"enemies":"3 Sentries","floor":11,"turns":8},{"damage":0,"enemies":"2 Fungi Beasts","floor":12,"turns":2},{"damage":4,"enemies":"Blue Slaver","floor":14,"turns":3},{"damage":16,"enemies":"The Guardian","floor":16,"turns":9},{"damage":19,"enemies":"3 Byrds","floor":18,"turns":6},{"damage":4,"enemies":"Shell Parasite","floor":19,"turns":5},{"damage":63,"enemies":"Masked Bandits","floor":22,"turns":3}],"seed_played":"-5057442130530224352","potions_obtained":[{"floor":1,"key":"GamblersBrew"},{"floor":11,"key":"Regen Potion"},{"floor":12,"key":"GamblersBrew"},{"floor":19,"key":"BlessingOfTheForge"}],"is_trial":false,"path_per_floor":["M","?","?","M","?","E","M","?","T","R","E","M","R","M","R","B",null,"M","M","?","$","?"],"character_chosen":"DEFECT","items_purchased":["Self Repair","PreservedInsect","Medical Kit"],"campfire_rested":0,"item_purchase_floors":[21,21,21],"current_hp_per_floor":[75,57,50,50,39,39,39,39,39,39,39,39,39,47,47,43,67,62,58,58,58,0,0],"gold":29,"neow_bonus":"THREE_ENEMY_KILL","is_daily":false,"chose_seed":false,"campfire_upgraded":3,"win_rate":0.0,"timestamp":1611122979,"path_taken":["M","?","?","M","?","E","M","?","T","R","E","M","R","M","R","BOSS","M","M","?","$","?"],"items_purchased_type":["Card","Relic","Relic"],"build_version":"2020-12-22","purchased_purges":1,"victory":false,"max_hp_per_floor":[75,75,75,75,75,75,75,75,75,75,75,75,75,75,75,75,75,75,75,75,75,75,75],"relic_stats":{"Emotion Chip":[23,11,11,1,0],"counters":[11,42],"Bloody Idol":0,"PreservedInsect":0,"Orichalcum":[84],"Medical Kit":[0],"obtain_stats":[{"Emotion Chip":11,"NeowsBlessing":0,"Golden Idol":2,"Bloody Idol":20,"PreservedInsect":21,"Coffee Dripper":17,"Orichalcum":9,"Cracked Core":0,"Medical Kit":21,"Meat on the Bone":6},{"Emotion Chip":5,"NeowsBlessing":0,"Golden Idol":1,"Bloody Idol":10,"PreservedInsect":10,"Coffee Dripper":8,"Orichalcum":4,"Cracked Core":0,"Medical Kit":10,"Meat on the Bone":3},{"Emotion Chip":14,"NeowsBlessing":0,"Golden Idol":1,"Bloody Idol":39,"PreservedInsect":39,"Coffee Dripper":28,"Orichalcum":6,"Cracked Core":0,"Medical Kit":39,"Meat on the Bone":3}],"Meat on the Bone":36},"card_choices":[{"not_picked":["Turbo","Streamline"],"picked":"Defragment","floor":1},{"not_picked":["Lockon","Heatsinks"],"picked":"Coolheaded","floor":4},{"not_picked":["Conserve Battery","Sunder"],"picked":"Sweeping Beam","floor":6},{"not_picked":["Redo","Chill","Stack"],"picked":"SKIP","floor":7},{"not_picked":["Barrage","Glacier"],"picked":"Chaos","floor":11},{"not_picked":["Coolheaded","Chill","Reprogram"],"picked":"SKIP","floor":12},{"not_picked":["Hologram","Beam Cell"],"picked":"Creative AI","floor":14},{"not_picked":["Reboot","Fission"],"picked":"Biased Cognition","floor":16},{"not_picked":["Stack","Go for the Eyes"],"picked":"Conserve Battery+1","floor":18},{"not_picked":["Blizzard","Hologram"],"picked":"Self Repair","floor":19}],"player_experience":43447,"relics_obtained":[{"floor":6,"key":"Meat on the Bone"},{"floor":9,"key":"Orichalcum"},{"floor":11,"key":"Emotion Chip"}],"event_choices":[{"damage_healed":0,"gold_gain":0,"player_choice":"Take Damage","damage_taken":18,"relics_obtained":["Golden Idol"],"max_hp_gain":0,"max_hp_loss":0,"event_name":"Golden Idol","floor":2,"gold_loss":0},{"cards_removed":["Strike_B"],"damage_healed":0,"gold_gain":0,"player_choice":"Card Removal","damage_taken":7,"max_hp_gain":0,"max_hp_loss":0,"event_name":"Golden Wing","floor":3,"gold_loss":0},{"damage_healed":0,"gold_gain":75,"player_choice":"Gather Gold","damage_taken":11,"max_hp_gain":0,"max_hp_loss":0,"event_name":"World of Goop","floor":5,"gold_loss":0},{"damage_healed":0,"gold_gain":0,"player_choice":"Grow","damage_taken":0,"max_hp_gain":0,"max_hp_loss":0,"event_name":"Living Wall","floor":8,"gold_loss":0,"cards_upgraded":["Defragment"]},{"damage_healed":0,"gold_gain":0,"player_choice":"Gave Idol","damage_taken":0,"relics_obtained":["Bloody Idol"],"max_hp_gain":0,"max_hp_loss":0,"event_name":"Forgotten Altar","floor":20,"relics_lost":["Golden Idol"],"gold_loss":0},{"damage_healed":0,"gold_gain":0,"player_choice":"Fought Bandits","damage_taken":0,"max_hp_gain":0,"max_hp_loss":0,"event_name":"Masked Bandits","floor":22,"gold_loss":0}],"is_beta":false,"boss_relics":[{"not_picked":["Busted Crown","Pandora\u0027s Box"],"picked":"Coffee Dripper"}],"items_purged_floors":[21],"is_endless":false,"potions_floor_spawned":[1,11,12,16,19],"killed_by":"Masked Bandits","ascension_level":5}}