{"host":"tf5skwcwe0vlu2md","time":1611140037,"event":{"mods":["BaseMod","Downfall","Highlight Path","Minty Spire (QoL Compilation)","Quick Restart","StSLib","The Hierophant"],"gold_per_floor":[116,116,132,85,95,95,124,124,124,173,206,223,283,293,293,293,293],"floor_reached":16,"playtime":562,"items_purged":[],"score":127,"play_id":"20434e52-e7ca-408a-bbeb-01ca4642070c","local_time":"20210120215357","is_ascension_mode":true,"campfire_choices":[{"data":"Combust","floor":6,"key":"SMITH"},{"data":"Flame Barrier","floor":8,"key":"SMITH"},{"data":"Clash","floor":15,"key":"SMITH"}],"circlet_count":0,"master_deck":["Strike_R","Strike_R","Strike_R","Strike_R","Strike_R","Defend_R","Defend_R","Defend_R","Defend_R","Bash","Combust+1","Heavy Blade","Clash+1","Flame Barrier+1","Flex","Seeing Red"],"relics":["Burning Blood","Singing Bowl","Paper Frog","Anchor","Oddly Smooth Stone","Bottled Flame"],"acts_visited":["Exordium"],"potions_floor_usage":[13,13,16],"damage_taken":[{"damage":1,"enemies":"Cultist","floor":1,"turns":3},{"damage":5,"enemies":"Jaw Worm","floor":3,"turns":3},{"damage":6,"enemies":"2 Louse","floor":5,"turns":4},{"damage":34,"enemies":"3 Sentries","floor":7,"turns":6},{"damage":31,"enemies":"Lagavulin","floor":11,"turns":6},{"damage":16,"enemies":"2 Fungi Beasts","floor":12,"turns":3},{"damage":17,"enemies":"Lagavulin Event","floor":13,"turns":4},{"damage":2,"enemies":"Blue Slaver","floor":14,"turns":4},{"damage":25,"enemies":"The Guardian","floor":16,"turns":6}],"seed_played":"5455082172741493233","potions_obtained":[{"floor":1,"key":"PowerPotion"},{"floor":5,"key":"Swift Potion"},{"floor":11,"key":"Guardian:BlockOnCardUsePotion"}],"is_trial":false,"path_per_floor":["M","?","M","$","M","R","E","R","T","T","E","M","?","M","R","B"],"character_chosen":"IRONCLAD","items_purchased":["Heavy Blade"],"campfire_rested":0,"item_purchase_floors":[4],"current_hp_per_floor":[88,85,88,88,88,88,60,60,60,60,35,27,18,22,22,0,0],"gold":293,"neow_bonus":"TEN_PERCENT_HP_BONUS","is_daily":false,"chose_seed":false,"campfire_upgraded":3,"win_rate":0.0,"timestamp":1611140037,"path_taken":["M","?","M","$","M","R","E","R","T","?","E","M","?","M","R","BOSS"],"items_purchased_type":["Card"],"build_version":"2020-12-13","purchased_purges":0,"victory":false,"max_hp_per_floor":[88,88,90,90,90,90,90,90,90,90,90,92,94,94,94,94,94],"card_choices":[{"not_picked":["Searing Blow","Disarm"],"picked":"Combust","floor":1},{"not_picked":["Thunderclap","Shrug It Off","Anger"],"picked":"Singing Bowl","floor":3},{"not_picked":["Warcry","Impervious"],"picked":"Clash","floor":5},{"not_picked":["Warcry","Iron Wave"],"picked":"Flame Barrier","floor":7},{"not_picked":["Twin Strike","Havoc"],"picked":"Flex","floor":11},{"not_picked":["Disarm","Headbutt","Havoc"],"picked":"Singing Bowl","floor":12},{"not_picked":["Shockwave","Warcry","Headbutt"],"picked":"Singing Bowl","floor":13},{"not_picked":["Flex","Cleave"],"picked":"Seeing Red","floor":14}],"player_experience":221470,"relics_obtained":[{"floor":7,"key":"Paper Frog"},{"floor":9,"key":"Anchor"},{"floor":11,"key":"Oddly Smooth Stone"},{"floor":13,"key":"Bottled Flame"}],"event_choices":[{"damage_healed":0,"gold_gain":0,"player_choice":"Success","damage_taken":3,"relics_obtained":["Singing Bowl"],"max_hp_gain":0,"max_hp_loss":0,"event_name":"Scrap Ooze","floor":2,"gold_loss":0},{"damage_healed":0,"gold_gain":0,"player_choice":"Searched \u00271\u0027 times","damage_taken":0,"max_hp_gain":0,"max_hp_loss":0,"event_name":"Dead Adventurer","floor":13,"gold_loss":0}],"is_beta":false,"boss_relics":[],"items_purged_floors":[],"is_endless":false,"potions_floor_spawned":[1,5,11],"killed_by":"The Guardian","ascension_level":3}}