{"host":"wshh0nphwn6jv7vj","time":1611138145,"event":{"mods":["BaseMod","Bestiary","Minty Spire (QoL Compilation)","Relic Stats"],"gold_per_floor":[30,67,106,137,137,137,10,10,59,142,235,303,368,433,433,532,595,643,558,285,343,421,421,448,448,448],"floor_reached":25,"language":"ENG","playtime":2019,"items_purged":["Strike_B","Darkness"],"score":423,"play_id":"1299ffdd-09d8-4296-911f-f066eeebfe2b","local_time":"20210120052225","is_ascension_mode":true,"campfire_choices":[{"floor":6.0,"key":"REST"},{"data":"HandOfGreed","floor":8.0,"key":"SMITH"},{"floor":15.0,"key":"REST"},{"floor":23,"key":"REST"}],"circlet_count":0,"master_deck":["AscendersBane","Zap","Dualcast","HandOfGreed+1","Genetic Algorithm","Conserve Battery","Conserve Battery","Steam","Cold Snap","Compile Driver","Creative AI","Core Surge","Double Energy","BootSequence","Streamline","Glacier","Thunder Strike","Gash","Hologram","Hologram","Ghostly","Ghostly","Ghostly"],"relics":["Cracked Core","Golden Idol","CeramicFish","Anchor","White Beast Statue","Pandora\u0027s Box","Lizard Tail","Lee\u0027s Waffle"],"acts_visited":["Exordium","TheCity"],"potions_floor_usage":[21,22,25,25],"damage_taken":[{"damage":14.0,"enemies":"Jaw Worm","floor":1.0,"turns":4.0},{"damage":7.0,"enemies":"Small Slimes","floor":2.0,"turns":3.0},{"damage":0.0,"enemies":"Cultist","floor":3.0,"turns":4.0},{"damage":9.0,"enemies":"Red Slaver","floor":4.0,"turns":5.0},{"damage":2.0,"enemies":"Exordium Thugs","floor":10.0,"turns":5.0},{"damage":6.0,"enemies":"3 Sentries","floor":11.0,"turns":8.0},{"damage":7.0,"enemies":"Lots of Slimes","floor":12.0,"turns":6.0},{"damage":4.0,"enemies":"Lagavulin","floor":13.0,"turns":7.0},{"damage":0.0,"enemies":"2 Fungi Beasts","floor":14.0,"turns":6.0},{"damage":12.0,"enemies":"Hexaghost","floor":16.0,"turns":15.0},{"damage":14.0,"enemies":"Shell Parasite","floor":18.0,"turns":10.0},{"damage":24,"enemies":"2 Thieves","floor":21,"turns":5},{"damage":36,"enemies":"Centurion and Healer","floor":22,"turns":15},{"damage":75,"enemies":"Gremlin Leader","floor":25,"turns":10}],"seed_played":"-6962928261084603225","potions_obtained":[{"floor":4.0,"key":"AttackPotion"},{"floor":11.0,"key":"Energy Potion"},{"floor":12.0,"key":"CultistPotion"},{"floor":14.0,"key":"Block Potion"},{"floor":16.0,"key":"PowerPotion"},{"floor":18.0,"key":"GamblersBrew"},{"floor":21,"key":"Weak Potion"},{"floor":22,"key":"Fire Potion"}],"is_trial":false,"path_per_floor":["M","M","M","M","?","R","$","R","T","M","E","M","E","M","R","B",null,"M","?","$","M","M","R","?","E"],"character_chosen":"DEFECT","items_purchased":["Cold Snap","Lee\u0027s Waffle"],"campfire_rested":3,"item_purchase_floors":[7,20],"current_hp_per_floor":[50,43,43,34,10,31,31,31,31,29,23,16,12,12,33,21,59,45,45,78,54,18,41,39,0,0],"gold":448,"neow_bonus":"RANDOM_COLORLESS_2","is_daily":false,"chose_seed":false,"campfire_upgraded":1,"win_rate":0.0,"timestamp":1611138145,"path_taken":["M","M","M","M","?","R","$","R","T","M","E","M","E","M","R","BOSS","M","?","$","M","M","R","?","E"],"items_purchased_type":["Card","Relic"],"build_version":"2020-12-22","purchased_purges":2,"victory":false,"max_hp_per_floor":[71,71,71,71,71,71,71,71,71,71,71,71,71,71,71,71,71,71,71,78,78,78,78,39,39,39],"relic_stats":{"Lizard Tail":19,"Lee\u0027s Waffle":33,"counters":[14,103],"Golden Idol":59,"CeramicFish":135,"Pandora\u0027s Box":["Double Energy","BootSequence","Streamline","Glacier","Thunder Strike","Gash","Darkness"],"obtain_stats":[{"Anchor":11,"Lizard Tail":19,"Lee\u0027s Waffle":20,"Golden Idol":5,"CeramicFish":9,"Pandora\u0027s Box":17,"Cracked Core":0,"White Beast Statue":13},{"Anchor":6,"Lizard Tail":11,"Lee\u0027s Waffle":11,"Golden Idol":4,"CeramicFish":4,"Pandora\u0027s Box":10,"Cracked Core":0,"White Beast Statue":8},{"Anchor":29,"Lizard Tail":73,"Lee\u0027s Waffle":73,"Golden Idol":16,"CeramicFish":16,"Pandora\u0027s Box":63,"Cracked Core":0,"White Beast Statue":42}]},"card_choices":[{"not_picked":["Secret Technique","Sadistic Nature"],"picked":"HandOfGreed","floor":0.0},{"not_picked":["Double Energy","Coolheaded"],"picked":"Genetic Algorithm","floor":1.0},{"not_picked":["Leap","Reprogram"],"picked":"Conserve Battery","floor":2.0},{"not_picked":["Skim","Force Field"],"picked":"Conserve Battery","floor":3.0},{"not_picked":["Fusion","Lockon"],"picked":"Steam","floor":4.0},{"not_picked":["Barrage","Steam"],"picked":"Compile Driver","floor":10.0},{"not_picked":["Storm","Force Field","Stack"],"picked":"SKIP","floor":11.0},{"not_picked":["Conserve Battery","Steam","Sunder"],"picked":"SKIP","floor":12.0},{"not_picked":["BootSequence","Steam"],"picked":"Creative AI","floor":13.0},{"not_picked":["Redo","Rip and Tear","Doom and Gloom"],"picked":"SKIP","floor":14.0},{"not_picked":["Reboot","Multi-Cast"],"picked":"Core Surge","floor":16.0},{"not_picked":["Leap","Scrape","Streamline+1"],"picked":"SKIP","floor":18.0},{"not_picked":["Lockon","Turbo"],"picked":"Hologram","floor":21},{"not_picked":["Sweeping Beam","Streamline"],"picked":"Hologram","floor":22}],"player_experience":1592346,"relics_obtained":[{"floor":9.0,"key":"CeramicFish"},{"floor":11.0,"key":"Anchor"},{"floor":13.0,"key":"White Beast Statue"}],"event_choices":[{"damage_healed":0.0,"max_hp_gain":0.0,"max_hp_loss":0.0,"gold_gain":0.0,"event_name":"Golden Idol","player_choice":"Take Damage","floor":5.0,"gold_loss":0.0,"damage_taken":24.0,"relics_obtained":["Golden Idol"]},{"damage_healed":0.0,"max_hp_gain":0.0,"max_hp_loss":0.0,"gold_gain":0.0,"event_name":"Addict","player_choice":"Obtained Relic","floor":19.0,"gold_loss":85.0,"damage_taken":0.0,"relics_obtained":["Lizard Tail"]},{"damage_healed":0,"gold_gain":0,"player_choice":"Became a Ghost","damage_taken":0,"max_hp_gain":0,"max_hp_loss":39,"event_name":"Ghosts","floor":24,"gold_loss":0,"cards_obtained":["Ghostly","Ghostly","Ghostly"]}],"is_beta":false,"boss_relics":[{"not_picked":["Nuclear Battery","Fusion Hammer"],"picked":"Pandora\u0027s Box"}],"items_purged_floors":[7,20],"is_endless":false,"potions_floor_spawned":[4,11,12,14,16,18,21,22],"killed_by":"Gremlin Leader","ascension_level":17}}