{"host":"by9nexv7bw8pfn7u","time":1611182876,"event":{"mods":["BaseMod","Colored Powertips","Downfall","GifTheSpireLib","Minty Spire (QoL Compilation)","Random Character Button","StSLib","Unceasing Turn Reminder"],"gold_per_floor":[99,110,19,35,49,79,79,95,95,110,210,195,229,229,241,346,346,146,166,186,186,199,214,240,274,274,3,30,30,49,63,73,175,175,75,75,75,14,31,44,67,80,80,80,80,108,108,208,227,227,227,227],"floor_reached":50,"language":"ENG","playtime":24875,"items_purged":["champ:Shatter"],"score":699,"play_id":"83782099-4eb2-468a-ba5d-a78d2c9f2929","local_time":"20210120234756","is_ascension_mode":false,"campfire_choices":[{"floor":1,"key":"RECALL"},{"data":"champ:IronFortress","floor":9,"key":"SMITH"},{"data":"champ:StanceDance","floor":18,"key":"SMITH"},{"data":"expansioncontent:DashGenerateEvil","floor":35,"key":"SMITH"},{"data":"champ:FanOfKnives","floor":43,"key":"SMITH"},{"data":"champ:PerfectedStrike","floor":47,"key":"SMITH"}],"circlet_count":0,"master_deck":["champ:Strike","champ:Strike","champ:Strike","champ:Defend","champ:Defend+1","champ:Defend","champ:Execute","champ:Taunt","champ:BringItOn","champ:GutPunch","champ:PerfectedStrike","champ:BladeFlurry","champ:FanOfKnives","champ:DeathBlow","champ:IronFortress+1","champ:Duel","champ:StanceDance+1","champ:FlashCut","champ:FanOfKnives","champ:StrikeOfGenius","champ:StanceDance+1","champ:Backstep+1","champ:RisingSlash+1","champ:BerserkersShout","expansioncontent:DashGenerateEvil+1","champ:EnGarde","RitualDagger+1","champ:FanOfKnives+1","champ:RisingSlash+1","champ:TripleStrike","expansioncontent:Chronoboost+1","champ:ShieldSlam+1","champ:BerserkersShout","champ:PerfectedStrike+1","Writhe","Parasite","Injury","champ:IgnorePain","downfall:Icky","Parasite"],"relics":["champ:ChampionCrown","CaptainsWheel","WristBlade","TungstenRod","Empty Cage","downfall:HeartBlessingBlue","downfall:HeartBlessingRed","War Paint","Bronze Scales","Frozen Egg 2","downfall:HeartBlessingGreen","Juzu Bracelet","hexamod:Sixitude","Pen Nib","Blue Candle"],"acts_visited":["Exordium","TheCity","TheBeyond"],"potions_floor_usage":[11,16,16,25,25,28,38,38,46,50,50,50],"damage_taken":[{"damage":20,"enemies":"Cultist","floor":2,"turns":3},{"damage":15,"enemies":"downfall:FleeingMerchant","floor":3,"turns":4},{"damage":10,"enemies":"Small Slimes","floor":4,"turns":2},{"damage":11,"enemies":"2 Louse","floor":5,"turns":2},{"damage":52,"enemies":"Lagavulin","floor":6,"turns":6},{"damage":13,"enemies":"Gremlin Gang","floor":8,"turns":4},{"damage":20,"enemies":"3 Louse","floor":10,"turns":3},{"damage":38,"enemies":"3 Louse","floor":11,"turns":4},{"damage":12,"enemies":"downfall:FleeingMerchant","floor":12,"turns":4},{"damage":30,"enemies":"3 Sentries","floor":13,"turns":5},{"damage":17,"enemies":"Exordium Wildlife","floor":15,"turns":3},{"damage":24,"enemies":"IC_STATUS_ARCHETYPE","floor":16,"turns":8},{"damage":9,"enemies":"3 Byrds","floor":19,"turns":5},{"damage":22,"enemies":"Centurion and Healer","floor":20,"turns":5},{"damage":17,"enemies":"Cultist and Chosen","floor":22,"turns":5},{"damage":24,"enemies":"Shelled Parasite and Fungi","floor":23,"turns":5},{"damage":23,"enemies":"Gremlin Leader","floor":25,"turns":4},{"damage":40,"enemies":"downfall:FleeingMerchant","floor":27,"turns":4},{"damage":13,"enemies":"Slavers","floor":28,"turns":4},{"damage":32,"enemies":"Centurion and Healer","floor":30,"turns":3},{"damage":25,"enemies":"Chosen and Byrds","floor":31,"turns":6},{"damage":9,"enemies":"Sentry and Sphere","floor":32,"turns":4},{"damage":67,"enemies":"WA_ARCHETYPE_CALM","floor":33,"turns":8},{"damage":47,"enemies":"downfall:FleeingMerchant","floor":38,"turns":4},{"damage":24,"enemies":"3 Shapes","floor":39,"turns":2},{"damage":15,"enemies":"3 Darklings","floor":40,"turns":5},{"damage":49,"enemies":"Transient","floor":42,"turns":5},{"damage":68,"enemies":"Nemesis","floor":46,"turns":7},{"damage":37,"enemies":"Writhing Mass","floor":49,"turns":5},{"damage":162,"enemies":"DF_ARCHETYPE_ORBS","floor":50,"turns":11}],"seed_played":"-1345707189877318568","potions_obtained":[{"floor":2,"key":"EssenceOfSteel"},{"floor":10,"key":"Fire Potion"},{"floor":11,"key":"Explosive Potion"},{"floor":13,"key":"AttackPotion"},{"floor":16,"key":"champ:UltimateStancePotion"},{"floor":20,"key":"Energy Potion"},{"floor":23,"key":"PowerPotion"},{"floor":25,"key":"sneckomod:MuddlingPotion"},{"floor":28,"key":"champ:CounterPotion"},{"floor":29,"key":"CultistPotion"},{"floor":33,"key":"LiquidMemories"},{"floor":40,"key":"Dexterity Potion"},{"floor":46,"key":"Weak Potion"},{"floor":49,"key":"Swift Potion"}],"is_trial":false,"path_per_floor":["R","M","$","M","M","E","T","M","R","M","?","$","E","?","M","B",null,"R","M","M","?","M","M","T","E","?","$","E","?","M","M","M","B",null,"R","?","?","$","M","M","T","M","R","T","?","E","R","?","M","B"],"character_chosen":"THE_CHAMP","items_purchased":["champ:PerfectedStrike","champ:BladeFlurry","expansioncontent:DashGenerateEvil","champ:BerserkersShout"],"campfire_rested":0,"item_purchase_floors":[3,3,27,38],"current_hp_per_floor":[99,99,94,94,93,71,71,68,68,68,50,48,38,38,41,27,99,109,109,97,97,90,91,91,88,88,83,70,70,68,63,64,52,109,109,109,109,109,109,104,104,109,109,109,109,81,81,86,94,0,0,0],"gold":227,"neow_bonus":"TEN_PERCENT_HP_BONUS","is_daily":false,"chose_seed":false,"campfire_upgraded":5,"win_rate":0.0,"timestamp":1611182876,"path_taken":["R","M","$","?","M","E","T","M","R","M","?","$","E","?","M","BOSS","R","M","?","?","?","M","T","E","?","?","E","?","M","?","M","BOSS","R","?","?","$","M","M","T","M","R","?","?","E","R","?","M","BOSS"],"items_purchased_type":["Card","Card","Card","Card"],"build_version":"2020-12-22","purchased_purges":1,"victory":false,"max_hp_per_floor":[99,99,99,99,99,99,99,99,99,99,99,99,99,99,99,99,99,109,109,109,109,109,109,109,109,109,109,109,109,109,109,109,109,109,109,109,109,109,109,109,109,109,109,109,109,109,109,114,114,114,114,114],"card_choices":[{"not_picked":["champ:Shatter","champ:CrownThrow"],"picked":"champ:BringItOn","floor":2},{"not_picked":["champ:IgnorePain","champ:CrownThrow"],"picked":"champ:GutPunch","floor":3},{"not_picked":["champ:CalledShot","champ:Backstep"],"picked":"champ:FanOfKnives","floor":4},{"not_picked":["champ:FocusedDefense","champ:BladeFlurry"],"picked":"champ:DeathBlow","floor":5},{"not_picked":["champ:BringItOn","champ:StrikeOfGenius"],"picked":"champ:IronFortress","floor":6},{"not_picked":["champ:DefensiveShout","champ:StanceDance"],"picked":"champ:Duel","floor":8},{"not_picked":["champ:Parry","champ:FocusedBerserking"],"picked":"champ:StanceDance","floor":10},{"not_picked":["champ:HeartStrike","champ:SkillfulDodge"],"picked":"champ:Shatter","floor":12},{"not_picked":["champ:Shatter","champ:HeavySlash"],"picked":"champ:FlashCut","floor":13},{"not_picked":["champ:BringItOn","champ:EnragedBash"],"picked":"champ:FanOfKnives","floor":15},{"not_picked":["champ:IgnorePain","champ:Devastate"],"picked":"champ:StrikeOfGenius","floor":16},{"not_picked":["champ:BringItOn","champ:FlashCut+1"],"picked":"champ:StanceDance+1","floor":19},{"not_picked":["champ:BringItOn","champ:Backstep+1","champ:PreciseThrust+1"],"picked":"SKIP","floor":20},{"not_picked":["champ:LastStand","champ:Shatter"],"picked":"champ:Backstep","floor":22},{"not_picked":["champ:EndlessRage+1","champ:Parry+1"],"picked":"champ:RisingSlash+1","floor":23},{"not_picked":["champ:PreciseThrust","champ:FanOfKnives","champ:EnGarde"],"picked":"SKIP","floor":25},{"not_picked":["champ:CrookedStrike","champ:DefensiveShout"],"picked":"champ:BerserkersShout","floor":27},{"not_picked":["champ:FlashCut","champ:Backstep+1"],"picked":"champ:EnGarde","floor":28},{"not_picked":["champ:BladeFlurry","champ:Haymaker+1"],"picked":"champ:FanOfKnives","floor":30},{"not_picked":["champ:StanceDance+1","champ:EnGarde"],"picked":"champ:RisingSlash+1","floor":31},{"not_picked":["champ:CrookedStrike","champ:Encircle+1"],"picked":"champ:TripleStrike","floor":32},{"not_picked":["expansioncontent:AwakenDeath+1","expansioncontent:HyperBeam"],"picked":"expansioncontent:Chronoboost+1","floor":36},{"not_picked":["champ:SetATrap","champ:FlashCut+1"],"picked":"champ:ShieldSlam+1","floor":38},{"not_picked":["champ:DefensiveShout","champ:CrownThrow","champ:Backstep+1"],"picked":"SKIP","floor":39},{"not_picked":["champ:GutPunch","champ:Endure","champ:FlashCut+1"],"picked":"SKIP","floor":40},{"not_picked":["champ:EnragedBash","champ:GutPunch+1","champ:CrookedStrike"],"picked":"SKIP","floor":42},{"not_picked":["champ:PreciseThrust+1","champ:CrownThrow+1"],"picked":"champ:PerfectedStrike","floor":46},{"not_picked":["champ:PreciseThrust+1","champ:EnGarde+1","champ:SteelEdge"],"picked":"SKIP","floor":49}],"player_experience":996579,"relics_obtained":[{"floor":6,"key":"CaptainsWheel"},{"floor":11,"key":"WristBlade"},{"floor":13,"key":"TungstenRod"},{"floor":24,"key":"War Paint"},{"floor":25,"key":"Bronze Scales"},{"floor":28,"key":"Frozen Egg 2"},{"floor":41,"key":"Juzu Bracelet"},{"floor":44,"key":"hexamod:Sixitude"},{"floor":46,"key":"Pen Nib"}],"event_choices":[{"damage_healed":0,"gold_gain":0,"player_choice":"Ignored","damage_taken":0,"max_hp_gain":0,"max_hp_loss":0,"event_name":"NoteForYourself","floor":14,"gold_loss":0},{"damage_healed":0,"gold_gain":0,"player_choice":"Ignored","damage_taken":0,"max_hp_gain":0,"max_hp_loss":0,"event_name":"Ghosts","floor":26,"gold_loss":0},{"damage_healed":0,"gold_gain":0,"player_choice":"Ignored","damage_taken":0,"max_hp_gain":0,"max_hp_loss":0,"event_name":"Mysterious Sphere","floor":37,"gold_loss":0}],"is_beta":false,"boss_relics":[{"not_picked":["Sozu","Runic Dome"],"picked":"Empty Cage"},{"not_picked":["Snecko Eye","Runic Pyramid","Fusion Hammer"]}],"items_purged_floors":[27],"is_endless":false,"potions_floor_spawned":[2,10,11,13,16,20,23,25,28,33,40,46,49],"killed_by":"DF_ARCHETYPE_ORBS","ascension_level":0}}