{"host":"5trcja4hacd149zc","time":1611179360,"event":{"mods":["BaseMod","Colored Map","GifTheSpireLib","Minty Spire (QoL Compilation)","Relic Stats","StSLib"],"gold_per_floor":[115,135,7,7,27,57,57,90,115,115,128,128,4,17,17,94,94,113,129,44,44,64,64,64,64],"floor_reached":24,"language":"ENG","playtime":527,"items_purged":["Strike_R"],"score":412,"play_id":"a384c0a6-debd-40bd-b06d-120a46800515","local_time":"20210120154920","is_ascension_mode":true,"campfire_choices":[{"floor":7,"key":"REST"},{"data":"Bash","floor":10,"key":"SMITH"},{"data":"Whirlwind","floor":15,"key":"SMITH"},{"data":"Spot Weakness","floor":23,"key":"SMITH"}],"circlet_count":0,"master_deck":["AscendersBane","Strike_R","Strike_R","Strike_R","Defend_R","Defend_R","Defend_R","Bash+1","Anger","Cleave","Shrug It Off","Shrug It Off","Twin Strike","Thunderclap","Parasite","Whirlwind+1","Fire Breathing","Battle Trance","Immolate","Flame Barrier+1","Spot Weakness+1","Shrug It Off"],"relics":["Empty Cage","Akabeko","Centennial Puzzle","MealTicket","Vajra","Runic Pyramid","Potion Belt"],"acts_visited":["Exordium","TheCity"],"potions_floor_usage":[24,24],"damage_taken":[{"damage":10,"enemies":"Small Slimes","floor":1,"turns":5},{"damage":1,"enemies":"Cultist","floor":2,"turns":3},{"damage":2,"enemies":"Jaw Worm","floor":5,"turns":3},{"damage":35,"enemies":"3 Sentries","floor":6,"turns":7},{"damage":24,"enemies":"Lagavulin","floor":8,"turns":5},{"damage":0,"enemies":"Exordium Wildlife","floor":11,"turns":2},{"damage":6,"enemies":"3 Louse","floor":14,"turns":2},{"damage":25,"enemies":"Slime Boss","floor":16,"turns":5},{"damage":28,"enemies":"Shell Parasite","floor":18,"turns":4},{"damage":18,"enemies":"3 Byrds","floor":19,"turns":2},{"damage":4,"enemies":"Centurion and Healer","floor":22,"turns":4},{"damage":17,"enemies":"Snake Plant","floor":24,"turns":3}],"seed_played":"3892233114224449503","potions_obtained":[{"floor":6,"key":"SmokeBomb"},{"floor":8,"key":"SpeedPotion"},{"floor":11,"key":"GamblersBrew"},{"floor":22,"key":"LiquidBronze"}],"is_trial":false,"path_per_floor":["M","M","$","?","M","E","R","E","T","R","M","?","$","M","R","B",null,"M","M","?","?","M","R","M"],"character_chosen":"IRONCLAD","items_purchased":["SpeedPotion","Whirlwind","Fire Breathing"],"campfire_rested":1,"item_purchase_floors":[3,13,13],"current_hp_per_floor":[58,57,57,57,55,20,42,18,18,18,18,36,51,45,45,20,61,33,15,15,15,11,11,0,0],"gold":64,"neow_bonus":"BOSS_RELIC","is_daily":false,"chose_seed":false,"campfire_upgraded":3,"win_rate":0.0,"timestamp":1611179360,"path_taken":["M","M","$","?","M","E","R","E","T","R","?","?","$","M","R","BOSS","M","M","?","?","M","R","M"],"items_purchased_type":["Potion","Card","Card"],"build_version":"2020-12-22","purchased_purges":1,"victory":false,"max_hp_per_floor":[75,75,75,75,75,75,75,75,75,75,75,75,75,75,75,75,75,75,75,75,75,75,75,75,75],"relic_stats":{"Centennial Puzzle":[21],"counters":[12,45],"MealTicket":15,"obtain_stats":[{"Potion Belt":20,"Centennial Puzzle":6,"Vajra":9,"MealTicket":8,"Empty Cage":0,"Burning Blood":0,"Akabeko":4,"Runic Pyramid":17},{"Potion Belt":10,"Centennial Puzzle":4,"Vajra":5,"MealTicket":5,"Empty Cage":0,"Burning Blood":0,"Akabeko":2,"Runic Pyramid":8},{"Potion Belt":38,"Centennial Puzzle":18,"Vajra":23,"MealTicket":23,"Empty Cage":0,"Burning Blood":0,"Akabeko":8,"Runic Pyramid":32}]},"card_choices":[{"not_picked":["Armaments","Flame Barrier"],"picked":"Anger","floor":1},{"not_picked":["Havoc","Headbutt"],"picked":"Cleave","floor":2},{"not_picked":["Flex","Power Through"],"picked":"Shrug It Off","floor":5},{"not_picked":["Ghostly Armor","Blood for Blood"],"picked":"Shrug It Off","floor":6},{"not_picked":["Limit Break","Metallicize"],"picked":"Twin Strike","floor":8},{"not_picked":["Intimidate","Anger"],"picked":"Thunderclap","floor":11},{"not_picked":["Metallicize","True Grit"],"picked":"Battle Trance","floor":14},{"not_picked":["Exhume","Corruption"],"picked":"Immolate","floor":16},{"not_picked":["Burning Pact","Combust"],"picked":"Flame Barrier+1","floor":18},{"not_picked":["Feel No Pain","Shrug It Off"],"picked":"Spot Weakness","floor":19},{"not_picked":["Sentinel","Body Slam"],"picked":"Shrug It Off","floor":22}],"player_experience":767676,"relics_obtained":[{"floor":6,"key":"Centennial Puzzle"},{"floor":8,"key":"MealTicket"},{"floor":9,"key":"Vajra"}],"event_choices":[{"damage_healed":0,"gold_gain":0,"player_choice":"Gave Potion","damage_taken":0,"relics_obtained":["Akabeko"],"max_hp_gain":0,"max_hp_loss":0,"event_name":"WeMeetAgain","floor":4,"gold_loss":0},{"damage_healed":18,"gold_gain":0,"player_choice":"Healed and dodged fight","damage_taken":0,"max_hp_gain":0,"max_hp_loss":0,"event_name":"Mushrooms","floor":12,"gold_loss":0,"cards_obtained":["Parasite"]},{"damage_healed":0,"gold_gain":0,"player_choice":"Obtained Relic","damage_taken":0,"relics_obtained":["Potion Belt"],"max_hp_gain":0,"max_hp_loss":0,"event_name":"Addict","floor":20,"gold_loss":85},{"damage_healed":0,"gold_gain":0,"player_choice":"Ignored","damage_taken":0,"max_hp_gain":0,"max_hp_loss":0,"event_name":"Cursed Tome","floor":21,"gold_loss":0}],"is_beta":false,"boss_relics":[{"not_picked":["Philosopher\u0027s Stone","Runic Cube"],"picked":"Runic Pyramid"}],"items_purged_floors":[3],"is_endless":false,"potions_floor_spawned":[6,8,11,22],"killed_by":"Snake Plant","ascension_level":20}}