{"host":"skr63qsdfgeey3it","time":1611126089,"event":{"mods":["BaseMod","Colored Map","Hubris","Minty Spire (QoL Compilation)","Replay The Spire","Spicy Shops","StSLib"],"gold_per_floor":[116,13,25,25,40,67,67,93,93,122,122,138,150,162,162,241,241,258,278,344,344,344,344,344,344,344,370,370,389,389,402,402,402,402],"floor_reached":33,"language":"ENG","playtime":908,"items_purged":[],"score":487,"play_id":"7d3eeec7-fcce-4cda-ab24-a7467b53e4ad","local_time":"20210120010129","is_ascension_mode":true,"campfire_choices":[{"data":"Rampage","floor":15,"key":"SMITH"},{"floor":23,"key":"REST"},{"floor":25,"key":"REST"},{"data":"ReplayReversal","floor":30,"key":"SMITH"},{"floor":32,"key":"REST"}],"circlet_count":0,"master_deck":["AscendersBane","Strike_R","Strike_R","Strike_R","Strike_R","Defend_R","Defend_R","Defend_R","Defend_R","Bash","Wild Strike","Spot Weakness","Iron Wave+1","Cleave","Flame Barrier","hubris:ReadiedAction","Rampage+1","Impervious","Double Tap","Uppercut","ReplayReversal+1","Decay","Thunderclap","Double Tap"],"relics":["Burning Blood","NeowsBlessing","Oddly Smooth Stone","Red Skull","hubris:SlimyHat","Toy Ornithopter","hubris:CrackedHourglass","Anchor","Question Card","Paper Frog","Bag of Preparation"],"acts_visited":["Exordium","TheCity"],"potions_floor_usage":[10,16,24,27,29,33],"damage_taken":[{"damage":0,"enemies":"Small Slimes","floor":1,"turns":1},{"damage":0,"enemies":"Cultist","floor":3,"turns":1},{"damage":0,"enemies":"2 Louse","floor":5,"turns":1},{"damage":54,"enemies":"Lagavulin","floor":6,"turns":8},{"damage":20,"enemies":"3 Sentries","floor":10,"turns":4},{"damage":11,"enemies":"Looter","floor":12,"turns":2},{"damage":2,"enemies":"2 Fungi Beasts","floor":13,"turns":3},{"damage":5,"enemies":"Blue Slaver","floor":14,"turns":2},{"damage":29,"enemies":"The Guardian","floor":16,"turns":10},{"damage":15,"enemies":"Chosen","floor":18,"turns":6},{"damage":26,"enemies":"Shell Parasite","floor":19,"turns":6},{"damage":0,"enemies":"Book of Stabbing","floor":24,"turns":1},{"damage":21,"enemies":"Slavers","floor":27,"turns":6},{"damage":15,"enemies":"Centurion and Healer","floor":29,"turns":5},{"damage":33,"enemies":"Snecko","floor":31,"turns":4},{"damage":51,"enemies":"Pondfish","floor":33,"turns":5}],"seed_played":"-6010820500322374641","potions_obtained":[{"floor":3,"key":"SmokeBomb"},{"floor":6,"key":"BloodPotion"},{"floor":13,"key":"Energy Potion"},{"floor":16,"key":"SpeedPotion"},{"floor":19,"key":"Dexterity Potion"},{"floor":27,"key":"ColorlessPotion"},{"floor":31,"key":"ColorlessPotion"}],"is_trial":false,"path_per_floor":["M","$","M","?","M","E","$","T","T","E","?","M","M","M","R","B",null,"M","M","?","?","?","R","E","R","T","E","T","M","R","M","R","B"],"character_chosen":"IRONCLAD","items_purchased":["Spot Weakness","Iron Wave+1"],"campfire_rested":3,"item_purchase_floors":[2,2],"current_hp_per_floor":[78,78,80,80,80,32,32,32,32,34,34,29,33,34,34,16,64,55,35,3,3,3,27,38,62,62,52,52,48,48,21,45,0,0],"gold":402,"neow_bonus":"THREE_ENEMY_KILL","is_daily":false,"chose_seed":false,"campfire_upgraded":2,"win_rate":0.0,"timestamp":1611126089,"path_taken":["M","$","M","?","M","E","$","?","T","E","?","M","?","M","R","BOSS","M","?","?","?","?","R","E","R","T","E","?","M","R","M","R","BOSS"],"items_purchased_type":["Card","Card"],"build_version":"2020-12-22","purchased_purges":0,"victory":false,"max_hp_per_floor":[80,80,80,80,80,80,80,80,80,80,80,80,80,80,80,80,80,80,80,80,80,80,80,80,80,80,80,80,80,80,80,80,80,80],"card_choices":[{"not_picked":["Rage","Bloodletting"],"picked":"Wild Strike","floor":1},{"not_picked":["ReplayTheSpireMod:Strike From Hell","Dark Embrace"],"picked":"Cleave","floor":3},{"not_picked":["Thunderclap","Clash"],"picked":"Flame Barrier","floor":5},{"not_picked":["Dark Embrace","Cleave","Infernal Blade"],"picked":"SKIP","floor":6},{"not_picked":["Carnage","Cleave","Hemokinesis"],"picked":"SKIP","floor":10},{"not_picked":["ReplayTheSpireMod:Strike From Hell","True Grit"],"picked":"hubris:ReadiedAction","floor":12},{"not_picked":["hubris:ReadiedAction","Power Through"],"picked":"Rampage","floor":13},{"not_picked":["Inflame","Infernal Blade"],"picked":"Impervious","floor":14},{"not_picked":["Corruption","Impervious"],"picked":"Double Tap","floor":16},{"not_picked":["Clash","True Grit","Anger"],"picked":"SKIP","floor":18},{"not_picked":["Flex","Twin Strike"],"picked":"Uppercut","floor":19},{"not_picked":["Iron Wave","Metallicize","Sword Boomerang"],"picked":"Thunderclap","floor":27},{"not_picked":["Clash","ReplayTheSpireMod:Strike From Hell","Clothesline","Warcry"],"picked":"SKIP","floor":29},{"not_picked":["Cleave","Hemokinesis","Rupture"],"picked":"Double Tap","floor":31}],"player_experience":768184,"relics_obtained":[{"floor":6,"key":"Oddly Smooth Stone"},{"floor":8,"key":"Red Skull"},{"floor":9,"key":"hubris:SlimyHat"},{"floor":10,"key":"Toy Ornithopter"},{"floor":20,"key":"Anchor"},{"floor":26,"key":"Question Card"},{"floor":27,"key":"Paper Frog"},{"floor":28,"key":"Bag of Preparation"}],"event_choices":[{"cards_removed":["Strike_R"],"damage_healed":0,"gold_gain":0,"player_choice":"Card Removal","damage_taken":0,"max_hp_gain":0,"max_hp_loss":0,"event_name":"Wheel of Change","floor":4,"gold_loss":0},{"damage_healed":0,"gold_gain":0,"player_choice":"Bought 0 Potions","damage_taken":0,"max_hp_gain":0,"max_hp_loss":0,"event_name":"The Woman in Blue","floor":11,"gold_loss":0},{"damage_healed":0,"gold_gain":0,"player_choice":"Smashed Altar","damage_taken":0,"max_hp_gain":0,"max_hp_loss":0,"event_name":"Forgotten Altar","floor":22,"gold_loss":0,"cards_obtained":["Decay"]}],"is_beta":false,"boss_relics":[{"not_picked":["hubris:GrandSneckoEye","Kintsugi"],"picked":"hubris:CrackedHourglass"}],"items_purged_floors":[],"is_endless":false,"potions_floor_spawned":[3,6,13,16,19,27,31],"killed_by":"Pondfish","ascension_level":13}}