{"host":"jg1kdgv8lq0s5kn4","time":1611123575,"event":{"mods":["ATMod(阿瑾Mod)","AchievementEnabler","Act Like it!","Alarm Clock","AlwaysNeverKeys","BaseMod","Colored Powertips","Easy Mod","FoggyMod","Gensokyo","Gold Saver","HumanHunterMod(怪物杀人mod)","Marisa（F雨　魔理沙）","Minty Spire (QoL Compilation)","MostiFishMod","Remove Card Discount Mod","Shop Mod","Spicy Shops","StSLib","SuperFastMode","TestMod","【人物mod】游戏王New YuGiOh mod","【功能Mod】Neow奖励","【功能Mod】强力的原版药水","【遗物Mod】简单游戏","没有小屋子和绿帽子啦","篝火指南"],"gold_per_floor":[118,118,118,118,118,161,161,188,188,237,11,138,138,218,218,276,276],"floor_reached":16,"language":"ZHS","playtime":1439,"items_purged":[],"score":233,"play_id":"ba688f35-5b07-4e30-9f4b-50a8ae29bd3c","local_time":"20210120141935","is_ascension_mode":true,"campfire_choices":[{"data":"StoneGiant","floor":13,"key":"PURGE"}],"circlet_count":0,"master_deck":["GroundShake","GroundShake","GroundShake","SuddenShock","Student","DifficultSpell","DemoBook","LibraryManager","LoliMage","WindDragon+1","SideExchange","MirrorAngel","Friendship","DemoMage+1","EndlessPalace"],"relics":["Question Card","Thousand","EasyMod:Easy_1","EasyRelic","DaveBox","AT_ATBox","testmod-TestBox","testmod-Acrobat","ArrowTower","SynthV:TestCard","testmod-InfectionSource","Molten Egg 2","Ancient Tea Set","AT_SilverBalance","SynthV:C4","AT_MibuBalloonWealth","Shuriken","EasyMod:Easy_3","Pantograph"],"acts_visited":["Exordium"],"potions_floor_usage":[14],"damage_taken":[{"damage":0,"enemies":"Jaw Worm","floor":1,"turns":5},{"damage":0,"enemies":"Gremlin Nob","floor":6,"turns":5},{"damage":0,"enemies":"Lagavulin","floor":10,"turns":6},{"damage":0,"enemies":"3 Sentries","floor":12,"turns":6},{"damage":0,"enemies":"Gremlin Nob","floor":14,"turns":7},{"damage":24,"enemies":"Slime Boss","floor":16,"turns":9}],"seed_played":"7700359694419982000","potions_obtained":[{"floor":6,"key":"FearPotion"},{"floor":14,"key":"ColorlessPotion"}],"is_trial":false,"path_per_floor":["M","?","?","?","?","E","?","T","T","E","$","E","R","E","R","B"],"character_chosen":"MagaServantEnum","items_purchased":["AT_MibuBalloonWealth","MirrorAngel"],"campfire_rested":0,"item_purchase_floors":[11,11],"current_hp_per_floor":[66,66,66,66,54,55,48,48,48,34,34,34,34,35,35,36,36],"gold":276,"neow_bonus":"TEN_PERCENT_HP_BONUS","is_daily":false,"chose_seed":false,"campfire_upgraded":0,"win_rate":0.0,"timestamp":1611123575,"path_taken":["M","?","?","?","?","E","?","?","T","E","$","E","R","E","R","BOSS"],"items_purchased_type":["Relic","Card"],"build_version":"2020-12-22","purchased_purges":0,"victory":false,"max_hp_per_floor":[66,66,66,66,66,66,66,66,66,66,66,66,66,66,66,66,66],"card_choices":[{"not_picked":["ExpansiveShield","ManaFloor","SuddenShock"],"picked":"LoliMage","floor":1},{"not_picked":["AccelerateMagic","ExpansiveShield","DragonMage+1","ManaFloor","IceDragon+1"],"picked":"WindDragon+1","floor":6},{"not_picked":["BookScan","DragonTear","DemoTeacher+1","DifficultSpell","StoneGiant+1"],"picked":"SideExchange","floor":10},{"not_picked":["Student+1","Forest","AntiMana","SoundFromHell","RedEyeDragon+1"],"picked":"Friendship","floor":12},{"not_picked":["TrapMaster+1","SideChaos","Forecast","DemoTeacher+1","DoubleDragon+1"],"picked":"DemoMage+1","floor":14},{"not_picked":["TrapMaster+1","ExpansiveShield","GatherUp","LibraryManager+1","DarkDoor"],"picked":"EndlessPalace","floor":15}],"player_experience":66830,"relics_obtained":[{"floor":1,"key":"SynthV:TestCard"},{"floor":6,"key":"Molten Egg 2"},{"floor":8,"key":"Ancient Tea Set"},{"floor":9,"key":"AT_SilverBalance"},{"floor":10,"key":"SynthV:C4"},{"floor":12,"key":"Shuriken"},{"floor":14,"key":"EasyMod:Easy_3"},{"floor":14,"key":"Pantograph"}],"event_choices":[{"damage_healed":0,"gold_gain":0,"player_choice":"Ignored","damage_taken":0,"max_hp_gain":0,"max_hp_loss":0,"event_name":"给自己的盒子","floor":2,"gold_loss":0},{"cards_removed":["EasyMod:card_1"],"damage_healed":0,"gold_gain":0,"player_choice":"Forget","damage_taken":0,"max_hp_gain":0,"max_hp_loss":0,"event_name":"Living Wall","floor":3,"gold_loss":0},{"damage_healed":0,"gold_gain":0,"player_choice":"Ignored","damage_taken":0,"max_hp_gain":0,"max_hp_loss":0,"event_name":"Shining Light","floor":4,"gold_loss":0},{"damage_healed":0,"gold_gain":0,"player_choice":"Success","damage_taken":12,"relics_obtained":["testmod-InfectionSource"],"max_hp_gain":0,"max_hp_loss":0,"event_name":"Scrap Ooze","floor":5,"gold_loss":0},{"cards_removed":["StoneGiant"],"damage_healed":0,"gold_gain":0,"player_choice":"Card Removal","damage_taken":7,"max_hp_gain":0,"max_hp_loss":0,"event_name":"Golden Wing","floor":7,"gold_loss":0}],"is_beta":false,"boss_relics":[],"items_purged_floors":[],"is_endless":false,"potions_floor_spawned":[6,14],"killed_by":"Slime Boss","ascension_level":1}}