{"host":"00tqcjwpycel7e54","time":1611151859,"event":{"mods":["ATMod(阿瑾Mod)","Act Like it!","Aspiration","BaseMod","Colored Powertips","Gensokyo","Hallownest","Hermit","Highlight Path","Hubris","Koishi","LagranYue(拉格朗・月)","Lobotomy","Luminous","Marisa（F雨　魔理沙）","Minty Spire (QoL Compilation)","Pale of the Ancients","Remilia（蕾米莉亚）","Robot Space Explorer","SOS（斯巴达之子）","Shop Mod","Spicy Shops","StSLib","The Administrix","The Animator","The Bug Knight","The Construct","The Cursed","The Gatherer","The Hierophant","The Jungle","The Mystic","The Runesmith","The Servant 0.9.4","Youmu（魂魄妖梦）","Yuyuko","[IsaacMod]以撒尖塔","vexMod","【遗物卡牌】REMEMod"],"gold_per_floor":[365,365,365,365,191,191,201,201,275,286,286,302,333,345,345,345,345],"floor_reached":16,"language":"ZHS","playtime":426,"items_purged":[],"score":200,"play_id":"d630eac7-0e6f-417e-9908-2c0367494d54","local_time":"20210120221059","is_ascension_mode":true,"campfire_choices":[{"data":"Bludgeon","floor":6,"key":"SMITH"},{"data":"Demon Form","floor":8,"key":"SMITH"},{"data":"Fiend Fire","floor":15,"key":"SMITH"}],"circlet_count":0,"master_deck":["AscendersBane","Strike_R","Strike_R","Strike_R","Strike_R","Defend_R","Defend_R","Defend_R","Defend_R+1","Bash","Gensokyo:ImpossibleRequest","Fiend Fire+1","Demon Form+1","Bludgeon+1","Shockwave+1","Regret","Ghostly Armor"],"relics":["Burning Blood","AT_ATBox","REME_ComplimentaryCards","HushsDoor","LagranYue:RandomDrawCardRelic","TheBible","AT_ForceNature","AT_GuinsooRageblade","War Paint","LagranYue:GuidanceLightRelic"],"acts_visited":["Exordium"],"potions_floor_usage":[],"damage_taken":[{"damage":4,"enemies":"Jaw Worm","floor":1,"turns":6},{"damage":9,"enemies":"Small Slimes","floor":7,"turns":3},{"damage":0,"enemies":"Cultist","floor":10,"turns":2},{"damage":3,"enemies":"2 Fungi Beasts","floor":12,"turns":3},{"damage":32,"enemies":"Gremlin Nob","floor":13,"turns":4},{"damage":0,"enemies":"Blue Slaver","floor":14,"turns":1},{"damage":0,"enemies":"Hexaghost","floor":16,"turns":1}],"seed_played":"5941768029847892422","potions_obtained":[{"floor":10,"key":"EssenceOfSteel"},{"floor":14,"key":"SteroidPotion"}],"is_trial":false,"path_per_floor":["M","?","?","T","$","R","M","R","T","M","?","M","E","M","R","B"],"character_chosen":"IRONCLAD","items_purchased":["Bludgeon"],"campfire_rested":0,"item_purchase_floors":[5],"current_hp_per_floor":[70,70,55,55,55,55,52,52,52,58,58,61,35,41,41,41,41],"gold":345,"neow_bonus":"TWO_FIFTY_GOLD","is_daily":false,"chose_seed":false,"campfire_upgraded":3,"win_rate":0.0,"timestamp":1611151859,"path_taken":["M","?","?","?","$","R","?","R","T","M","?","M","E","?","R","BOSS"],"items_purchased_type":["Card"],"build_version":"2020-12-22","purchased_purges":0,"victory":false,"max_hp_per_floor":[75,75,75,75,75,75,75,75,75,75,75,75,75,75,75,75,75],"card_choices":[{"not_picked":["AT_GerminateFire","Dark Embrace"],"picked":"Fiend Fire","floor":1},{"not_picked":["Pommel Strike","Headbutt","True Grit"],"picked":"SKIP","floor":7},{"not_picked":["Inflame","Twin Strike"],"picked":"Shockwave","floor":10},{"not_picked":["Inflame","REME_SingleHolding","Hemokinesis"],"picked":"SKIP","floor":12},{"not_picked":["AT_ManFootWork","Shrug It Off","Evolve"],"picked":"SKIP","floor":13},{"not_picked":["AT_ManFootWork","Shrug It Off","Evolve"],"picked":"SKIP","floor":13},{"not_picked":["AT_ManFootWork","Shrug It Off","Evolve"],"picked":"SKIP","floor":13},{"not_picked":["Clothesline","Body Slam"],"picked":"Ghostly Armor","floor":14}],"player_experience":672449,"relics_obtained":[{"floor":4,"key":"AT_ForceNature"},{"floor":9,"key":"AT_GuinsooRageblade"},{"floor":13,"key":"LagranYue:GuidanceLightRelic"}],"event_choices":[{"damage_healed":0,"gold_gain":0,"cards_transformed":["Strike_R"],"player_choice":"Change","damage_taken":0,"max_hp_gain":0,"max_hp_loss":0,"event_name":"Living Wall","floor":2,"gold_loss":0,"cards_obtained":["Demon Form"]},{"damage_healed":0,"gold_gain":0,"player_choice":"Box","damage_taken":0,"relics_obtained":["War Paint"],"max_hp_gain":0,"max_hp_loss":0,"event_name":"Big Fish","floor":11,"gold_loss":0,"cards_obtained":["Regret"]}],"is_beta":false,"boss_relics":[],"items_purged_floors":[],"is_endless":false,"potions_floor_spawned":[10,14],"killed_by":"Hexaghost","ascension_level":20}}