{"host":"7jl4uf745pjtflnx","time":1611185730,"event":{"mods":["BaseMod","BetterRewards","Hubris","Minty Spire (QoL Compilation)","Replay The Spire","StSLib","SuperFastMode","The Construct"],"gold_per_floor":[117,117,127,4,15,15,40,40,109,123,143,418,436,449,449,528,528,538,538,538,538,552,552,585,599,599,632,9,43,56,85,85,160,160,73,85,85,110,110,110,34,85,85,101,120,150,150,150,150,150,0,26,26,26],"floor_reached":55,"language":"ENG","playtime":2968,"items_purged":["Strike_B","Strike_B","Regret","hubris:Compulsion"],"score":1860,"play_id":"944184f8-d763-4ea8-b2c0-f9d706d64979","local_time":"20210120183530","is_ascension_mode":true,"campfire_choices":[{"floor":6,"key":"REST"},{"data":"Loop","floor":8,"key":"SMITH"},{"floor":15,"key":"REST"},{"data":"hubris:PowerSurge","floor":23,"key":"SMITH"},{"floor":32,"key":"REST"},{"data":"Creative AI","floor":40,"key":"SMITH"},{"data":"Creative AI","floor":40,"key":"SMITH"},{"floor":44,"key":"RECALL"},{"floor":49,"key":"REST"},{"data":"Glacier","floor":52,"key":"SMITH"},{"data":"hubris:Insight","floor":52,"key":"SMITH"}],"circlet_count":0,"master_deck":["AscendersBane","Strike_B+1","Defend_B+1","Defend_B+1","Defend_B+1","Defend_B+1","Zap","Dualcast+1","Cold Snap","Loop+1","Flash of Steel","Coolheaded","White Noise+1","Leap","Hello World","Cold Snap","Ball Lightning","Chill","hubris:PowerSurge+1","Machine Learning","FTL","hubris:Insight+1","Hologram","Static Discharge","hubris:Ukulele","FIFO Queue","BasicCrystalCard+1","Panacea","Creative AI+1","Creative AI+1","Sickly","BasicCrystalCard+1","Static Discharge","Chill","Glacier+1"],"relics":["Cracked Core","Gambling Chip","Replay:WaspNest","Blue Candle","Darkstone Periapt","Inserter","Mummified Hand","hubris:64BitClover","hubris:DeckOfHolding","Replay:Frozen Program","War Paint","Onion Ring","hubris:Teleporter","Replay:Ancient Bell","Bronze Scales","construct:FoamFinger","Emotion Chip","Replay:Arrowhead","Bag of Marbles","Symbiotic Virus","Anchor"],"acts_visited":["Exordium","TheCity","TheBeyond","TheEnding"],"potions_floor_usage":[13,24,24,27,38,55,55],"damage_taken":[{"damage":9,"enemies":"2 Louse","floor":1,"turns":4},{"damage":0,"enemies":"Jaw Worm","floor":3,"turns":6},{"damage":0,"enemies":"Cultist","floor":5,"turns":4},{"damage":0,"enemies":"Lagavulin","floor":7,"turns":8},{"damage":19,"enemies":"Exordium Thugs","floor":10,"turns":4},{"damage":0,"enemies":"Large Slime","floor":11,"turns":6},{"damage":14,"enemies":"Lots of Slimes","floor":13,"turns":3},{"damage":2,"enemies":"Looter","floor":14,"turns":4},{"damage":9,"enemies":"The Guardian","floor":16,"turns":11},{"damage":9,"enemies":"3 Byrds","floor":18,"turns":5},{"damage":0,"enemies":"Spheric Guardian","floor":22,"turns":3},{"damage":0,"enemies":"Slavers","floor":24,"turns":3},{"damage":9,"enemies":"Snake Plant","floor":25,"turns":4},{"damage":15,"enemies":"Book of Stabbing","floor":27,"turns":4},{"damage":9,"enemies":"Gremlin Leader","floor":29,"turns":6},{"damage":0,"enemies":"Chosen and Byrds","floor":30,"turns":8},{"damage":0,"enemies":"Replay:Snechameleon","floor":31,"turns":6},{"damage":11,"enemies":"Champ","floor":33,"turns":11},{"damage":2,"enemies":"3 Shapes","floor":35,"turns":5},{"damage":1,"enemies":"Orb Walker","floor":36,"turns":3},{"damage":6,"enemies":"Mind Bloom Boss Battle","floor":38,"turns":5},{"damage":0,"enemies":"Maw","floor":45,"turns":7},{"damage":7,"enemies":"4 Shapes","floor":46,"turns":3},{"damage":19,"enemies":"Nemesis","floor":47,"turns":9},{"damage":56,"enemies":"Time Eater","floor":50,"turns":14},{"damage":29,"enemies":"Shield and Spear","floor":54,"turns":4},{"damage":61,"enemies":"The Heart","floor":55,"turns":2}],"seed_played":"369005573670562594","potions_obtained":[{"floor":10,"key":"Swift Potion"},{"floor":11,"key":"Regen Potion"},{"floor":13,"key":"Block Potion"},{"floor":18,"key":"FocusPotion"},{"floor":25,"key":"Block Potion"},{"floor":27,"key":"Fire Potion"},{"floor":33,"key":"Milkshake"},{"floor":35,"key":"Weak Potion"}],"is_trial":false,"path_per_floor":["M","?","M","$","M","R","E","R","T","M","M","?","M","M","R","B",null,"M","?","T","?","M","R","E","M","T","E","$","E","M","E","R","B",null,"M","M","?","?","?","R","$","T","R","M","M","E","R","B",null,"R","$","E","B"],"character_chosen":"DEFECT","items_purchased":["Cold Snap","Loop","Flash of Steel","Coolheaded","Replay:WaspNest","Hello World","Cold Snap","Replay:Frozen Program","War Paint","FIFO Queue","BasicCrystalCard+1","Panacea","PotionOfCapacity"],"campfire_rested":4,"item_purchase_floors":[0,0,0,0,0,4,4,28,28,28,28,28,41],"current_hp_per_floor":[20,13,13,13,13,34,34,34,34,15,15,21,19,17,40,31,66,57,57,57,57,57,57,57,48,48,33,33,24,24,24,47,36,85,83,82,82,76,76,76,76,76,76,76,69,50,78,22,77,77,77,48,0,0],"gold":26,"neow_bonus":"","is_daily":false,"chose_seed":false,"campfire_upgraded":6,"win_rate":0.0,"timestamp":1611185730,"path_taken":["M","?","M","$","M","R","E","R","T","M","M","?","M","?","R","BOSS","M","?","?","?","?","R","E","M","T","E","$","E","M","E","R","BOSS","M","?","?","?","?","R","$","T","R","?","?","E","R","BOSS","R","$","E","BOSS"],"items_purchased_type":["Card","Card","Card","Card","Relic","Card","Card","Relic","Relic","Card","Card","Card","Potion"],"build_version":"2020-12-22","purchased_purges":4,"victory":false,"max_hp_per_floor":[71,71,71,71,71,71,71,71,71,71,71,77,77,77,77,77,77,77,77,77,77,77,77,77,77,77,77,77,77,77,77,77,77,95,95,95,95,95,95,95,95,95,95,95,95,95,95,95,95,95,95,95,95,95],"card_choices":[{"not_picked":["Redo","Gash"],"picked":"White Noise","floor":1},{"not_picked":["Stack","Redo"],"picked":"Leap","floor":3},{"not_picked":["Gash","Darkness","Redo"],"picked":"SKIP","floor":5},{"not_picked":["Redo","Gash","ReplaySolidLightProjector"],"picked":"SKIP","floor":7},{"not_picked":["Multi-Cast","Panic Button","Go for the Eyes"],"picked":"SKIP","floor":10},{"not_picked":["Go for the Eyes","Compile Driver"],"picked":"Ball Lightning","floor":11},{"not_picked":["Redo","Turbo"],"picked":"Chill","floor":13},{"not_picked":["Rebound","Meteor Strike"],"picked":"hubris:PowerSurge","floor":14},{"not_picked":["Rainbow","Hyperbeam"],"picked":"Machine Learning","floor":16},{"not_picked":["Cold Snap","Gash+1"],"picked":"FTL","floor":18},{"not_picked":["Go for the Eyes","Gash"],"picked":"Hologram","floor":22},{"not_picked":["Barrage","Sunder"],"picked":"Static Discharge","floor":24},{"not_picked":["Steam","Beam Cell","Leap"],"picked":"SKIP","floor":25},{"not_picked":["Doom and Gloom","Compile Driver"],"picked":"hubris:Ukulele","floor":27},{"not_picked":["Panic Button","Cold Snap","Redo"],"picked":"SKIP","floor":29},{"not_picked":["Rebound","Time Bomb","Lockon+1"],"picked":"SKIP","floor":30},{"not_picked":["Capacitor","Ball Lightning"],"picked":"Creative AI","floor":31},{"not_picked":["Thunder Strike","Core Surge"],"picked":"Creative AI","floor":33},{"not_picked":["Amnesia","Parasite"],"picked":"hubris:Compulsion","floor":34},{"not_picked":["Doubt","hubris:Gluttony"],"picked":"Sickly","floor":34},{"not_picked":["Overencumbered","hubris:Sloth"],"picked":"ReplayTheSpireMod:IOU","floor":34},{"not_picked":["Sweeping Beam","Conserve Battery"],"picked":"BasicCrystalCard+1","floor":35},{"not_picked":["Leap","Recycle+1","Melter"],"picked":"SKIP","floor":36},{"not_picked":["Conserve Battery","Barrage"],"picked":"Static Discharge","floor":38},{"not_picked":["hubris:DoWhile","Double Energy+1"],"picked":"Chill","floor":45},{"not_picked":["ReplayTheSpireMod:Repulse+1","Streamline+1"],"picked":"Glacier","floor":46},{"not_picked":["Static Discharge","FTL","Turbo"],"picked":"SKIP","floor":47},{"not_picked":["Turbo+1","Streamline","ReplayTheSpireMod:Repulse+1"],"picked":"SKIP","floor":54}],"player_experience":718610,"relics_obtained":[{"floor":7,"key":"Blue Candle"},{"floor":9,"key":"Darkstone Periapt"},{"floor":24,"key":"Mummified Hand"},{"floor":26,"key":"hubris:64BitClover"},{"floor":27,"key":"hubris:DeckOfHolding"},{"floor":29,"key":"Onion Ring"},{"floor":31,"key":"hubris:Teleporter"},{"floor":38,"key":"Replay:Arrowhead"},{"floor":43,"key":"Bag of Marbles"},{"floor":47,"key":"Symbiotic Virus"},{"floor":54,"key":"Anchor"}],"event_choices":[{"cards_removed":["Strike_B"],"damage_healed":0,"gold_gain":0,"player_choice":"Card Removal","damage_taken":7,"max_hp_gain":0,"max_hp_loss":0,"event_name":"Golden Wing","floor":2,"gold_loss":0},{"damage_healed":0,"gold_gain":275,"player_choice":"Desecrate","damage_taken":0,"max_hp_gain":0,"max_hp_loss":0,"event_name":"Golden Shrine","floor":12,"gold_loss":0,"cards_obtained":["Regret"]},{"damage_healed":0,"gold_gain":0,"player_choice":"Simplicity","damage_taken":0,"max_hp_gain":0,"max_hp_loss":0,"event_name":"Back to Basics","floor":19,"gold_loss":0,"cards_upgraded":["Strike_B","Defend_B","Defend_B","Defend_B","Defend_B"]},{"damage_healed":0,"gold_gain":0,"player_choice":"1 cards matched","damage_taken":0,"max_hp_gain":0,"max_hp_loss":0,"event_name":"Match and Keep!","floor":21,"gold_loss":0,"cards_obtained":["hubris:Insight"]},{"damage_healed":0,"gold_gain":0,"player_choice":"Memory 1","damage_taken":0,"max_hp_gain":0,"max_hp_loss":0,"event_name":"SensoryStone","floor":37,"gold_loss":0},{"damage_healed":0,"gold_gain":0,"player_choice":"Fight","damage_taken":0,"max_hp_gain":0,"max_hp_loss":0,"event_name":"MindBloom","floor":38,"gold_loss":0},{"damage_healed":0,"gold_gain":0,"player_choice":"Ignored","damage_taken":0,"max_hp_gain":0,"max_hp_loss":0,"event_name":"Mysterious Sphere","floor":39,"gold_loss":0}],"is_beta":false,"boss_relics":[{"not_picked":["Pandora\u0027s Box","Fusion Hammer"],"picked":"Inserter"},{"not_picked":["ChewingGum","Astrolabe"],"picked":"Replay:Ancient Bell"},{"not_picked":["Grinning Jar","hubris:SlimyHat"],"picked":"Bronze Scales"},{"not_picked":["Replay:Accelerometer","hubris:TinFlute"],"picked":"construct:FoamFinger"},{"not_picked":["Turnip","hubris:Spice"],"picked":"Emotion Chip"}],"items_purged_floors":[0,0,28,53],"is_endless":false,"potions_floor_spawned":[10,11,13,16,18,22,25,27,33,35,45,46,47,54],"killed_by":"The Heart","ascension_level":14}}