{"host":"rnys9sj607vajavv","time":1611106083,"event":{"mods":["BaseMod","Colored Map","Downfall","Minty Spire (QoL Compilation)","StSLib"],"gold_per_floor":[99,109,124,124,136,150,177,177,212,228,246,246,246,276,288,390,390,390,407,407,422,422,433,433,433,333,366,76,76,95,95,107,208,208,208,218,103,203,38,38,38,38,66,80,65,65,65,75,93,93],"floor_reached":51,"language":"ENG","playtime":5195,"items_purged":["Guardian:Strike_Guardian","Guardian:Strike_Guardian"],"score":716,"play_id":"06d6f741-9544-4bd1-868e-7b8dbc53a03a","local_time":"20210119172803","is_ascension_mode":true,"campfire_choices":[{"data":"Guardian:ExploitGems","floor":1.0,"key":"SMITH"},{"data":"Guardian:SentryBeam","floor":8.0,"key":"SMITH"},{"data":"Guardian:GatlingBeam","floor":12.0,"key":"SMITH"},{"data":"Guardian:StasisField","floor":18.0,"key":"SMITH"},{"data":"Guardian:FuturePlans","floor":26.0,"key":"SMITH"},{"data":"Guardian:BodySlam","floor":29.0,"key":"SMITH"},{"floor":35.0,"key":"RECALL"},{"data":"Guardian:Emergency","floor":47,"key":"SMITH"}],"circlet_count":0,"master_deck":["Guardian:Strike_Guardian+1","Guardian:Defend_Guardian","Guardian:Defend_Guardian","Guardian:Defend_Guardian","Guardian:Defend_Guardian","Guardian:CurlUp","Guardian:TwinSlam","Guardian:ExploitGems+1","Guardian:FuturePlans+1","Guardian:SentryBeam+1","Guardian:ShieldCharger","Guardian:GatlingBeam+1","Guardian:StasisField+1","Guardian:ShieldSpikes+1","Guardian:BodySlam+1","Guardian:BodySlam+1","Guardian:TimeSifter","Guardian:Emergency+1","Guardian:BodySlam+1","Parasite","Guardian:Repulse+1"],"relics":["Guardian:ModeShifter","Guardian:PocketSentry","Guardian:DefensiveModeMoreBlock","Peace Pipe","Black Star","downfall:HeartBlessingBlue","Juzu Bracelet","StrikeDummy","Whetstone","SlaversCollar","downfall:GremlinWheel","Orrery","MealTicket","Kunai","Art of War","White Beast Statue"],"acts_visited":["Exordium","TheCity","TheBeyond"],"potions_floor_usage":[45,48,50],"damage_taken":[{"damage":9.0,"enemies":"2 Louse","floor":2.0,"turns":4.0},{"damage":1.0,"enemies":"Cultist","floor":3.0,"turns":4.0},{"damage":12.0,"enemies":"Jaw Worm","floor":5.0,"turns":4.0},{"damage":9.0,"enemies":"Blue Slaver","floor":6.0,"turns":5.0},{"damage":0.0,"enemies":"Lagavulin","floor":9.0,"turns":7.0},{"damage":1.0,"enemies":"2 Fungi Beasts","floor":10.0,"turns":3.0},{"damage":8.0,"enemies":"Red Slaver","floor":11.0,"turns":4.0},{"damage":7.0,"enemies":"3 Sentries","floor":14.0,"turns":7.0},{"damage":7.0,"enemies":"Blue Slaver","floor":15.0,"turns":3.0},{"damage":16.0,"enemies":"SI_SHIV_ARCHETYPE","floor":16.0,"turns":32.0},{"damage":3.0,"enemies":"Shell Parasite","floor":19.0,"turns":7.0},{"damage":0.0,"enemies":"Chosen","floor":21.0,"turns":5.0},{"damage":8.0,"enemies":"Centurion and Healer","floor":23.0,"turns":12.0},{"damage":9.0,"enemies":"Gremlin Leader","floor":27.0,"turns":8.0},{"damage":0.0,"enemies":"downfall:FleeingMerchant","floor":28.0,"turns":4.0},{"damage":6.0,"enemies":"Chosen and Byrds","floor":30.0,"turns":5.0},{"damage":12.0,"enemies":"Sentry and Sphere","floor":32.0,"turns":6.0},{"damage":7.0,"enemies":"IC_MUSHROOM_ARCHETYPE","floor":33.0,"turns":9.0},{"damage":3.0,"enemies":"3 Shapes","floor":36.0,"turns":4.0},{"damage":0.0,"enemies":"downfall:FleeingMerchant","floor":37.0,"turns":4.0},{"damage":0.0,"enemies":"downfall:FleeingMerchant","floor":38.0,"turns":3.0},{"damage":0.0,"enemies":"downfall:FleeingMerchant","floor":39.0,"turns":4.0},{"damage":9.0,"enemies":"Reptomancer","floor":43.0,"turns":9.0},{"damage":2,"enemies":"Orb Walker","floor":44,"turns":3},{"damage":0,"enemies":"downfall:FleeingMerchant","floor":45,"turns":4},{"damage":5,"enemies":"Writhing Mass","floor":48,"turns":6},{"damage":13,"enemies":"Sphere and 2 Shapes","floor":49,"turns":5},{"damage":21,"enemies":"WA_ARCHETYPE_DIVINITY","floor":50,"turns":9}],"seed_played":"4062358104810644874","potions_obtained":[{"floor":2.0,"key":"Block Potion"},{"floor":4.0,"key":"EntropicBrew"},{"floor":4.0,"key":"SkillPotion"},{"floor":27.0,"key":"bronze:BurnAndBuffPotion"},{"floor":48,"key":"FairyPotion"},{"floor":49,"key":"FearPotion"}],"is_trial":false,"path_per_floor":["R","M","M","?","M","M","T","R","E","M","M","R","?","E","M","B",null,"R","M","?","M","?","M","T","?","R","E","$","R","M","?","M","B",null,"R","M","$","?","$","?","T","?","E","M","$","T","R","M","M","B",null],"character_chosen":"GUARDIAN","items_purchased":["Guardian:BodySlam","Whetstone","Orrery"],"campfire_rested":0,"item_purchase_floors":[28,28,39],"current_hp_per_floor":[72,63,62,62,50,41,41,41,41,40,32,32,32,25,18,2,72,72,69,69,69,69,61,61,61,71,62,62,62,56,56,44,37,82,82,79,79,79,79,79,79,79,70,68,82,82,82,77,64,43],"gold":93,"neow_bonus":"THREE_RARE_CARDS","is_daily":false,"chose_seed":false,"campfire_upgraded":7,"win_rate":0.0,"timestamp":1611106083,"path_taken":["R","M","M","?","?","M","T","R","E","?","M","R","?","E","M","BOSS","R","M","?","M","?","M","T","?","R","E","$","R","M","?","M","BOSS","R","M","$","?","$","?","T","?","E","M","$","?","R","M","M","BOSS"],"items_purchased_type":["Card","Relic","Relic"],"build_version":"2020-12-22","purchased_purges":2,"victory":true,"max_hp_per_floor":[72,72,72,72,72,72,72,72,72,72,72,72,72,72,72,72,72,72,72,72,72,72,72,72,72,82,82,82,82,82,82,82,82,82,82,82,82,82,82,82,82,82,82,82,82,82,82,82,82,82],"card_choices":[{"not_picked":["Guardian:StasisStrike","Guardian:StasisField"],"picked":"Guardian:ExploitGems","floor":0.0},{"not_picked":["Guardian:ArmoredProtocol","Guardian:BronzeOrb"],"picked":"Guardian:FuturePlans","floor":2.0},{"not_picked":["Guardian:Orbwalk","Guardian:Incinerate"],"picked":"Guardian:SentryBeam","floor":3.0},{"not_picked":["Guardian:Gem_Purple","Guardian:Gem_Cyan"],"picked":"Guardian:Gem_Green","floor":5.0},{"not_picked":["Guardian:Planning","Guardian:BronzeOrb"],"picked":"Guardian:ShieldCharger","floor":6.0},{"not_picked":["Guardian:GuardianWhirl","Guardian:CrystalBeam"],"picked":"Guardian:Gem_Purple","floor":9.0},{"not_picked":["Guardian:PrismaticBeam","Guardian:ShieldCharger"],"picked":"Guardian:GatlingBeam","floor":10.0},{"not_picked":["Guardian:Gem_Crimson","Guardian:Repulse"],"picked":"Guardian:Gem_Cyan","floor":11.0},{"not_picked":["Guardian:PrismaticBarrier","Guardian:Recover"],"picked":"Guardian:Gem_Lightblue","floor":14.0},{"not_picked":["Guardian:RollAttack","Guardian:Reroute"],"picked":"Guardian:StasisField","floor":15.0},{"not_picked":["Guardian:StasisEngine","Guardian:GemFinder"],"picked":"Guardian:Gem_Synthetic","floor":16.0},{"not_picked":["Guardian:TemporalShield+1","Guardian:Harden"],"picked":"Guardian:ShieldSpikes+1","floor":19.0},{"not_picked":["Guardian:WalkerClaw+1","Guardian:BronzeOrb","Guardian:Gem_Red"],"picked":"SKIP","floor":21.0},{"not_picked":["Guardian:Gem_Lightblue","Guardian:PolyBeam","Guardian:Emergency"],"picked":"SKIP","floor":23.0},{"not_picked":["Guardian:RollAttack","Guardian:PrismaticBeam","Guardian:GemFire"],"picked":"SKIP","floor":27.0},{"not_picked":["Guardian:RollAttack","Guardian:GuardianWhirl+1","Guardian:Harden+1"],"picked":"SKIP","floor":28.0},{"not_picked":["Guardian:TemporalStrike","Guardian:TemporalShield","Guardian:Gem_Red"],"picked":"SKIP","floor":30.0},{"not_picked":["Guardian:TimeBomb","Guardian:RollAttack","Guardian:Reroute"],"picked":"SKIP","floor":32.0},{"not_picked":["Guardian:FierceBash","Guardian:SphericShield"],"picked":"Guardian:TimeSifter","floor":33.0},{"not_picked":["Guardian:PrismaticBarrier+1","Guardian:Suspension+1","Guardian:RollAttack"],"picked":"SKIP","floor":36.0},{"not_picked":["Guardian:Gem_Cyan","Guardian:DecasProtection+1"],"picked":"Guardian:Emergency","floor":37.0},{"not_picked":["Guardian:ArmoredProtocol+1","Guardian:DonusPower+1","Guardian:Gem_Lightblue"],"picked":"SKIP","floor":39.0},{"not_picked":["Guardian:WalkerClaw+1","Guardian:Repulse+1"],"picked":"Guardian:Gem_Yellow","floor":39.0},{"not_picked":["Guardian:PrimingBeam","Guardian:Clone+1"],"picked":"Guardian:BodySlam+1","floor":39.0},{"not_picked":["Guardian:SpikerProtocol","Guardian:Planning","Guardian:Gem_Yellow"],"picked":"SKIP","floor":43.0},{"not_picked":["Guardian:Recover+1","Guardian:BodySlam","Guardian:ChargeCore"],"picked":"SKIP","floor":44},{"not_picked":["Guardian:Recover+1","Guardian:StasisStrike","Guardian:Preprogram"],"picked":"SKIP","floor":45},{"not_picked":["Guardian:CrystalBeam","Guardian:TemporalStrike"],"picked":"Guardian:Repulse+1","floor":48},{"not_picked":["Guardian:SentryBeam","Guardian:TimeCapacitor+1","Guardian:Gem_Fragmented"],"picked":"SKIP","floor":49}],"player_experience":674950,"relics_obtained":[{"floor":7.0,"key":"Guardian:PocketSentry"},{"floor":9.0,"key":"Guardian:DefensiveModeMoreBlock"},{"floor":14.0,"key":"Peace Pipe"},{"floor":27.0,"key":"Juzu Bracelet"},{"floor":27.0,"key":"StrikeDummy"},{"floor":38.0,"key":"downfall:GremlinWheel"},{"floor":41.0,"key":"MealTicket"},{"floor":43.0,"key":"Kunai"},{"floor":43.0,"key":"Art of War"},{"floor":46,"key":"White Beast Statue"}],"event_choices":[{"damage_healed":0.0,"max_hp_gain":0.0,"max_hp_loss":0.0,"gold_gain":0.0,"event_name":"Lab","player_choice":"Got Potions","floor":4.0,"gold_loss":0.0,"damage_taken":0.0},{"damage_healed":0.0,"max_hp_gain":0.0,"max_hp_loss":0.0,"gold_gain":0.0,"event_name":"The Library","player_choice":"Read","floor":20.0,"gold_loss":0.0,"damage_taken":0.0,"cards_obtained":["Guardian:BodySlam"]},{"damage_healed":0.0,"max_hp_gain":0.0,"max_hp_loss":0.0,"gold_gain":0.0,"event_name":"Vampires","player_choice":"Ignored","floor":31.0,"gold_loss":0.0,"damage_taken":0.0}],"is_beta":false,"boss_relics":[{"not_picked":["Runic Pyramid","SacredBark"],"picked":"Black Star"},{"not_picked":["Snecko Eye","Empty Cage"],"picked":"SlaversCollar"}],"items_purged_floors":[28,37],"is_endless":false,"potions_floor_spawned":[2,5,10,11,14,16,19,21,27,30,33,38,48,49],"ascension_level":1}}