{"host":"xj2wyr3bqqv4irjd","time":1611131066,"event":{"mods":["Act Like it!","Aspiration","BaseMod","Jorbs\u0027s Wanderer Trilogy","Koishi","Marisa£®ÏF”Í°°ƒß¿Ì…≥£©","Minty Spire (QoL Compilation)","Quick Restart","Rare Cards Sparkle","Reimu£®≤©¿ˆ¡È√Œ£©","Remilia£®¿Ÿ√◊¿Ú—«£©","Replay The Spire","SIMod","StSLib","Td1madao Mod","The Animator","WarShipGirlsR/’ΩΩ¢…Ÿ≈ÆR mod","Yakumo Yukari mod"],"gold_per_floor":[133,143,68,68,68,94,94,119,119,134,134,153,153,188,188,285,285,303,322,368,368,121,154,154,154,154,154,178,191,205,237,256,283,283,387,387,397,397,203,214,214,214,248,248,248,248,248,248,275,286,286,286,286,286,52,87,87],"floor_reached":58,"language":"ZHS","playtime":3514,"items_purged":["Defend_purpleEX","AT_purpleEX","Injury"],"score":2469,"play_id":"26ea931a-8298-4a20-a997-8402f990e7f5","local_time":"20210120162426","is_ascension_mode":true,"campfire_choices":[{"data":"Bait_HighSpeedFlying_purple","floor":7.0,"key":"SMITH"},{"data":"MeetDecomposer_purple","floor":13.0,"key":"SMITH"},{"floor":15.0,"key":"REST"},{"data":"Mirror_FormAndEmptin_purple","floor":24.0,"key":"SMITH"},{"data":"DarkRealmRedLine_purple","floor":27.0,"key":"SMITH"},{"data":"WorldDissolvedintheRealm_purple","floor":34.0,"key":"SMITH"},{"data":"Boundary_LifeAndDeath_purple","floor":42.0,"key":"SMITH"},{"data":"Secret Technique","floor":46,"key":"SMITH"},{"floor":48,"key":"RECALL"},{"data":"Observe_purple_2","floor":51,"key":"SMITH"},{"data":"PositiveMatter_Antimatter_Universe_purple","floor":54,"key":"SMITH"}],"circlet_count":0,"master_deck":["Defend_purpleEX","Defend_purpleEX","Observe_purple_2+1","MeetDecomposer_purple+1","Monsters_DoubleDeathButterfly_purple+1","Mirror_FormAndEmptin_purple+1","SfantasyHide_purple+1","Mirror_WaveAndshot_purple","Pot Of Greed","Pot Of Greed","MonsterNeedle_purple+1","CommonSense_AntiCommonSense_purple+1","Boundary_LifeAndDeath_purple+1","AbeCurse","Pot Of Greed","ExistenceContinue_purple+1","WangLiang_OokamiKakushi_purple+1","AdvanceAttack_purple+1","WorldDissolvedintheRealm_purple+1","MNeedle_purple+1","Umbrella_purple+1","WasteWire_Metro_purple+1","Fancifulhole_purple+1","Know_ledgeAbilityRealm_purple+1","WasteWire_Metro_purple+1","Boundary_DreamRealityDamnation_purple","Panache+1","Pot Of Greed","Panache+1","Secret Technique+1","DimensionStaggered_purple","PositiveMatter_Antimatter_Universe_purple+1","Mirror_FourBoundary_purple+1","WangLiang_LineAndCurveDreams_purple+1","OmniscientAndOmnipotent_Monster_purple","BarrageBoundary_PipeDream_purple"],"relics":["Boundary_crack","Memoryfragments_purpleEX","NeowsBlessing","Frozen Egg 2","Durian","HornCleat","Replay:WaspNest","Vajra","Ring of Chaos","Pet Ghost","TheEssenceOfRealm","aspiration:Stabinomicon","Grinning Jar","Regal Pillow","Gambling Chip","Abe\u0027s Treasure","Bottled Lightning","Garlic","Orrery"],"acts_visited":["Exordium","TheCity","TheBeyond","TheEnding"],"potions_floor_usage":[52,57,57],"damage_taken":[{"damage":0.0,"enemies":"Small Slimes","floor":1.0,"turns":1.0},{"damage":0.0,"enemies":"2 Louse","floor":2.0,"turns":1.0},{"damage":19.0,"enemies":"Lagavulin","floor":6.0,"turns":1.0},{"damage":15.0,"enemies":"Gremlin Nob","floor":8.0,"turns":2.0},{"damage":0.0,"enemies":"Jaw Worm","floor":10.0,"turns":2.0},{"damage":11.0,"enemies":"Exordium Wildlife","floor":12.0,"turns":2.0},{"damage":21.0,"enemies":"Lagavulin","floor":14.0,"turns":4.0},{"damage":23.0,"enemies":"The Guardian","floor":16.0,"turns":9.0},{"damage":6.0,"enemies":"2 Thieves","floor":18.0,"turns":2.0},{"damage":4.0,"enemies":"Chosen","floor":19.0,"turns":3.0},{"damage":22.0,"enemies":"Book of Stabbing","floor":23.0,"turns":4.0},{"damage":15.0,"enemies":"Snecko","floor":29.0,"turns":5.0},{"damage":0.0,"enemies":"Snake Plant","floor":30.0,"turns":3.0},{"damage":32.0,"enemies":"Slavers","floor":31.0,"turns":2.0},{"damage":0.0,"enemies":"3 Cultists","floor":32.0,"turns":2.0},{"damage":0.0,"enemies":"Gremlin Leader","floor":33.0,"turns":3.0},{"damage":0.0,"enemies":"Pondfish","floor":35.0,"turns":5.0},{"damage":1.0,"enemies":"Orb Walker","floor":37.0,"turns":2.0},{"damage":0.0,"enemies":"3 Shapes","floor":40.0,"turns":2.0},{"damage":0.0,"enemies":"R_Hoarder","floor":43.0,"turns":2.0},{"damage":7,"enemies":"Reptomancer","floor":49,"turns":3},{"damage":0,"enemies":"Jaw Worm Horde","floor":50,"turns":2},{"damage":0,"enemies":"Time Eater","floor":52,"turns":2},{"damage":0,"enemies":"Shield and Spear","floor":56,"turns":3},{"damage":13,"enemies":"The Heart","floor":57,"turns":3}],"seed_played":"-1427710743855271089","potions_obtained":[{"floor":6.0,"key":"FearPotion"},{"floor":16.0,"key":"Weak Potion"},{"floor":20.0,"key":"Venom Potion"},{"floor":21.0,"key":"Reflective Coating"},{"floor":21.0,"key":"Energy Potion"},{"floor":23.0,"key":"GrandPatriotsElixir:ReiMu"},{"floor":29.0,"key":"Block Potion"},{"floor":32.0,"key":"EssenceOfSteel"},{"floor":35.0,"key":"MagicPotion:ReiMu"},{"floor":40.0,"key":"SkillPotion"},{"floor":49,"key":"SkillPotion"}],"is_trial":false,"path_per_floor":["M","M","$","?","?","E","R","E","T","M","?","M","R","E","R","B",null,"M","M","?","?","$","E","R","PTL","PTL","R","T","M","M","E","M","E","R","B",null,"M","?","$","M","?","R","E","?","T","R","?","R","E","M","R","B",null,"R","$","E","B",null],"character_chosen":"Youkari","items_purchased":["TheEssenceOfRealm","Boundary_DreamRealityDamnation_purple","Mirror_FourBoundary_purple+1","Orrery","Energy Potion"],"campfire_rested":1,"item_purchase_floors":[22,39,55,55,55],"current_hp_per_floor":[70,70,70,63,63,49,49,34,34,34,34,24,24,3,25,3,75,69,65,65,65,65,47,47,47,47,47,47,42,52,27,40,59,59,75,75,75,75,75,75,65,65,75,75,75,75,75,75,75,75,75,75,75,75,75,75,72],"gold":87,"neow_bonus":"THREE_ENEMY_KILL","is_daily":false,"chose_seed":false,"campfire_upgraded":9,"win_rate":0.0,"timestamp":1611131066,"path_taken":["M","M","$","?","?","E","R","E","T","M","?","M","R","E","R","BOSS","M","M","?","?","$","E","R","PTL","PTL","R","T","M","?","E","M","E","R","BOSS","M","?","$","M","?","R","E","?","T","R","?","R","E","M","R","BOSS","R","$","E","BOSS"],"items_purchased_type":["Relic","Card","Card","Relic","Potion"],"build_version":"2020-12-22","purchased_purges":3,"victory":true,"max_hp_per_floor":[70,70,70,70,70,75,75,75,75,75,75,75,75,75,75,75,75,75,75,75,75,75,75,75,75,75,75,75,75,75,75,75,75,75,75,75,75,75,75,75,75,75,75,75,75,75,75,75,75,75,75,75,75,75,75,75,75],"card_choices":[{"not_picked":["Line_surface_state_purple","Erosivefilter_purple","AdvanceAttack_purple"],"picked":"SKIP","floor":1.0},{"not_picked":["RuleDissolution_purple","StretchesForeverDream_purple"],"picked":"Bait_HighSpeedFlying_purple","floor":2.0},{"not_picked":["ButterflyHabitatTemple_purple","Umbrella_purple"],"picked":"Charmbait_purple","floor":6.0},{"not_picked":["Realm_recovery_purpleEX","Yakumo_Ran_purple"],"picked":"WorldDissolvedintheRealm_purple","floor":8.0},{"not_picked":["Shallow_ocean_purpleEX","AdvanceAttack_purple"],"picked":"MNeedle_purple","floor":10.0},{"not_picked":["Shallow_ocean_purpleEX","MetroBOOM_purple"],"picked":"MeetDecomposer_purple","floor":12.0},{"not_picked":["Line_surface_state_purple","Mirror_Drifter_purple","Boundary_of_Extermination_purpleEX+1"],"picked":"SKIP","floor":14.0},{"not_picked":["Theboundaryofcreation_purpleEX","ContainerChange_purple+1"],"picked":"Monsters_DoubleDeathButterfly_purple+1","floor":16.0},{"not_picked":["Realm_recovery_purpleEX","MeetDecomposer_purple"],"picked":"Mirror_FormAndEmptin_purple","floor":18.0},{"not_picked":["Fantasy_PerpetualMotionMachine_purple+1","Bait_HighSpeedFlying_purple"],"picked":"DarkRealmRedLine_purple","floor":19.0},{"not_picked":["Worldmountain_purple","SfantasyHide_purple"],"picked":"Mirror_FormAndEmptin_purple+1","floor":20.0},{"not_picked":["Realm_recovery_purpleEX","Line_surface_state_purple+1"],"picked":"SfantasyHide_purple+1","floor":20.0},{"not_picked":["Charmbait_purple+1","Mirror_FormAndEmptin_purple"],"picked":"Mirror_WaveAndshot_purple","floor":23.0},{"not_picked":["SharpContractionReality_purple","MetroBOOM_purple"],"picked":"MonsterNeedle_purple+1","floor":29.0},{"not_picked":["OmniscientAndOmnipotent_Monster_purple","Umbrella_purple"],"picked":"PurpleNeedle_purple","floor":30.0},{"not_picked":["WeekHit_purple","SfantasyHide_purple+1"],"picked":"CommonSense_AntiCommonSense_purple+1","floor":31.0},{"not_picked":["MeetDecomposer_purple","StateDuplicate_purple","SharpContractionReality_purple"],"picked":"SKIP","floor":32.0},{"not_picked":["EighthInstrument_OneDividesIntoTwo_purple+1","Charmbait_purple+1","Extrememeaning_purpleEX"],"picked":"SKIP","floor":33.0},{"not_picked":["Human_Monster_Realm_purple","Know_ledgeAbilityRealm_purple"],"picked":"Boundary_LifeAndDeath_purple","floor":35.0},{"not_picked":["Charmbait_purple","SfantasyHide_purple+1","MetroBOOM_purple+1"],"picked":"SKIP","floor":37.0},{"not_picked":["Line_surface_state_purple","Mirror_WaveAndshot_purple+1","OmniscientAndOmnipotent_Monster_purple"],"picked":"SKIP","floor":40.0},{"not_picked":["Line_surface_state_purple","Mirror_WaveAndshot_purple+1","OmniscientAndOmnipotent_Monster_purple"],"picked":"SKIP","floor":40.0},{"not_picked":["Enlightenment","Replay:Parry"],"picked":"Panache+1","floor":41.0},{"not_picked":["Purity","Deep Breath"],"picked":"Panache+1","floor":41.0},{"not_picked":["Survey Options","Chrysalis"],"picked":"Secret Technique","floor":41.0},{"not_picked":["Shallow_ocean_purpleEX+1","StretchesForeverDream_purple+1"],"picked":"DimensionStaggered_purple","floor":43.0},{"not_picked":["MeetDecomposer_purple+1","Charmbait_purple+1"],"picked":"PositiveMatter_Antimatter_Universe_purple","floor":49},{"not_picked":["StretchesForeverDream_purple","AdvanceAttack_purple+1","Umbrella_purple+1"],"picked":"SKIP","floor":50},{"not_picked":["Umbrella_purple+1","Mirror_FormAndEmptin_purple+1"],"picked":"WangLiang_LineAndCurveDreams_purple+1","floor":55},{"not_picked":["DimensionStaggered_purple+1","SfantasyHide_purple"],"picked":"OmniscientAndOmnipotent_Monster_purple","floor":55},{"not_picked":["AdvanceAttack_purple+1","StateErode_purple"],"picked":"BarrageBoundary_PipeDream_purple","floor":56}],"player_experience":548815,"relics_obtained":[{"floor":6.0,"key":"Durian"},{"floor":8.0,"key":"HornCleat"},{"floor":9.0,"key":"Replay:WaspNest"},{"floor":14.0,"key":"Vajra"},{"floor":20.0,"key":"Pet Ghost"},{"floor":23.0,"key":"aspiration:Stabinomicon"},{"floor":28.0,"key":"Grinning Jar"},{"floor":31.0,"key":"Regal Pillow"},{"floor":33.0,"key":"Gambling Chip"},{"floor":43.0,"key":"Bottled Lightning"},{"floor":49,"key":"Garlic"}],"event_choices":[{"cards_removed":["Defend_purpleEX"],"damage_healed":0.0,"max_hp_gain":0.0,"max_hp_loss":0.0,"gold_gain":0.0,"event_name":"Golden Wing","player_choice":"Card Removal","floor":4.0,"gold_loss":0.0,"damage_taken":7.0},{"damage_healed":0.0,"max_hp_gain":0.0,"max_hp_loss":0.0,"gold_gain":0.0,"event_name":"Shining Light","player_choice":"Ignored","floor":11.0,"gold_loss":0.0,"damage_taken":0.0},{"damage_healed":0.0,"max_hp_gain":0.0,"max_hp_loss":0.0,"gold_gain":0.0,"event_name":"Lab","player_choice":"Got Potions","floor":21.0,"gold_loss":0.0,"damage_taken":0.0},{"damage_healed":0.0,"max_hp_gain":0.0,"max_hp_loss":0.0,"gold_gain":0.0,"event_name":"SensoryStone","player_choice":"Memory 3","floor":41.0,"gold_loss":0.0,"damage_taken":10.0},{"cards_removed":["Mirror_FormAndEmptin_purple"],"damage_healed":0,"gold_gain":0,"player_choice":"Removed Skill","damage_taken":0,"max_hp_gain":0,"max_hp_loss":0,"event_name":"Falling","floor":47,"gold_loss":0}],"is_beta":false,"boss_relics":[{"not_picked":["aspiration:SilentSkillbook","aspiration:RunicSpoon"],"picked":"Ring of Chaos"},{"not_picked":["Snecko Heart","Black Star"],"picked":"Abe\u0027s Treasure"}],"items_purged_floors":[3,22,39],"is_endless":false,"potions_floor_spawned":[6,16,23,29,32,35,40,49,50,56],"ascension_level":3}}