{"host":"k2mw1od0xoi9pcfj","time":1611186779,"event":{"mods":["Act Like it!","Aspiration","BaseMod","Downfall","Energized Spire","Hermit","Highlight Path","Minty Spire (QoL Compilation)","Relic Stats","Retaliation","StSLib","TheHeartMod"],"gold_per_floor":[110,110,110,125,141,472,472,472,498,548,548,613,578,578,578,578,578],"floor_reached":16,"language":"ENG","playtime":897,"items_purged":[],"score":106,"play_id":"7fef1f4d-7bf0-453b-94b2-79628b73afcc","local_time":"20210120175259","is_ascension_mode":false,"campfire_choices":[{"data":"hermit:LoneWolf","floor":8,"key":"SMITH"},{"data":"hermit:DeadOrAlive","floor":11,"key":"SMITH"},{"floor":15,"key":"RECALL"}],"circlet_count":0,"master_deck":["hermit:Strike_Hermit","hermit:Strike_Hermit","hermit:Strike_Hermit","hermit:Strike_Hermit","hermit:Defend_Hermit+1","hermit:Defend_Hermit","hermit:Defend_Hermit","hermit:Defend_Hermit","hermit:Snapshot","hermit:Covet","hermit:Vantage","hermit:LoneWolf+1","hermit:DeadOrAlive+1","Injury","hermit:TakeCover"],"relics":["hermit:Momento","NeowsBlessing","Regal Pillow","Old Coin","Frozen Egg 2","Strawberry","Dream Catcher"],"acts_visited":["Exordium"],"potions_floor_usage":[6],"damage_taken":[{"damage":0,"enemies":"Cultist","floor":1,"turns":1},{"damage":0,"enemies":"2 Louse","floor":4,"turns":1},{"damage":0,"enemies":"Small Slimes","floor":5,"turns":1},{"damage":41,"enemies":"Lagavulin","floor":6,"turns":11},{"damage":25,"enemies":"Gremlin Nob","floor":12,"turns":5},{"damage":40,"enemies":"The Guardian","floor":16,"turns":7}],"seed_played":"6343625343943040065","potions_obtained":[{"floor":4,"key":"hexamod:SoulburnPotion"},{"floor":12,"key":"GamblersBrew"}],"is_trial":false,"path_per_floor":["M","?","?","M","M","E","?","R","T","?","R","E","?","T","R","B"],"character_chosen":"HERMIT","items_purchased":[],"campfire_rested":0,"item_purchase_floors":[],"current_hp_per_floor":[75,75,75,75,75,34,34,34,41,41,41,16,36,36,36,0,0],"gold":578,"neow_bonus":"THREE_ENEMY_KILL","is_daily":false,"chose_seed":false,"campfire_upgraded":2,"win_rate":0.0,"timestamp":1611186779,"path_taken":["M","?","?","M","?","E","?","R","T","?","R","E","?","?","R","BOSS"],"items_purchased_type":[],"build_version":"2020-12-22","purchased_purges":0,"victory":false,"max_hp_per_floor":[75,75,75,75,75,75,75,75,82,82,82,82,82,82,82,82,82],"relic_stats":{"Regal Pillow":0,"Dream Catcher":0,"counters":[6,26],"obtain_stats":[{"Regal Pillow":3,"Dream Catcher":12,"NeowsBlessing":0,"Strawberry":9,"Frozen Egg 2":7,"hermit:Momento":0,"Old Coin":6},{"Regal Pillow":1,"Dream Catcher":5,"NeowsBlessing":0,"Strawberry":4,"Frozen Egg 2":4,"hermit:Momento":0,"Old Coin":4},{"Regal Pillow":1,"Dream Catcher":19,"NeowsBlessing":0,"Strawberry":14,"Frozen Egg 2":14,"hermit:Momento":0,"Old Coin":14}]},"card_choices":[{"not_picked":["hermit:Roulette","hermit:LowProfile"],"picked":"hermit:Enervate","floor":1},{"not_picked":["hermit:GoldenBullet","hermit:HighCaliber"],"picked":"hermit:Vantage","floor":4},{"not_picked":["hermit:Ricochet","hermit:Midnight"],"picked":"hermit:LoneWolf","floor":5},{"not_picked":["hermit:WideOpen","hermit:Roulette"],"picked":"hermit:DeadOrAlive","floor":6},{"not_picked":["hermit:Desperado","hermit:Virtue"],"picked":"hermit:TakeCover","floor":12}],"player_experience":765343,"relics_obtained":[{"floor":6,"key":"Old Coin"},{"floor":9,"key":"Strawberry"},{"floor":12,"key":"Dream Catcher"}],"event_choices":[{"damage_healed":0,"gold_gain":0,"player_choice":"Grow","damage_taken":0,"max_hp_gain":0,"max_hp_loss":0,"event_name":"Living Wall","floor":2,"gold_loss":0,"cards_upgraded":["hermit:Defend_Hermit"]},{"cards_removed":["hermit:Enervate"],"damage_healed":0,"gold_gain":0,"player_choice":"Gave Card","damage_taken":0,"relics_obtained":["Regal Pillow"],"max_hp_gain":0,"max_hp_loss":0,"event_name":"WeMeetAgain","floor":3,"gold_loss":0},{"damage_healed":0,"gold_gain":50,"player_choice":"Gained Gold","damage_taken":0,"max_hp_gain":0,"max_hp_loss":0,"event_name":"Golden Wing","floor":10,"gold_loss":0},{"damage_healed":20,"gold_gain":0,"player_choice":"Healed","damage_taken":0,"max_hp_gain":0,"max_hp_loss":0,"event_name":"The Cleric","floor":13,"gold_loss":35}],"is_beta":false,"boss_relics":[],"items_purged_floors":[],"is_endless":false,"potions_floor_spawned":[4,12],"killed_by":"The Guardian","ascension_level":0}}