{"host":"40vzoph344nwp0en","time":1611152989,"event":{"mods":["2.2 Compatiblity","BaseMod","Bestiary","Challenge The Spire","Colored Map","GifTheSpireLib","Highlight Path","Infinite Spire","Minty Spire (QoL Compilation)","Potionbrewer","Relic Sorter","Replay The Spire","StSLib","SuperFastMode","Wandering Minibosses"],"gold_per_floor":[100117,100117,98721,98721,98736,98736,98756,98756,98756,98756,98820,98404,98417,98433,98433,98530,98530,98542,98490,98506,98517,97623,97623,97639,97639,97639,97639,97672,97683,97683,97696,97696,97791,97791,97810,97810,97810,97822,97841,97841,97851,96851,96851,96851,96863,96122,96222,96222,96222,96327,96327,96336,96336,96342,95546,95546,94626,94627,94627,94652,94660,94760,93715,93730,93730,93730,93807,93807,93807,93909,93909,93923,93848,93848,93191,93220,93220,92304,92339,92339,92374,92418,92418,92555,92555,92591,92638,92710,92761,91859,91967,91967,91967,91967,91967,92036,92127,92127,92177,92177,92184,92184],"floor_reached":101,"language":"ENG","playtime":5333,"items_purged":["Strike_G","Defend_G","Strike_G","Defend_G","Defend_G","Strike_G","Strike_G","PiercingWail","Fluid Movement","Fluid Movement","Sucker Punch","Injury","Parasite","infinitespire:UltimateForm"],"score":1959,"play_id":"86b13a4f-d2b1-4253-ad6c-bd2769e6249c","local_time":"20210120072949","is_ascension_mode":false,"campfire_choices":[{"data":"Phantasmal Killer","floor":6,"key":"SMITH"},{"data":"Infinite Blades","floor":10,"key":"SMITH"},{"data":"Survivor","floor":15,"key":"SMITH"},{"data":"A Thousand Cuts","floor":27,"key":"SMITH"},{"data":"Accuracy","floor":30,"key":"SMITH"},{"data":"Blade Dance","floor":32,"key":"SMITH"},{"data":"Envenom","floor":40,"key":"SMITH"},{"data":"wanderingMiniBosses:FinaleOfPromise","floor":44,"key":"SMITH"},{"data":"Mayhem","floor":49,"key":"SMITH"},{"data":"Sadistic Nature","floor":59,"key":"SMITH"},{"data":"Sadistic Nature","floor":66,"key":"SMITH"},{"data":"After Image","floor":74,"key":"SMITH"},{"data":"Infinite Blades","floor":80,"key":"SMITH"},{"data":"Choke","floor":83,"key":"SMITH"},{"data":"Specialist","floor":92,"key":"SMITH"},{"data":"ReplayTheSpireMod:Trickstab","floor":98,"key":"SMITH"},{"data":"Neutralize","floor":100,"key":"SMITH"}],"circlet_count":0,"master_deck":["Survivor+1","Neutralize+1","Neutralize+1","Footwork","Poisoned Stab+1","Panache+1","Phantasmal Killer+1","Infinite Blades+1","Sadistic Nature+1","Footwork","A Thousand Cuts+1","Heel Hook+1","Dodge and Roll+1","Prepared+1","Accuracy+1","Blade Dance+1","Cloak And Dagger+1","infinitespire:SevenWalls+1","Outmaneuver+1","Envenom+1","Blade Dance+1","Sadistic Nature+1","Venomology+1","Venomology+1","Hidden Blade+1","Mayhem+1","ReplayTheSpireMod:From All Sides+1","PiercingWail+1","Choke+1","Blur+1","Calculated Gamble+1","ReplayTheSpireMod:Scrap Shanks","Caltrops","Replay:Bag of Tricks+1","After Image+1","Replay:Fractal Strike","Distraction+1","Accuracy","Acrobatics+1","ReplayTheSpireMod:Trickstab+1","Infinite Blades+1","Dark Shackles+1","Dash+1","Burst+1","Bane+1","Specialist+1","Escape Plan+1","Shame","Madness+1","Madness+1"],"relics":["SlaversCollar","WingedGreaves","DollysMirror","potionbrewer:BottledElixir","Omamori","Replay:Kaleidoscope","Replay:Rubber Ducky","Honey Jar","potionbrewer:ToyAutogyro","Counterbalance","Chameleon Ring","OrangePellets","Ring of Fangs","ReplayTheSpireMod:Ring of Exchange","wanderingMiniBosses:Blackblade","Toxic Egg 2","Unceasing Top","Medical Kit","Mercury Hourglass","Whetstone","Strange Spoon","Quantum Egg","Happy Flower","Snake Skull","Ice Cream","Incense Burner","Cursed Key","Centennial Puzzle","Bronze Scales","Frozen Eye","Gremlin Horn","potionbrewer:Torch","potionbrewer:Keyblade","Replay:Wanted Poster","infinitespire:Beetle Shell","infinitespire:Bottled Soul","ReplayTheSpireMod:Shallot","Toolbox","TungstenRod","Art of War","potionbrewer:BhaskarasWheel","infinitespire:Lucky Rock","MutagenicStrength","Red Mask","Replay:Bandana","infinitespire:Beetle Shell","White Beast Statue","Guide Book","PreservedInsect","ReplayFunnel","infinitespire:Cupcake","MealTicket","Ancient Tea Set","Pen Nib","Replay:Drink Me","Durian","Golden Egg","War Paint"],"acts_visited":["Exordium","TheCity","TheBeyond","Exordium","TheCity","TheBeyond"],"potions_floor_usage":[7,11,14,16,20,41,47,47,47,47,47,47,50,50,50,53,53,58,61,61,72,72,84,84,86,87,87,88,88,91,97],"damage_taken":[{"damage":0,"enemies":"Small Slimes","floor":1,"turns":6},{"damage":3,"enemies":"2 Louse","floor":5,"turns":2},{"damage":0,"enemies":"Cultist","floor":7,"turns":3},{"damage":9,"enemies":"3 Sentries","floor":11,"turns":4},{"damage":4,"enemies":"Large Slime","floor":13,"turns":4},{"damage":17,"enemies":"Exordium Thugs","floor":14,"turns":7},{"damage":0,"enemies":"Hexaghost","floor":16,"turns":8},{"damage":0,"enemies":"Chosen","floor":18,"turns":5},{"damage":0,"enemies":"Shell Parasite","floor":20,"turns":3},{"damage":0,"enemies":"Snecko","floor":21,"turns":6},{"damage":0,"enemies":"Cultist and Chosen","floor":24,"turns":7},{"damage":0,"enemies":"Nightmare","floor":28,"turns":5},{"damage":0,"enemies":"Centurion and Healer","floor":29,"turns":4},{"damage":2,"enemies":"Snecko","floor":31,"turns":3},{"damage":1,"enemies":"Collector","floor":33,"turns":4},{"damage":0,"enemies":"Orb Walker","floor":35,"turns":2},{"damage":6,"enemies":"3 Shapes","floor":38,"turns":2},{"damage":10,"enemies":"Writhing Mass","floor":39,"turns":3},{"damage":3,"enemies":"Jaw Worm Horde","floor":41,"turns":4},{"damage":0,"enemies":"Transient","floor":45,"turns":5},{"damage":0,"enemies":"infinitespire:Three Voidlings","floor":47,"turns":2},{"damage":29,"enemies":"Nightmare_Alpha","floor":47,"turns":7},{"damage":0,"enemies":"Donu and Deca","floor":50,"turns":4},{"damage":0,"enemies":"Small Slimes","floor":52,"turns":2},{"damage":0,"enemies":"2 Louse","floor":53,"turns":2},{"damage":0,"enemies":"Cultist","floor":54,"turns":1},{"damage":0,"enemies":"Gremlin Gang","floor":58,"turns":1},{"damage":0,"enemies":"Exordium Thugs","floor":61,"turns":2},{"damage":0,"enemies":"Nightmare","floor":64,"turns":2},{"damage":0,"enemies":"Hexaghost","floor":67,"turns":2},{"damage":0,"enemies":"3 Byrds","floor":69,"turns":2},{"damage":0,"enemies":"Masked Bandits","floor":72,"turns":2},{"damage":0,"enemies":"Spheric Guardian","floor":76,"turns":1},{"damage":0,"enemies":"Cultist and Chosen","floor":79,"turns":2},{"damage":0,"enemies":"Snecko","floor":81,"turns":2},{"damage":0,"enemies":"Snake Plant","floor":82,"turns":2},{"damage":0,"enemies":"Automaton","floor":84,"turns":3},{"damage":0,"enemies":"3 Shapes","floor":86,"turns":1},{"damage":0,"enemies":"Orb Walker","floor":87,"turns":2},{"damage":0,"enemies":"Transient","floor":88,"turns":4},{"damage":0,"enemies":"Writhing Mass","floor":89,"turns":3},{"damage":0,"enemies":"Nightmare","floor":91,"turns":1},{"damage":0,"enemies":"Sphere and 2 Shapes","floor":96,"turns":2},{"damage":0,"enemies":"Transient","floor":97,"turns":3},{"damage":0,"enemies":"R_Hoarder","floor":99,"turns":3}],"seed_played":"1376848865788476311","potions_obtained":[{"floor":7,"key":"EssenceOfSteel"},{"floor":11,"key":"potionbrewer:StunPotion"},{"floor":14,"key":"potionbrewer:ToxicPotion"},{"floor":18,"key":"Adrenaline Potion"},{"floor":28,"key":"Swift Potion"},{"floor":29,"key":"SkillPotion"},{"floor":31,"key":"FearPotion"},{"floor":50,"key":"potionbrewer:BoundlessPotion"},{"floor":54,"key":"CunningPotion"},{"floor":58,"key":"Adrenaline Potion"},{"floor":61,"key":"LiquidMemories"},{"floor":76,"key":"potionbrewer:AcidPotion"},{"floor":84,"key":"LifebloodPotion"},{"floor":87,"key":"ColorlessPotion"},{"floor":88,"key":"Dexterity Potion"},{"floor":91,"key":"GamblersBrew"},{"floor":96,"key":"AttackPotion"},{"floor":99,"key":"Cursed Concoction"}],"is_trial":false,"path_per_floor":["M","?","$","?","M","R","M","?","T","R","?","$","M","M","R","B",null,"M","?","M","M","$","?","M","?","T","R","NM","M","R","M","R","B",null,"M","?","AVR","M","M","R","M","$","T","R","M","$","?","?","R","B",null,"M","M","M","$","?","$","M","R","T","M","AVR","$","NM","?","R","B",null,"M","?","?","?","?","R","$","M","T","$","M","R","M","M","R","B",null,"M","M","M","M","$","NM","R","AVR","T","?","M","M","R","E","R","B"],"character_chosen":"THE_SILENT","items_purchased":["WingedGreaves","DollysMirror","Footwork","potionbrewer:BottledElixir","Poisoned Stab+1","Panache","Ancient Potion","SkillPotion","Strength Potion","Phantasmal Killer","Replay:Rubber Ducky","Sadistic Nature","Counterbalance","Chameleon Ring","OrangePellets","Accuracy","Whetstone","Strange Spoon","Quantum Egg","Sadistic Nature","Flashbang","Snake Skull","Ice Cream","Venomology+1","Centennial Puzzle","Bronze Scales","Frozen Eye","Choke","Blur+1","Gremlin Horn","potionbrewer:Torch","potionbrewer:Keyblade","Calculated Gamble+1","ReplayTheSpireMod:Scrap Shanks","infinitespire:Bottled Soul","ReplayTheSpireMod:Shallot","Toolbox","Replay:Bag of Tricks+1","Replay:Bandana","infinitespire:Beetle Shell","ReplayTheSpireMod:Trickstab","Guide Book","PreservedInsect","ReplayFunnel","Infinite Blades","Dark Shackles+1","MealTicket","Ancient Tea Set","Specialist","Escape Plan+1","potionbrewer:HastePotion"],"campfire_rested":0,"item_purchase_floors":[3,3,3,3,3,3,3,3,3,3,12,12,22,22,22,22,42,42,42,42,42,46,46,46,55,55,55,55,55,57,57,57,57,57,63,63,63,63,75,75,75,78,78,78,78,78,90,90,90,90,90],"current_hp_per_floor":[70,63,63,63,60,60,60,60,60,60,51,51,47,30,30,30,70,70,70,70,70,70,70,70,70,70,70,70,70,70,68,68,67,70,70,70,70,64,54,54,51,51,51,51,51,51,22,22,22,22,70,70,70,70,70,70,70,70,70,70,70,70,70,70,70,70,70,70,70,54,54,54,54,54,54,54,54,54,54,54,54,54,54,54,70,70,70,70,70,67,67,67,56,56,50,50,50,50,50,50,50,50],"gold":92184,"neow_bonus":"BOSS_RELIC","is_daily":false,"chose_seed":false,"campfire_upgraded":17,"win_rate":0.0,"timestamp":1611152989,"path_taken":["M","?","$","?","M","R","M","?","T","R","?","$","M","M","R","BOSS","M","?","M","?","$","?","M","?","T","R","NM","?","R","M","R","BOSS","M","?","AVR","?","M","R","M","$","T","R","M","$","?","?","R","BOSS","M","M","M","$","?","$","?","R","T","M","AVR","?","NM","?","R","BOSS","M","?","?","?","?","R","$","M","T","$","M","R","M","M","R","BOSS","M","M","M","M","$","NM","R","AVR","T","?","M","M","R","E","R","BOSS"],"items_purchased_type":["Relic","Relic","Card","Relic","Card","Card","Potion","Potion","Potion","Card","Relic","Card","Relic","Relic","Relic","Card","Relic","Relic","Relic","Card","Potion","Relic","Relic","Card","Relic","Relic","Relic","Card","Card","Relic","Relic","Relic","Card","Card","Relic","Relic","Relic","Card","Relic","Relic","Card","Relic","Relic","Relic","Card","Card","Relic","Relic","Card","Card","Potion"],"build_version":"2020-12-22","purchased_purges":14,"victory":false,"max_hp_per_floor":[70,70,70,70,70,70,70,70,70,70,70,70,70,70,70,70,70,70,70,70,70,70,70,70,70,70,70,70,70,70,70,70,70,70,70,70,70,70,70,70,70,70,70,70,70,70,70,70,70,70,70,70,70,70,70,70,70,70,70,70,70,70,70,70,70,70,70,70,70,70,70,70,70,70,70,70,70,70,70,70,70,70,70,70,70,70,70,70,70,67,67,67,56,56,56,56,56,56,56,56,56,56],"card_choices":[{"not_picked":["Backflip","Cloak And Dagger"],"picked":"Sucker Punch","floor":1},{"not_picked":["Prepared","Expertise","Well Laid Plans"],"picked":"SKIP","floor":5},{"not_picked":["Deadly Poison","Wraith Form v2"],"picked":"Infinite Blades","floor":7},{"not_picked":["Prepared","Dagger Spray"],"picked":"PiercingWail","floor":11},{"not_picked":["Hidden Blade","Quick Slash"],"picked":"Footwork","floor":13},{"not_picked":["Footwork","Crippling Poison"],"picked":"Fluid Movement","floor":14},{"not_picked":["Malaise","Phantasmal Killer"],"picked":"A Thousand Cuts","floor":16},{"not_picked":["ReplayTheSpireMod:Speed Training","Deadly Poison+1","Leg Sweep"],"picked":"Heel Hook+1","floor":18},{"not_picked":["Leg Sweep","Blade Dance","Terror"],"picked":"Dodge and Roll+1","floor":20},{"not_picked":["PiercingWail","Acrobatics","Unload"],"picked":"Prepared+1","floor":21},{"not_picked":[],"picked":"wanderingMiniBosses:FinaleOfPromise","floor":24},{"not_picked":["Bouncing Flask+1","All Out Attack","Reflex"],"picked":"Blade Dance","floor":24},{"not_picked":["Underhanded Strike+1","Backflip+1","Grand Finale"],"picked":"Cloak And Dagger+1","floor":28},{"not_picked":["infinitespire:FinalStrike","ReplayTheSpireMod:Echoes of Time"],"picked":"infinitespire:SevenWalls","floor":28},{"not_picked":["Dagger Throw","All Out Attack","ReplayTheSpireMod:Speed Training+1"],"picked":"Outmaneuver+1","floor":29},{"not_picked":["Tactician+1","Sneak Up+1","Quick Slash"],"picked":"Fluid Movement","floor":31},{"not_picked":["Unload","Atom Bomb","Tools of the Trade"],"picked":"Envenom","floor":33},{"not_picked":["Terror+1","Prepared+1","Cloak And Dagger+1"],"picked":"Blade Dance+1","floor":35},{"not_picked":["Terror+1","Backflip+1","Underhanded Strike","ReplayTheSpireMod:The Works+1"],"picked":"SKIP","floor":38},{"not_picked":["Dagger Spray+1","Noxious Fumes+1","ReplayTheSpireMod:Scrap Shanks+1"],"picked":"Venomology+1","floor":39},{"not_picked":["Catalyst+1","Sucker Punch+1","Hidden Blade+1"],"picked":"Deflect+1","floor":41},{"not_picked":["Slice","ReplayTheSpireMod:Exploit Weakness+1","Flying Knee+1","Blade Dance+1"],"picked":"SKIP","floor":45},{"not_picked":["ReplayTheSpireMod:Haul","infinitespire:Gouge"],"picked":"infinitespire:UltimateForm","floor":47},{"not_picked":["Prepared+1","Draining Mist+1","Eviscerate+1"],"picked":"Hidden Blade+1","floor":47},{"not_picked":["ReplayTheSpireMod:Uncanny Aura+1","Forethought+1","Impatience+1"],"picked":"Mayhem","floor":48},{"not_picked":["Envenom","A Thousand Cuts","Unload"],"picked":"ReplayTheSpireMod:From All Sides","floor":50},{"not_picked":["Underhanded Strike","Masterful Stab","Quick Slash","Outmaneuver+1"],"picked":"SKIP","floor":52},{"not_picked":["Prepared+1","Slice","Terror+1","Accuracy"],"picked":"SKIP","floor":53},{"not_picked":["Sneak Up+1","Dagger Spray","Underhanded Strike"],"picked":"PiercingWail+1","floor":54},{"not_picked":["Sneak Up+1","Atom Bomb","Sucker Punch"],"picked":"Caltrops","floor":58},{"not_picked":["Cloak And Dagger+1","Underhanded Strike","Hidden Blade+1","Flying Knee"],"picked":"SKIP","floor":61},{"not_picked":["Underhanded Strike","Grand Finale","Acrobatics+1","Bouncing Flask+1"],"picked":"SKIP","floor":64},{"not_picked":["Night Terror+1","Tools of the Trade","Glass Knife"],"picked":"After Image","floor":67},{"not_picked":["infinitespire:FinalStrike","infinitespire:Punishment"],"picked":"Replay:Fractal Strike","floor":68},{"not_picked":["Heel Hook","Deadly Poison+1","PiercingWail+1","Backstab+1"],"picked":"SKIP","floor":69},{"not_picked":["PiercingWail+1","Quick Slash","ReplayTheSpireMod:Speed Training+1"],"picked":"Distraction+1","floor":70},{"not_picked":["Prepared+1","Deadly Poison+1","Dodge and Roll+1"],"picked":"Accuracy","floor":70},{"not_picked":["Deadly Poison+1","Sucker Punch","Blade Dance+1"],"picked":"Acrobatics+1","floor":72},{"not_picked":["Poisoned Stab","Underhanded Strike+1","Crippling Poison+1","Footwork"],"picked":"SKIP","floor":76},{"not_picked":["Blade Dance+1","Escape Plan+1","Dodge and Roll+1"],"picked":"Dash+1","floor":79},{"not_picked":["Outmaneuver+1","Slice+1","Flying Knee","ReplayTheSpireMod:Exploit Weakness+1"],"picked":"SKIP","floor":81},{"not_picked":["Hidden Blade+1","PiercingWail+1","Quick Slash","Calculated Gamble+1"],"picked":"SKIP","floor":82},{"not_picked":["Atom Bomb","Bullet Time+1","Night Terror+1"],"picked":"Burst+1","floor":84},{"not_picked":["Outmaneuver+1","Accuracy+1","Quick Slash","Poisoned Stab"],"picked":"SKIP","floor":86},{"not_picked":["Dodge and Roll+1","Blade Dance+1","Caltrops+1","Hidden Blade+1"],"picked":"SKIP","floor":87},{"not_picked":["Fluid Movement","PiercingWail+1","Prepared+1"],"picked":"Bane+1","floor":88},{"not_picked":["Hidden Blade+1","ReplayTheSpireMod:Shiv Toss+1","Riddle With Holes","Flying Knee+1"],"picked":"SKIP","floor":89},{"not_picked":["Venomology+1","Reflex+1","Toxin Wave+1","Crippling Poison+1"],"picked":"SKIP","floor":91},{"not_picked":["Well Laid Plans+1","Backflip+1","Outmaneuver+1","Deadly Poison+1"],"picked":"SKIP","floor":96},{"not_picked":["Hidden Blade+1","Reflex+1","Escape Plan+1","ReplayTheSpireMod:Tripwire+1"],"picked":"SKIP","floor":97},{"not_picked":["Outmaneuver+1","Dagger Throw","Sneak Up+1","ReplayTheSpireMod:Exploit Weakness+1"],"picked":"SKIP","floor":99}],"player_experience":378933,"relics_obtained":[{"floor":9,"key":"Omamori"},{"floor":11,"key":"Replay:Kaleidoscope"},{"floor":23,"key":"Ring of Fangs"},{"floor":23,"key":"ReplayTheSpireMod:Ring of Exchange"},{"floor":24,"key":"wanderingMiniBosses:Blackblade"},{"floor":26,"key":"Toxic Egg 2"},{"floor":28,"key":"Unceasing Top"},{"floor":43,"key":"Happy Flower"},{"floor":47,"key":"Incense Burner"},{"floor":64,"key":"TungstenRod"},{"floor":65,"key":"Art of War"},{"floor":70,"key":"infinitespire:Lucky Rock"},{"floor":72,"key":"Red Mask"},{"floor":77,"key":"White Beast Statue"},{"floor":91,"key":"Pen Nib"},{"floor":94,"key":"Golden Egg"},{"floor":99,"key":"War Paint"}],"event_choices":[{"cards_removed":["Strike_G"],"damage_healed":0,"gold_gain":0,"player_choice":"Card Removal","damage_taken":7,"max_hp_gain":0,"max_hp_loss":0,"event_name":"Golden Wing","floor":2,"gold_loss":0},{"cards_removed":["Defend_G"],"damage_healed":0,"gold_gain":0,"player_choice":"Forget","damage_taken":0,"max_hp_gain":0,"max_hp_loss":0,"event_name":"Living Wall","floor":4,"gold_loss":0},{"damage_healed":0,"gold_gain":0,"player_choice":"Ignored","damage_taken":0,"max_hp_gain":0,"max_hp_loss":0,"event_name":"Liars Game","floor":8,"gold_loss":0},{"damage_healed":0,"gold_gain":0,"player_choice":"Searched \u00272\u0027 times","damage_taken":0,"max_hp_gain":0,"max_hp_loss":0,"event_name":"Dead Adventurer","floor":11,"gold_loss":0},{"damage_healed":0,"gold_gain":0,"player_choice":"Paid Gold","damage_taken":0,"relics_obtained":["potionbrewer:ToyAutogyro"],"max_hp_gain":0,"max_hp_loss":0,"event_name":"WeMeetAgain","floor":19,"gold_loss":52},{"damage_healed":0,"gold_gain":0,"player_choice":"Ignored","damage_taken":0,"max_hp_gain":0,"max_hp_loss":0,"event_name":"NoteForYourself","floor":25,"gold_loss":0},{"damage_healed":0,"gold_gain":0,"player_choice":"Cursed","damage_taken":0,"max_hp_gain":0,"max_hp_loss":0,"event_name":"Wheel of Change","floor":36,"gold_loss":0,"cards_obtained":["Decay"]},{"damage_healed":0,"gold_gain":0,"player_choice":"Memory 1","damage_taken":0,"max_hp_gain":0,"max_hp_loss":0,"event_name":"SensoryStone","floor":48,"gold_loss":0},{"cards_removed":["Defend_G"],"damage_healed":0,"gold_gain":0,"player_choice":"Offered Basic","damage_taken":0,"max_hp_gain":0,"max_hp_loss":0,"event_name":"Bonfire Elementals","floor":56,"gold_loss":0},{"damage_healed":0,"gold_gain":0,"player_choice":"Inject Mutagens","damage_taken":0,"relics_obtained":["MutagenicStrength"],"max_hp_gain":0,"max_hp_loss":0,"event_name":"Drug Dealer","floor":71,"gold_loss":0},{"damage_healed":0,"gold_gain":0,"player_choice":"Fought Bandits","damage_taken":0,"max_hp_gain":0,"max_hp_loss":0,"event_name":"Masked Bandits","floor":72,"gold_loss":0},{"cards_removed":["Sickly"],"damage_healed":0,"gold_gain":0,"player_choice":"Gave Gold","damage_taken":0,"max_hp_gain":0,"max_hp_loss":0,"event_name":"Beggar","floor":73,"gold_loss":75},{"damage_healed":0,"gold_gain":0,"player_choice":"Embrace Madness","damage_taken":7,"max_hp_gain":0,"max_hp_loss":0,"event_name":"Winding Halls","floor":95,"gold_loss":0,"cards_obtained":["Madness","Madness"]}],"is_beta":false,"boss_relics":[{"not_picked":["ReplayTheSpireMod:SealedPack","Calling Bell"],"picked":"Honey Jar"},{"not_picked":["Runic Pyramid","potionbrewer:SalesContract"],"picked":"Medical Kit"},{"not_picked":["Astrolabe","Abe\u0027s Treasure"],"picked":"Cursed Key"},{"not_picked":["Busted Crown","ReplayTheSpireMod:DimensionalGlitch"],"picked":"potionbrewer:BhaskarasWheel"},{"not_picked":["Ring of Chaos","Velvet Choker"],"picked":"infinitespire:Cupcake"}],"items_purged_floors":[3,12,22,37,42,46,55,57,62,63,75,78,90,93],"is_endless":true,"potions_floor_spawned":[7,11,13,14,18,28,29,31,38,47,50,54,58,61,69,76,79,81,82,84,86,87,88,89,91,96,97,99],"killed_by":"Awakened One","ascension_level":0}}