{"host":"ak97kadm4gobvh6l","time":1611179700,"event":{"mods":["BaseMod","Colored Map","Downfall","Minty Spire (QoL Compilation)","StSLib"],"gold_per_floor":[99,109,109,122,33,65,65,95,95,95,106,140,155,189,203,307,307,207,222,322,322,155,188,260,274,174,207,218,230,255,416,434,539,539,539,558,575,575,378,388,388,288,305,305,356,356,238,238,252,252,252,285,36,36,36,36],"floor_reached":57,"language":"ENG","playtime":6318,"items_purged":["bronze:Strike","bronze:Strike","bronze:Defend","bronze:Defend"],"score":1261,"play_id":"49b52c40-3506-41d5-b888-01d717b682d3","local_time":"20210120225500","is_ascension_mode":true,"campfire_choices":[{"data":"bronze:Replicate","floor":1,"key":"SMITH"},{"floor":10,"key":"REST"},{"floor":18,"key":"RECALL"},{"floor":26,"key":"REST"},{"data":"bronze:Iterate","floor":35,"key":"SMITH"},{"floor":42,"key":"DIG"},{"floor":44,"key":"DIG"},{"floor":46,"key":"DIG"},{"floor":54,"key":"REST"}],"circlet_count":0,"master_deck":["bronze:Defend","bronze:Replicate+1","bronze:Goto","bronze:Frontload","bronze:Iterate+1","bronze:Terminator","bronze:Repulsor","bronze:Overload+1","bronze:Shield+1","bronze:HardenedForm","bronze:BuggyMess+1","bronze:GetLatest+1","bronze:WildBeam","bronze:ChosenStrike","bronze:Repulsor","bronze:ThunderWave","bronze:Branch","bronze:DonuBeam","bronze:DecaBeam+1","bronze:Frontload+1","bronze:TinkerersToolbox+1","bronze:Repair+1","bronze:ChosenStrike","bronze:Branch+1","bronze:AlphaBuild","bronze:MaxOutput","bronze:DelayedGuard+1","bronze:InfiniteBeams+1","bronze:BronzeOrb","bronze:Library","bronze:SpaghettiCode+1","downfall:Icky","bronze:Boost+1","bronze:BronzeOrb","bronze:MaxOutput+1","bronze:RecursiveStrike","bronze:Repulsor","bronze:Shell+1","bronze:Refactor+1"],"relics":["SlaversCollar","Shovel","Toxic Egg 2","Ornamental Fan","Ancient Tea Set","Bottled Flame","Gambling Chip","Sozu","downfall:HeartBlessingGreen","Art of War","Mercury Hourglass","downfall:HeartBlessingRed","hexamod:BolsterEngine","StrikeDummy","Philosopher\u0027s Stone","downfall:HeartBlessingBlue","Guardian:GemstoneGun","Smiling Mask","Bird Faced Urn","Anchor","Gremlin Horn","hexamod:CandleOfCauterizing"],"acts_visited":["Exordium","TheCity","TheBeyond","TheEnding"],"potions_floor_usage":[15,16,20,30],"damage_taken":[{"damage":1,"enemies":"Cultist","floor":2,"turns":3},{"damage":1,"enemies":"2 Louse","floor":4,"turns":3},{"damage":0,"enemies":"downfall:FleeingMerchant","floor":5,"turns":4},{"damage":17,"enemies":"3 Sentries","floor":6,"turns":8},{"damage":11,"enemies":"Lagavulin","floor":8,"turns":8},{"damage":0,"enemies":"Small Slimes","floor":11,"turns":5},{"damage":3,"enemies":"Gremlin Nob","floor":12,"turns":6},{"damage":0,"enemies":"2 Fungi Beasts","floor":13,"turns":3},{"damage":8,"enemies":"Lagavulin","floor":14,"turns":6},{"damage":4,"enemies":"Exordium Wildlife","floor":15,"turns":6},{"damage":36,"enemies":"SI_SHIV_ARCHETYPE","floor":16,"turns":11},{"damage":10,"enemies":"Chosen","floor":19,"turns":5},{"damage":48,"enemies":"Chosen","floor":20,"turns":10},{"damage":2,"enemies":"downfall:FleeingMerchant","floor":22,"turns":4},{"damage":9,"enemies":"Book of Stabbing","floor":23,"turns":7},{"damage":0,"enemies":"3 Byrds","floor":25,"turns":5},{"damage":1,"enemies":"Slavers","floor":27,"turns":6},{"damage":0,"enemies":"Snake Plant","floor":28,"turns":4},{"damage":11,"enemies":"Snecko","floor":29,"turns":3},{"damage":22,"enemies":"Gremlin Leader","floor":30,"turns":11},{"damage":0,"enemies":"downfall:FleeingMerchant","floor":31,"turns":3},{"damage":0,"enemies":"3 Cultists","floor":32,"turns":4},{"damage":27,"enemies":"DF_ARCHETYPE_CLAW","floor":33,"turns":7},{"damage":0,"enemies":"Orb Walker","floor":36,"turns":3},{"damage":4,"enemies":"3 Darklings","floor":37,"turns":5},{"damage":0,"enemies":"4 Shapes","floor":40,"turns":5},{"damage":27,"enemies":"Spire Growth","floor":43,"turns":4},{"damage":6,"enemies":"2 Orb Walkers","floor":45,"turns":5},{"damage":10,"enemies":"Maw","floor":49,"turns":6},{"damage":22,"enemies":"IC_BLOCK_ARCHETYPE","floor":50,"turns":8},{"damage":48,"enemies":"downfall:CharBossMerchant","floor":52,"turns":7},{"damage":0,"enemies":"downfall:NeowBoss","floor":55,"turns":13},{"damage":18,"enemies":"downfall:NeowBossFinal","floor":56,"turns":9}],"seed_played":"-1439915021487191213","potions_obtained":[{"floor":4,"key":"bronze:CleanCodePotion"},{"floor":12,"key":"ColorlessPotion"},{"floor":13,"key":"SkillPotion"},{"floor":14,"key":"EssenceOfSteel"},{"floor":16,"key":"LiquidMemories"}],"is_trial":false,"path_per_floor":["R","M","?","M","$","E","T","E","?","R","M","E","M","E","M","B",null,"R","M","?","?","$","E","T","M","R","E","M","M","E","$","M","B",null,"R","M","M","?","$","M","T","R","M","R","?","R","$","?","M","B",null,"E","$","R","B","B",null],"character_chosen":"THE_AUTOMATON","items_purchased":["bronze:Repulsor","bronze:Repair+1","bronze:BronzeOrb","bronze:Boost+1","bronze:Repulsor","hexamod:CandleOfCauterizing"],"campfire_rested":3,"item_purchase_floors":[5,22,31,39,47,53],"current_hp_per_floor":[70,69,66,65,65,48,48,37,37,58,58,55,55,47,43,7,70,70,60,12,12,10,11,11,21,42,51,51,40,28,28,38,11,70,70,70,66,66,66,66,66,76,59,59,63,63,63,63,77,60,80,42,42,66,80,78],"gold":36,"neow_bonus":"BOSS_RELIC","is_daily":false,"chose_seed":false,"campfire_upgraded":2,"win_rate":0.0,"timestamp":1611179700,"path_taken":["R","M","?","M","$","E","T","E","?","R","?","E","M","E","M","BOSS","R","M","?","?","?","E","T","?","R","E","M","M","E","$","M","BOSS","R","M","M","?","$","M","T","R","?","R","?","R","$","?","M","BOSS","E","$","R","BOSS","BOSS"],"items_purchased_type":["Card","Card","Card","Card","Card","Relic"],"build_version":"2020-12-22","purchased_purges":4,"victory":true,"max_hp_per_floor":[70,70,70,70,70,70,70,70,70,70,70,70,70,70,70,70,70,70,70,70,70,70,70,70,70,70,70,70,70,70,70,70,70,70,70,70,70,70,70,70,70,80,80,80,80,80,80,80,80,80,80,80,80,80,80,80],"card_choices":[{"not_picked":["bronze:Invalidate","bronze:WildBeam"],"picked":"bronze:Frontload","floor":2},{"not_picked":["bronze:Constructor","bronze:DarkDash"],"picked":"bronze:Iterate","floor":4},{"not_picked":["bronze:ForceShield","bronze:MaxOutput"],"picked":"bronze:Terminator","floor":5},{"not_picked":["bronze:CutThrough","bronze:Iterate"],"picked":"bronze:Overload+1","floor":6},{"not_picked":["bronze:Overheat","bronze:Branch"],"picked":"bronze:Shield+1","floor":8},{"not_picked":["bronze:ThunderWave","bronze:Iterate"],"picked":"bronze:GetLatest+1","floor":11},{"not_picked":["bronze:BitShift+1","bronze:Overload+1"],"picked":"bronze:WildBeam","floor":12},{"not_picked":["bronze:Turbo+1","bronze:OilSpill"],"picked":"bronze:ChosenStrike","floor":13},{"not_picked":["bronze:GetLatest+1","bronze:Optimize"],"picked":"bronze:Repulsor","floor":14},{"not_picked":["bronze:Constructor+1","bronze:Terminator+1","bronze:Repulsor"],"picked":"SKIP","floor":15},{"not_picked":["bronze:FindAndReplace+1","bronze:Break"],"picked":"bronze:ThunderWave","floor":16},{"not_picked":["bronze:OilSpill","bronze:DarkDash"],"picked":"bronze:Branch","floor":19},{"not_picked":[],"picked":"bronze:DonuBeam","floor":20},{"not_picked":[],"picked":"bronze:DecaBeam+1","floor":20},{"not_picked":["bronze:OilSpill+1","bronze:Separator"],"picked":"bronze:Frontload+1","floor":20},{"not_picked":["bronze:BitShift+1","bronze:DelayedGuard+1"],"picked":"bronze:TinkerersToolbox+1","floor":22},{"not_picked":["bronze:Turbo+1","bronze:Fortify"],"picked":"bronze:ChosenStrike","floor":23},{"not_picked":["bronze:Invalidate+1","bronze:CutThrough"],"picked":"bronze:Branch+1","floor":25},{"not_picked":["bronze:MaxOutput","bronze:Invalidate+1"],"picked":"bronze:AlphaBuild","floor":27},{"not_picked":["bronze:Iterate","bronze:Shield+1"],"picked":"bronze:MaxOutput","floor":28},{"not_picked":["bronze:Shield+1","bronze:Iterate"],"picked":"bronze:DelayedGuard+1","floor":29},{"not_picked":["bronze:ClassDefault","bronze:Repair+1"],"picked":"bronze:InfiniteBeams+1","floor":30},{"not_picked":["bronze:BuggyMess+1","bronze:WildBeam","bronze:Deprecate+1"],"picked":"SKIP","floor":31},{"not_picked":["bronze:Invalidate+1","bronze:BuggyMess+1"],"picked":"bronze:Library","floor":32},{"not_picked":["bronze:FindAndReplace+1","bronze:RecursiveStrike"],"picked":"bronze:SpaghettiCode+1","floor":33},{"not_picked":["bronze:BronzeArmor+1","bronze:Overheat","bronze:Separator+1"],"picked":"SKIP","floor":36},{"not_picked":["bronze:ChosenStrike","bronze:Frontload+1","bronze:BugBarrage"],"picked":"SKIP","floor":37},{"not_picked":["bronze:Iterate+1","bronze:WildBeam+1"],"picked":"bronze:BronzeOrb","floor":40},{"not_picked":["bronze:Deprecate+1","bronze:Turbo+1"],"picked":"bronze:MaxOutput+1","floor":43},{"not_picked":["bronze:Deprecate+1","bronze:DelayedSlice+1"],"picked":"bronze:RecursiveStrike","floor":45},{"not_picked":["bronze:Overheat+1","bronze:Branch"],"picked":"bronze:Shell+1","floor":49},{"not_picked":["bronze:CleanCode","bronze:DelayedGuard+1"],"picked":"bronze:Refactor+1","floor":52}],"player_experience":1040537,"relics_obtained":[{"floor":6,"key":"Toxic Egg 2"},{"floor":7,"key":"Ornamental Fan"},{"floor":8,"key":"Ancient Tea Set"},{"floor":12,"key":"Bottled Flame"},{"floor":14,"key":"Gambling Chip"},{"floor":23,"key":"Art of War"},{"floor":24,"key":"Mercury Hourglass"},{"floor":27,"key":"hexamod:BolsterEngine"},{"floor":30,"key":"StrikeDummy"},{"floor":42,"key":"Guardian:GemstoneGun"},{"floor":44,"key":"Smiling Mask"},{"floor":45,"key":"Bird Faced Urn"},{"floor":46,"key":"Anchor"},{"floor":52,"key":"Gremlin Horn"}],"event_choices":[{"damage_healed":0,"gold_gain":0,"player_choice":"Success","damage_taken":3,"relics_obtained":["Shovel"],"max_hp_gain":0,"max_hp_loss":0,"event_name":"Scrap Ooze","floor":3,"gold_loss":0},{"damage_healed":0,"gold_gain":0,"player_choice":"Fight","damage_taken":0,"max_hp_gain":0,"max_hp_loss":0,"event_name":"Mysterious Sphere","floor":45,"gold_loss":0}],"is_beta":false,"boss_relics":[{"not_picked":["Runic Pyramid","SacredBark"],"picked":"Sozu"},{"not_picked":["Velvet Choker","Tiny House"],"picked":"Philosopher\u0027s Stone"}],"items_purged_floors":[22,31,39,47],"is_endless":false,"potions_floor_spawned":[4,12,13,14,16,23,25,28,30,32,33,40,43,45],"ascension_level":1}}