{"host":"xp5rvh2jwe2ejyfm","time":1611168042,"event":{"mods":["BaseMod","Downfall","Hermit","Minty Spire (QoL Compilation)","Robot Space Explorer","StSLib","The Clintock","The Construct","The Cursed","The Disciple","The Forsaken","The Hierophant","The Runesmith"],"gold_per_floor":[99,24,43,55,75,86,166,166,16,1,14,26,55,68,79,176,176,126,142,160,160,260,210,233,247,197,217,233,265,115,48,63,164,164,114,126,136,150,167,199,269,58,8,58,68,82,97,97,107,107],"floor_reached":51,"language":"ENG","playtime":2791,"items_purged":[],"score":959,"play_id":"9e75918d-21bf-482d-b17d-79984b51377e","local_time":"20210120134042","is_ascension_mode":false,"campfire_choices":[{"floor":1,"key":"RECALL"},{"data":"Slimebound:Split","floor":9,"key":"SMITH"},{"data":"Slimebound:GoopSpray","floor":18,"key":"SMITH"},{"data":"Slimebound:MassFeed","floor":23,"key":"SMITH"},{"data":"Slimebound:LeadByExample","floor":26,"key":"SMITH"},{"data":"Slimebound:Schlurp","floor":30,"key":"SMITH"},{"data":"Slimebound:ViciousTackle","floor":35,"key":"SMITH"},{"data":"Slimebound:SpikyOuterGoop","floor":43,"key":"SMITH"}],"circlet_count":0,"master_deck":["Slimebound:Strike_Slimebound","Slimebound:Strike_Slimebound","Slimebound:Strike_Slimebound","Slimebound:Tackle","Slimebound:Defend_Slimebound","Slimebound:Defend_Slimebound","Slimebound:Defend_Slimebound","Slimebound:Defend_Slimebound","Slimebound:Split+1","Slimebound:CorrosiveSpit","Slimebound:MassFeed+1","Slimebound:GoopTackle","Slimebound:DisruptingSlam","Slimebound:LeechLife","Slimebound:LeadByExample+1","Slimebound:GoopSpray","Slimebound:ItLooksTasty","Slimebound:GoopSpray+1","Slimebound:GoopSpray","Slimebound:SamplingLick","Slimebound:SplitAcid","Slimebound:RallyTheTroops","Slimebound:GoopSpray","Slimebound:ViciousTackle+1","Slimebound:Schlurp+1","Slimebound:Prepare","Slimebound:Schlurp+1","Slimebound:GoopSpray+1","Slimebound:SpikyOuterGoop+1","Slimebound:LivingWall","Slimebound:SplitAcid+1","Slimebound:LeechLife","Slimebound:SplitMire","Slimebound:GoopSpray+1","Slimebound:Schlurp+1","Slimebound:LevelUp+1","Slimebound:FlameTackle","Slimebound:LeadByExample+1","Slimebound:SplitLeeching","Slimebound:AcidTongue","Slimebound:Schlurp+1","Slimebound:RollThrough+1"],"relics":["Slimebound:AbsorbEndCombat","Slimebound:GreedOozeRelic","Bottled Tornado","downfall:HeartBlessingRed","theForsaken:Lifeblossom","SlaversCollar","downfall:GremlinWheel","Dead Branch","Happy Flower","Bag of Marbles","downfall:HeartBlessingGreen","Runic Pyramid","Runesmith:AutoHammer","Mummified Hand","Ice Cream","construct:RocketBooster"],"acts_visited":["Exordium","TheCity","TheBeyond"],"potions_floor_usage":[6,10,16,16,27,32,33,33,50,50,50],"damage_taken":[{"damage":11,"enemies":"Jaw Worm","floor":3,"turns":5},{"damage":0,"enemies":"Small Slimes","floor":4,"turns":3},{"damage":4,"enemies":"Cultist","floor":5,"turns":4},{"damage":4,"enemies":"Large Slime","floor":6,"turns":5},{"damage":6,"enemies":"downfall:FleeingMerchant","floor":10,"turns":4},{"damage":11,"enemies":"Exordium Wildlife","floor":11,"turns":2},{"damage":1,"enemies":"Lots of Slimes","floor":12,"turns":2},{"damage":18,"enemies":"Gremlin Nob","floor":13,"turns":4},{"damage":14,"enemies":"3 Louse","floor":14,"turns":4},{"damage":7,"enemies":"2 Fungi Beasts","floor":15,"turns":2},{"damage":28,"enemies":"IC_STATUS_ARCHETYPE","floor":16,"turns":7},{"damage":13,"enemies":"Chosen","floor":19,"turns":5},{"damage":7,"enemies":"Shell Parasite","floor":20,"turns":5},{"damage":13,"enemies":"Shell Parasite","floor":22,"turns":3},{"damage":12,"enemies":"Snecko","floor":25,"turns":5},{"damage":11,"enemies":"Centurion and Healer","floor":27,"turns":5},{"damage":3,"enemies":"Cultist and Chosen","floor":28,"turns":4},{"damage":0,"enemies":"Gremlin Leader","floor":29,"turns":5},{"damage":5,"enemies":"downfall:FleeingMerchant","floor":31,"turns":4},{"damage":4,"enemies":"3 Cultists","floor":32,"turns":3},{"damage":28,"enemies":"DF_ARCHETYPE_CLAW","floor":33,"turns":8},{"damage":4,"enemies":"Orb Walker","floor":36,"turns":3},{"damage":31,"enemies":"3 Darklings","floor":37,"turns":5},{"damage":8,"enemies":"Writhing Mass","floor":38,"turns":5},{"damage":32,"enemies":"4 Shapes","floor":39,"turns":3},{"damage":0,"enemies":"Nemesis","floor":40,"turns":5},{"damage":0,"enemies":"downfall:FleeingMerchant","floor":42,"turns":3},{"damage":0,"enemies":"downfall:FleeingMerchant","floor":44,"turns":2},{"damage":7,"enemies":"Sphere and 2 Shapes","floor":45,"turns":3},{"damage":8,"enemies":"Writhing Mass","floor":46,"turns":5},{"damage":11,"enemies":"3 Darklings","floor":47,"turns":4},{"damage":0,"enemies":"Maw","floor":49,"turns":6},{"damage":116,"enemies":"SI_POISON_ARCHETYPE","floor":50,"turns":6}],"seed_played":"7892251571951801744","potions_obtained":[{"floor":3,"key":"SkillPotion"},{"floor":5,"key":"SneckoOil"},{"floor":8,"key":"LiquidBronze"},{"floor":8,"key":"LiquidMemories"},{"floor":8,"key":"Regen Potion"},{"floor":14,"key":"Fire Potion"},{"floor":16,"key":"Energy Potion"},{"floor":20,"key":"SteroidPotion"},{"floor":27,"key":"SneckoOil"},{"floor":29,"key":"SkillPotion"},{"floor":32,"key":"Fire Potion"},{"floor":40,"key":"Strength Potion"},{"floor":44,"key":"hexamod:SoulburnPotion"},{"floor":47,"key":"ColorlessPotion"}],"is_trial":false,"path_per_floor":["R","?","M","M","M","M","T","?","R","$","M","M","E","M","M","B",null,"R","M","M","?","?","R","T","M","R","M","M","E","R","$","M","B",null,"R","M","M","M","M","E","T","$","R","?","M","M","M","?","M","B",null],"character_chosen":"SLIMEBOUND","items_purchased":["Slimebound:LivingWall","Mummified Hand","Ice Cream"],"campfire_rested":0,"item_purchase_floors":[31,42,42],"current_hp_per_floor":[47,47,38,43,43,43,43,43,43,61,60,76,72,71,71,70,83,83,80,83,83,77,77,77,73,73,70,85,86,86,86,82,65,86,86,86,64,72,53,98,98,98,98,102,99,106,106,106,106,16],"gold":107,"neow_bonus":"THREE_RARE_CARDS","is_daily":false,"chose_seed":false,"campfire_upgraded":7,"win_rate":0.0,"timestamp":1611168042,"path_taken":["R","?","M","M","M","M","T","?","R","$","?","M","E","M","M","BOSS","R","M","M","?","?","R","T","M","R","M","?","E","R","$","M","BOSS","R","M","M","M","M","E","T","$","R","?","M","M","M","?","M","BOSS"],"items_purchased_type":["Card","Relic","Relic"],"build_version":"2020-12-22","purchased_purges":0,"victory":true,"max_hp_per_floor":[65,65,65,68,68,68,68,68,68,68,71,80,83,83,83,83,83,83,83,83,83,86,86,86,86,86,86,86,86,86,86,86,86,86,86,86,86,90,94,98,98,98,98,102,106,106,106,106,106,106],"card_choices":[{"not_picked":["Slimebound:TagTeam","Slimebound:OneTwoCombo"],"picked":"Slimebound:MassFeed","floor":0},{"not_picked":["Slimebound:FormOfPuddle","Slimebound:SlimeSpikes"],"picked":"Slimebound:GoopTackle","floor":3},{"not_picked":["Slimebound:FinishingTackle","Slimebound:ForwardTackle"],"picked":"Slimebound:DisruptingSlam","floor":4},{"not_picked":["Slimebound:SlimeSpikes","Slimebound:DisruptingSlam"],"picked":"Slimebound:LeechLife","floor":5},{"not_picked":["Slimebound:RollThrough","Slimebound:GrowthPunch"],"picked":"Slimebound:LeadByExample","floor":6},{"not_picked":["Slimebound:ProtectTheBoss","Slimebound:RejuvenatingLick"],"picked":"Slimebound:GoopSpray","floor":10},{"not_picked":["Slimebound:RainOfGoop","Slimebound:Repurpose"],"picked":"Slimebound:ItLooksTasty","floor":11},{"not_picked":["Slimebound:LeechingTouch","Slimebound:SlimeSpikes"],"picked":"Slimebound:GoopSpray","floor":12},{"not_picked":["Slimebound:Dissolve","Slimebound:SplitMire"],"picked":"Slimebound:GoopSpray","floor":13},{"not_picked":["Slimebound:Overexert","Slimebound:FlameTackle"],"picked":"Slimebound:SamplingLick","floor":14},{"not_picked":["Slimebound:HauntingLick","Slimebound:FormOfPuddle"],"picked":"Slimebound:SplitAcid","floor":15},{"not_picked":["Slimebound:CheckThePlaybook","Slimebound:OneTwoCombo"],"picked":"Slimebound:RallyTheTroops","floor":16},{"not_picked":["Slimebound:LeadByExample+1","Slimebound:ItLooksTasty"],"picked":"Slimebound:GoopSpray","floor":19},{"not_picked":["Slimebound:FormOfPuddle+1","Slimebound:GoopSpray"],"picked":"Slimebound:ViciousTackle","floor":20},{"not_picked":["Slimebound:ItLooksTasty","Slimebound:SplitMire"],"picked":"Slimebound:Schlurp","floor":25},{"not_picked":["Slimebound:SplitMire","Slimebound:ItLooksTasty"],"picked":"Slimebound:Prepare","floor":27},{"not_picked":["Slimebound:ItLooksTasty","Slimebound:SplitMire+1"],"picked":"Slimebound:Schlurp+1","floor":28},{"not_picked":["Slimebound:GoopTackle","Slimebound:BestDefense+1"],"picked":"Slimebound:GoopSpray+1","floor":29},{"not_picked":["Slimebound:ItLooksTasty+1","Slimebound:SlimeTap"],"picked":"Slimebound:SpikyOuterGoop","floor":31},{"not_picked":["Slimebound:Prepare","Slimebound:ItLooksTasty"],"picked":"Slimebound:SplitAcid+1","floor":32},{"not_picked":["Slimebound:Teamwork","Slimebound:CheckThePlaybook"],"picked":"Slimebound:LeechLife","floor":33},{"not_picked":["Slimebound:SlimeSpikes+1","Slimebound:Grow"],"picked":"Slimebound:SplitMire","floor":36},{"not_picked":["Slimebound:SplitMire","Slimebound:GrowthPunch"],"picked":"Slimebound:GoopSpray+1","floor":37},{"not_picked":["Slimebound:GoopSpray+1","Slimebound:ProtectTheBoss"],"picked":"Slimebound:Schlurp+1","floor":38},{"not_picked":["Slimebound:ViciousTackle+1","Slimebound:FinishingTackle+1"],"picked":"Slimebound:LevelUp+1","floor":39},{"not_picked":["Slimebound:FormOfPuddle","Slimebound:SplitMire+1"],"picked":"Slimebound:FlameTackle","floor":40},{"not_picked":["Slimebound:GrowthPunch+1","Slimebound:GoopTackle+1","Slimebound:RollThrough+1"],"picked":"SKIP","floor":42},{"not_picked":["Slimebound:SplitMire","Slimebound:RallyTheTroops"],"picked":"Slimebound:LeadByExample+1","floor":44},{"not_picked":["Slimebound:RollThrough","Slimebound:Replication+1"],"picked":"Slimebound:SplitLeeching","floor":45},{"not_picked":["Slimebound:Repurpose+1","Slimebound:SplitBruiser"],"picked":"Slimebound:AcidTongue","floor":46},{"not_picked":["Slimebound:Grow","Slimebound:RejuvenatingLick+1"],"picked":"Slimebound:Schlurp+1","floor":47},{"not_picked":["Slimebound:BestDefense+1","Slimebound:GoopTackle"],"picked":"Slimebound:RollThrough+1","floor":49}],"player_experience":264380,"relics_obtained":[{"floor":7,"key":"Bottled Tornado"},{"floor":13,"key":"theForsaken:Lifeblossom"},{"floor":22,"key":"downfall:GremlinWheel"},{"floor":23,"key":"Dead Branch"},{"floor":24,"key":"Happy Flower"},{"floor":29,"key":"Bag of Marbles"},{"floor":40,"key":"Runesmith:AutoHammer"},{"floor":44,"key":"construct:RocketBooster"}],"event_choices":[{"damage_healed":0,"gold_gain":0,"player_choice":"Got Potions","damage_taken":0,"max_hp_gain":0,"max_hp_loss":0,"event_name":"Lab","floor":8,"gold_loss":0},{"damage_healed":0,"gold_gain":0,"player_choice":"Relic","damage_taken":0,"max_hp_gain":0,"max_hp_loss":0,"event_name":"Wheel of Change","floor":23,"gold_loss":0}],"is_beta":false,"boss_relics":[{"not_picked":["Slimebound:AbsorbEndCombatUpgraded","Velvet Choker"],"picked":"SlaversCollar"},{"not_picked":["Coffee Dripper","Astrolabe"],"picked":"Runic Pyramid"}],"items_purged_floors":[],"is_endless":false,"potions_floor_spawned":[3,5,14,16,20,27,29,32,40,44,45,47],"ascension_level":0}}