{"host":"u4zac1ah2fyo4jwu","time":1611154727,"event":{"mods":["AchievementEnabler","BaseMod","Keyboard Shortcuts","Minty Spire (QoL Compilation)","Quick Restart","Rare Cards Sparkle","SuperFastMode"],"gold_per_floor":[109,109,127,147,167,167,187,201,201,201,201,201],"floor_reached":11,"language":"KOR","playtime":454,"items_purged":[],"score":67,"play_id":"3f3ca532-a8eb-43b5-81d1-918333a292b4","local_time":"20210120235847","is_ascension_mode":false,"campfire_choices":[{"data":"Gash","floor":6,"key":"SMITH"}],"circlet_count":0,"master_deck":["Strike_B","Strike_B","Strike_B","Defend_B","Defend_B","Zap","Dualcast","Machine Learning+1","White Noise+1","Multi-Cast+1","Hologram+1","Force Field","Fusion","Gash+1","Self Repair+1","Rip and Tear"],"relics":["Astrolabe","Bottled Lightning"],"acts_visited":["Exordium"],"potions_floor_usage":[],"damage_taken":[{"damage":1,"enemies":"2 Louse","floor":1,"turns":2},{"damage":12,"enemies":"Jaw Worm","floor":3,"turns":4},{"damage":10,"enemies":"Cultist","floor":4,"turns":6},{"damage":6,"enemies":"2 Fungi Beasts","floor":5,"turns":5},{"damage":12,"enemies":"Looter","floor":7,"turns":3},{"damage":16,"enemies":"Large Slime","floor":8,"turns":5},{"damage":18,"enemies":"3 Sentries","floor":11,"turns":2}],"seed_played":"-9005324554010029541","potions_obtained":[{"floor":4,"key":"BlessingOfTheForge"}],"is_trial":false,"path_per_floor":["M","$","M","M","M","R","M","M","T","?","E"],"character_chosen":"DEFECT","items_purchased":[],"campfire_rested":0,"item_purchase_floors":[],"current_hp_per_floor":[74,74,62,52,46,46,34,25,25,10,0,0],"gold":201,"neow_bonus":"BOSS_RELIC","is_daily":false,"chose_seed":false,"campfire_upgraded":1,"win_rate":0.0,"timestamp":1611154727,"path_taken":["M","$","M","M","M","R","M","M","T","?","E"],"items_purchased_type":[],"build_version":"2020-12-22","purchased_purges":0,"victory":false,"max_hp_per_floor":[75,75,75,75,75,75,75,75,75,75,75,75],"card_choices":[{"not_picked":["Stack","Steam"],"picked":"Hologram","floor":1},{"not_picked":["Go for the Eyes","Reinforced Body"],"picked":"Force Field","floor":3},{"not_picked":["Barrage","Reprogram"],"picked":"Fusion","floor":4},{"not_picked":["BootSequence","Multi-Cast"],"picked":"Gash","floor":5},{"not_picked":["Ball Lightning","Conserve Battery"],"picked":"Self Repair","floor":7},{"not_picked":["Leap","Melter"],"picked":"Rip and Tear","floor":8}],"player_experience":16020,"relics_obtained":[{"floor":9,"key":"Bottled Lightning"}],"event_choices":[{"damage_healed":0,"gold_gain":0,"player_choice":"Entered Light","damage_taken":15,"max_hp_gain":0,"max_hp_loss":0,"event_name":"Shining Light","floor":10,"gold_loss":0,"cards_upgraded":["Self Repair","Hologram"]}],"is_beta":false,"boss_relics":[],"items_purged_floors":[],"is_endless":false,"potions_floor_spawned":[4],"killed_by":"3 Sentries","ascension_level":0}}