{"host":"nbmmy2ys5j9alw05","time":1611150804,"event":{"mods":["AchievementEnabler","BaseMod","Bestiary","Better Vampires","Colored Map","Colored Powertips","Googly Eyes","Minty Spire (QoL Compilation)","Quick Restart","StSLib","The Hierophant","The IronCluck","everything is the same but u backflip on backflip"],"gold_per_floor":[116,135,148,73,125,125,145,178,203,203,231,193,193,203,203,203,203],"floor_reached":16,"language":"ENG","playtime":618,"items_purged":["hierophant:Strike_Hierophant"],"score":121,"play_id":"d3816c8a-e368-4b2e-9d9c-4c4cfa7fa740","local_time":"20210120055324","is_ascension_mode":true,"campfire_choices":[{"data":"hierophant:RepressedViolence","floor":6,"key":"SMITH"},{"floor":10,"key":"REST"},{"floor":15,"key":"REST"}],"circlet_count":0,"master_deck":["hierophant:Strike_Hierophant","hierophant:Strike_Hierophant","hierophant:Strike_Hierophant","hierophant:Punish+1","hierophant:Defend_Hierophant","hierophant:Defend_Hierophant","hierophant:Defend_Hierophant","hierophant:Defend_Hierophant","hierophant:ChurchCoffers","hierophant:RepressedViolence+1","hierophant:TollTheBells","hierophant:Repentance+1","hierophant:Alms","hierophant:Smite"],"relics":["hierophant:PropheticMaskRelic","Dream Catcher","Blood Vial","Regal Pillow"],"acts_visited":["Exordium"],"potions_floor_usage":[8,11,16],"damage_taken":[{"damage":11,"enemies":"Small Slimes","floor":1,"turns":3},{"damage":0,"enemies":"2 Louse","floor":2,"turns":1},{"damage":1,"enemies":"Cultist","floor":3,"turns":4},{"damage":4,"enemies":"Red Slaver","floor":7,"turns":4},{"damage":31,"enemies":"Gremlin Nob","floor":8,"turns":5},{"damage":44,"enemies":"Lagavulin","floor":11,"turns":8},{"damage":6,"enemies":"Blue Slaver","floor":14,"turns":3},{"damage":44,"enemies":"Hexaghost","floor":16,"turns":9}],"seed_played":"2191589529708264107","potions_obtained":[{"floor":1,"key":"LiquidBronze"},{"floor":3,"key":"Weak Potion"},{"floor":8,"key":"PowerPotion"}],"is_trial":false,"path_per_floor":["M","M","M","$","?","R","M","E","T","R","E","?","?","M","R","B"],"character_chosen":"HIEROPHANT","items_purchased":[],"campfire_rested":2,"item_purchase_floors":[],"current_hp_per_floor":[64,64,63,63,63,63,59,28,28,50,8,8,8,4,41,0,0],"gold":203,"neow_bonus":"UPGRADE_CARD","is_daily":false,"chose_seed":false,"campfire_upgraded":1,"win_rate":0.0,"timestamp":1611150804,"path_taken":["M","M","M","$","?","R","M","E","T","R","E","?","?","?","R","BOSS"],"items_purchased_type":[],"build_version":"2020-12-22","purchased_purges":1,"victory":false,"max_hp_per_floor":[75,75,75,75,75,75,75,75,75,75,75,75,75,75,75,75,75],"card_choices":[{"not_picked":["hierophant:Racketeering","hierophant:FieryStrike"],"picked":"hierophant:RepressedViolence","floor":1},{"not_picked":["hierophant:SolarFlare","hierophant:HolyVerse"],"picked":"hierophant:TollTheBells","floor":2},{"not_picked":["hierophant:DeathKnell","hierophant:EyeForCoin","hierophant:OrnateJavelin"],"picked":"SKIP","floor":3},{"not_picked":["hierophant:MorningPrayer","hierophant:RustyCrate","hierophant:OrnateJavelin"],"picked":"SKIP","floor":7},{"not_picked":["hierophant:HolyVerse","hierophant:Encroach"],"picked":"hierophant:Repentance","floor":8},{"not_picked":["hierophant:Glossolalia","hierophant:FlamingChariot"],"picked":"hierophant:Alms","floor":11},{"not_picked":["hierophant:ArchangelShield","hierophant:Encroach","hierophant:MirrorShield"],"picked":"SKIP","floor":14},{"not_picked":["hierophant:RepressedViolence","hierophant:AuricBeam"],"picked":"hierophant:Smite","floor":15}],"player_experience":507013,"relics_obtained":[{"floor":8,"key":"Dream Catcher"},{"floor":9,"key":"Blood Vial"},{"floor":11,"key":"Regal Pillow"}],"event_choices":[{"damage_healed":0,"gold_gain":52,"player_choice":"Gained Gold","damage_taken":0,"max_hp_gain":0,"max_hp_loss":0,"event_name":"Golden Wing","floor":5,"gold_loss":0},{"damage_healed":0,"gold_gain":0,"player_choice":"Left Gold","damage_taken":0,"max_hp_gain":0,"max_hp_loss":0,"event_name":"World of Goop","floor":12,"gold_loss":38},{"damage_healed":0,"gold_gain":0,"player_choice":"Forge","damage_taken":0,"max_hp_gain":0,"max_hp_loss":0,"event_name":"Accursed Blacksmith","floor":13,"gold_loss":0,"cards_upgraded":["hierophant:Repentance"]}],"is_beta":false,"boss_relics":[],"items_purged_floors":[4],"is_endless":false,"potions_floor_spawned":[1,3,8],"killed_by":"Hexaghost","ascension_level":2}}