{"host":"6pi3nqc17y3b7f6a","time":1611122409,"event":{"mods":["Act Like it!","Aspiration","Astrologer","Bartender","BaseMod","Beaked The Cultist","Bestiary","Better Match","Better Sensory Stone","Better Skull","Better Third Choice","Better Vampires","BetterRewards","CapriCore","Challenge The Spire","Chen","Clockwork Mod","Colored Map","Colored Powertips","Colorless Booster Pack","Conspire","Defuse TimeMaze Blight","Dio Mod","Duelist Mod","Elementarium","Energized Spire","Friendly Minions","Gensokyo","GifTheSpireLib","Gremlin Mod","GungeonMod","Halation","Hallownest","Highlight Path","Hubris","Hyrulean Relics","Infinite Spire","KinomotoSakuraMod(????)","Koishi","Mad Scientist","Magitek Elite","Marisa????????","Melee Mod","Menagerie","Mimic Mod","Minty Spire (QoL Compilation)","Nova Terra(??·??)","Pale of the Ancients","Pikachu Mod","Potionbrewer","Quarter Circle Forward PUNCH!","Quick Restart","Random Character Button","Rare Cards Sparkle","Reimu??????","Replay The Spire","Robot Space Explorer","SCP261 Mod","SIMod","SOS???????","Shedinja","Shop Mod","Spikes Relics","StSLib","Stuff the Spire","SuperFastMode","The Administrix","The Alterego","The Animator","The Bug Knight","The Construct","The Dragon Tamer","The Forsaken","The Hierophant","The Immortal","The Jester","The Kombatant","The Mystic","The Poker Player","The Problem Sleuth","The Runesmith","The Sage","The Servant 0.9.4","The Showman","The Spell Scribe","The Vixen","The Wild Card","TheBandit","TheHero","TheSwordswoman","Trackpad","Treasure Hunter","Useless Jewels Mod","Wandering Minibosses","Yakumo Yukari mod","vexMod","??????REMEMod"],"gold_per_floor":[118,118,137,137,153,179,179,179,204,204,14,14,33,61,61,166,166,184,220,220,236,236,261,261,275,299,309,309,323,323,323,323,421,421,440,458,278,291,291,291,291,216,242,38,48,48,48,48,48],"floor_reached":48,"language":"ENG","playtime":4613,"items_purged":["DTMod:Strike"],"score":556,"play_id":"6fe94c71-98b3-43ed-9709-aba58c5431fc","local_time":"20210119220008","is_ascension_mode":false,"metric_token":6227,"campfire_choices":[{"floor":7,"key":"RECALL"},{"data":"TH:DeckOfManyThings","floor":15,"key":"SMITH"},{"data":"Menagerie:LoxodonWarhammer","floor":41,"key":"SMITH"}],"dtmod_dragon_data":[0,50,2,2,4,7],"circlet_count":0,"master_deck":["DTMod:Strike","DTMod:Strike","DTMod:DoubleHit+1","DTMod:TargetDefense+1","DTMod:TargetDefense","DTMod:TargetDefense","DTMod:TargetDefense","DTMod:SwitchingTactic","MadScienceMod:CaptureMomentum","DTMod:Training","Menagerie:LoxodonWarhammer+1","DTMod:QuickFly","Menagerie:BeastSpirit+1","DTMod:BlueScale+1","DTMod:Training+1","DTMod:MasterPlan+1","DTMod:ResonanceForm+1","DTMod:InvisibleFlame","DTMod:CleansingStrike+1","DTMod:BizarreTactic+1","DTMod:DragonDance+1","DTMod:WarmUp","DTMod:MagiciansMark+1","TH:DeckOfManyThings+1","DTMod:Threaten+1","Elementarium:StickyTar","DTMod:InvisibleFlame+1","DTMod:EchoTactic+1","DTMod:RecklessFlurry+1","Burn","Burn","Apotheosis+1","DTMod:ComboAttack+1","DTMod:CrossStep","DTMod:SneakAttack"],"relics":["DTMod:PactStone","REME_ComplimentaryCards","NeowsBlessing","DemoMod:OrangeGuonStone","conspire:TopHat","TheVixenMod:UmbreonRelic","DemoMod:GnawedKey","Menagerie:MalignantTentacle","aspiration:ArtOfWarUpgrade","aspiration:PoetsPen_weak","StuffTheSpire:GrapeVine","Bird Faced Urn","HollowMod:PaleOreRelic","DTMod:BasicTextbook","Elementarium:ElementariumTrophy","Hallownest:StagBellRelic1","REME_PuzzleBoxRelic","MerchantsRug","SpikesRelics:SneckoPlush"],"acts_visited":["Menagerie:Menagerie","Elementarium:Elementarium","Hallownest:KingdomsEdge"],"potions_floor_usage":[6,6,13,23,23,25,35],"damage_taken":[{"damage":0,"enemies":"Menagerie:WhisperingWraith","floor":1,"turns":1},{"damage":0,"enemies":"Menagerie:2_RABBITS","floor":3,"turns":1},{"damage":0,"enemies":"Menagerie:MonstrousExperiment","floor":5,"turns":1},{"damage":22,"enemies":"Menagerie:Hydra","floor":6,"turns":6},{"damage":0,"enemies":"Menagerie:Hydra","floor":10,"turns":5},{"damage":0,"enemies":"Menagerie:STYGIAN_BOAR_AND_RABBIT","floor":13,"turns":4},{"damage":0,"enemies":"Menagerie:VoidReaper","floor":14,"turns":7},{"damage":7,"enemies":"Menagerie:Chimera","floor":16,"turns":15},{"damage":0,"enemies":"Elementarium:MUD_AND_TAR_GOLEMS","floor":18,"turns":7},{"damage":4,"enemies":"conspire:MimicChest","floor":19,"turns":9},{"damage":0,"enemies":"Elementarium:2_ELEMENTALS","floor":21,"turns":7},{"damage":0,"enemies":"Elementarium:WarGolem","floor":23,"turns":7},{"damage":9,"enemies":"Elementarium:VoidBeast","floor":25,"turns":7},{"damage":5,"enemies":"Elementarium:3_ELEMENTALS","floor":27,"turns":6},{"damage":5,"enemies":"Elementarium:VOID_CORRUPTION_AND_TAR_GOLEM","floor":29,"turns":8},{"damage":38,"enemies":"Elementarium:PHOENIXES","floor":33,"turns":12},{"damage":0,"enemies":"Hallownest:3_Siblings","floor":35,"turns":13},{"damage":24,"enemies":"Hallownest:2_Littles","floor":36,"turns":9},{"damage":11,"enemies":"Hallownest:2_Great","floor":38,"turns":11},{"damage":5,"enemies":"Hallownest:monsterPrimalAspid","floor":45,"turns":5},{"damage":50,"enemies":"Hallownest:Xero_Hu_Marmu","floor":48,"turns":6}],"seed_played":"-2799579777318895118","potions_obtained":[{"floor":3,"key":"LiquidMemories"},{"floor":5,"key":"PowerPotion"},{"floor":6,"key":"Explosive Potion"},{"floor":19,"key":"potionbrewer:DiscountPotion"},{"floor":21,"key":"Flashbang"},{"floor":23,"key":"Fire Potion"},{"floor":33,"key":"PowerPotion"}],"is_trial":false,"path_per_floor":["M","?","M","?","M","E","R","T","T","?","$","?","M","E","R","B",null,"M","?","?","M","?","E","?","M","T","M","?","M","R","?","R","B",null,"M","M","?","M","?","?","R","?","T","$","M","PTL","PTL","M"],"character_chosen":"THE_DT","items_purchased":["DemoMod:GnawedKey","MerchantsRug","SpikesRelics:SneckoPlush","DTMod:CrossStep"],"campfire_rested":0,"item_purchase_floors":[11,44,44,44],"current_hp_per_floor":[45,45,45,42,42,21,21,21,21,25,25,25,27,28,28,25,42,42,39,42,42,42,42,42,40,40,42,29,38,38,38,38,18,42,42,36,36,39,39,39,39,39,39,39,41,41,41,0,0],"gold":48,"neow_bonus":"THREE_ENEMY_KILL","is_daily":false,"chose_seed":false,"campfire_upgraded":2,"win_rate":0.0,"timestamp":1611122408,"path_taken":["M","?","M","?","?","E","R","?","T","?","$","?","M","E","R","BOSS","M","?","?","M","?","E","?","?","T","M","?","?","R","?","R","BOSS","M","M","?","M","?","?","R","?","T","?","?","PTL","PTL","M"],"items_purchased_type":["Relic","Relic","Relic","Card"],"build_version":"2020-12-22","purchased_purges":1,"victory":false,"max_hp_per_floor":[45,45,45,42,42,42,42,42,42,42,42,42,42,42,42,42,42,42,42,42,42,42,42,42,42,42,42,42,42,42,42,42,42,42,42,42,42,42,42,42,42,42,42,42,42,42,42,42,42],"card_choices":[{"not_picked":["DTMod:Hide","DTMod:InvisibleFlame"],"picked":"DTMod:Training","floor":1},{"not_picked":["DTMod:Shift","DTMod:BuildUp"],"picked":"DTMod:QuickFly","floor":3},{"not_picked":["DTMod:Punisher","DTMod:MaximumCharge"],"picked":"DTMod:BlueScale","floor":5},{"not_picked":["DTMod:BurningForce","DTMod:BurningEnergy"],"picked":"DTMod:Training","floor":6},{"not_picked":["TH:CopperCoins","TH:ArmorSpikes"],"picked":"SKIP","floor":6},{"not_picked":["TH:EnergyPotion","TH:ArmorSpikes"],"picked":"SKIP","floor":8},{"not_picked":["TH:TreasureMap","TH:Mimic"],"picked":"SKIP","floor":9},{"not_picked":["DTMod:QuickFly","DTMod:BurningEnergy"],"picked":"DTMod:MasterPlan","floor":13},{"not_picked":["TH:CursedSword"],"picked":"TH:DeckOfManyThings","floor":14},{"not_picked":["DTMod:Punisher","DTMod:Weaken","DTMod:BuildUp"],"picked":"SKIP","floor":14},{"not_picked":["DTMod:TriAttack","DTMod:Inferno"],"picked":"DTMod:ResonanceForm","floor":16},{"not_picked":["DTMod:BizarreTactic","DTMod:MagicField"],"picked":"DTMod:InvisibleFlame","floor":18},{"not_picked":["DTMod:GhostSkin","DTMod:Hide+1"],"picked":"DTMod:CleansingStrike","floor":19},{"not_picked":["DTMod:Hide","DTMod:BurningEnergy"],"picked":"DTMod:BizarreTactic+1","floor":21},{"not_picked":["DTMod:TagTeam","DTMod:Dissolve"],"picked":"DTMod:WarmUp","floor":23},{"not_picked":["TH:CursedSword","TH:TreasureMap"],"picked":"SKIP","floor":23},{"not_picked":["DTMod:HeatWave","DTMod:Hide+1"],"picked":"DTMod:MagiciansMark+1","floor":25},{"not_picked":["TH:CursedSword"],"picked":"TH:DeckOfManyThings","floor":26},{"not_picked":["DTMod:DragonDance","DTMod:MaximumCharge"],"picked":"DTMod:Threaten+1","floor":27},{"not_picked":["DTMod:Weaken","DTMod:TagTeam"],"picked":"DTMod:InvisibleFlame+1","floor":29},{"not_picked":["DTMod:RepeatStrike","DTMod:FierySynthesis"],"picked":"DTMod:EchoTactic","floor":33},{"not_picked":["DTMod:Weaken","DTMod:Punisher+1","DTMod:InvisibleFlame+1"],"picked":"SKIP","floor":35},{"not_picked":["DTMod:MaximumCharge","DTMod:BuildUp+1","DTMod:LowKick"],"picked":"SKIP","floor":36},{"not_picked":["DTMod:InvisibleFlame+1","DTMod:BreakAttack"],"picked":"DTMod:RecklessFlurry+1","floor":38},{"not_picked":["vexMod:StairwayStrike+1","The Bomb+1"],"picked":"Apotheosis+1","floor":42},{"not_picked":["DTMod:HeatWave+1","DTMod:Feint+1"],"picked":"DTMod:ComboAttack+1","floor":42},{"not_picked":["TH:BikiniMail","TH:PixieDust"],"picked":"SKIP","floor":43},{"not_picked":["DTMod:Punisher","DTMod:Training+1"],"picked":"DTMod:SneakAttack","floor":45}],"player_experience":629460,"relics_obtained":[{"floor":6,"key":"DemoMod:OrangeGuonStone"},{"floor":9,"key":"conspire:TopHat"},{"floor":14,"key":"Art of War"},{"floor":19,"key":"StuffTheSpire:GrapeVine"},{"floor":23,"key":"Bird Faced Urn"},{"floor":26,"key":"DTMod:BasicTextbook"},{"floor":43,"key":"REME_PuzzleBoxRelic"}],"event_choices":[{"damage_healed":0,"gold_gain":0,"cards_transformed":["DTMod:Strike"],"player_choice":"Grasp","damage_taken":0,"max_hp_gain":0,"max_hp_loss":0,"event_name":"Menagerie:MagesHand","floor":2,"gold_loss":0,"cards_obtained":["Menagerie:LoxodonWarhammer"]},{"damage_healed":0,"gold_gain":0,"player_choice":"Knelt","damage_taken":0,"max_hp_gain":0,"max_hp_loss":3,"event_name":"Menagerie:BeastSpiritShrine","floor":4,"gold_loss":0,"cards_obtained":["Menagerie:BeastSpirit"]},{"damage_healed":0,"gold_gain":0,"player_choice":"Fight the Beast\u0027s assailants","damage_taken":0,"relics_obtained":["TheVixenMod:UmbreonRelic"],"max_hp_gain":0,"max_hp_loss":0,"event_name":"Creature of the Night","floor":10,"gold_loss":0},{"damage_healed":0,"gold_gain":0,"player_choice":"Enter","damage_taken":0,"relics_obtained":["Menagerie:MalignantTentacle"],"max_hp_gain":0,"max_hp_loss":0,"event_name":"Menagerie:CorruptingLight","floor":12,"gold_loss":0,"cards_upgraded":["DTMod:TargetDefense","DTMod:Training"]},{"damage_healed":15,"gold_gain":0,"player_choice":"Drink","damage_taken":0,"max_hp_gain":0,"max_hp_loss":0,"event_name":"Elementarium:StickySituation","floor":20,"gold_loss":0,"cards_obtained":["Elementarium:StickyTar"]},{"damage_healed":0,"gold_gain":0,"player_choice":"Read","damage_taken":0,"max_hp_gain":0,"max_hp_loss":0,"event_name":"Elementarium:LostScrolls","floor":22,"gold_loss":0,"cards_obtained":["DTMod:DragonDance"]},{"cards_removed":["TH:DeckOfManyThings"],"damage_healed":0,"gold_gain":0,"player_choice":"Knowledge","damage_taken":0,"relics_obtained":["HollowMod:PaleOreRelic"],"max_hp_gain":0,"max_hp_loss":0,"event_name":"Elementarium:ShatteredPortal","floor":24,"gold_loss":0},{"damage_healed":0,"gold_gain":0,"player_choice":"UP RE ","damage_taken":17,"relics_obtained":["qcfpunch:Wrestler\u0027s_Cloak"],"max_hp_gain":0,"max_hp_loss":0,"event_name":"betterSkull:BetterSkull","floor":28,"gold_loss":0,"cards_upgraded":["DTMod:CleansingStrike"]},{"damage_healed":0,"gold_gain":0,"player_choice":"Meditate","damage_taken":0,"max_hp_gain":0,"max_hp_loss":0,"event_name":"Elementarium:SculptureGarden","floor":31,"gold_loss":0,"cards_upgraded":["DTMod:DoubleHit","DTMod:BlueScale","DTMod:DragonDance"]},{"damage_healed":0,"gold_gain":0,"player_choice":"2","damage_taken":0,"max_hp_gain":0,"max_hp_loss":0,"event_name":"betterMatch:BetterMatch","floor":42,"gold_loss":0,"cards_obtained":["betterMatch:ColorlessRareCard","betterMatch:CommonCard"]}],"is_beta":false,"boss_relics":[{"not_picked":["Snecko Heart","energizedSpire:StickyHand"],"picked":"aspiration:PoetsPen_weak"},{"not_picked":["conspire:RoyalGoblet","StuffTheSpire:RunicHypercube"],"picked":"vexMod:ImprovementManual"}],"items_purged_floors":[11],"is_endless":false,"potions_floor_spawned":[3,5,6,10,19,21,23,33],"killed_by":"Hallownest:Xero_Hu_Marmu","ascension_level":0}}