{"host":"78gzzqthv4qrbzd5","time":1611116259,"event":{"mods":["BaseMod","Hermit","Jorbs\u0027s Wanderer Trilogy","Marisa????????","Minty Spire (QoL Compilation)","StSLib","The Bug Knight","The Cursed","The Hierophant","The Jungle","The Senshi","The Witch"],"gold_per_floor":[107,107,126,146,146,174,190,190,190,190,50,78,78,128,128,244,244,323,93,93,93],"floor_reached":20,"language":"ENG","playtime":7986,"items_purged":["hierophant:Patience"],"score":182,"play_id":"690e9333-e30b-4308-ad34-e620a99fac6f","local_time":"20210119231739","daily_mods":["Vintage"],"is_ascension_mode":false,"campfire_choices":[{"floor":8,"key":"REST"},{"floor":10,"key":"REST"},{"floor":13,"key":"REST"},{"data":"hierophant:ChurchCoffers","floor":15,"key":"SMITH"}],"circlet_count":0,"master_deck":["hierophant:Strike_Hierophant","hierophant:Strike_Hierophant","hierophant:Strike_Hierophant","hierophant:Punish","hierophant:Defend_Hierophant","hierophant:Defend_Hierophant","hierophant:Defend_Hierophant","hierophant:Defend_Hierophant","hierophant:ChurchCoffers+1","hierophant:Empathy","hierophant:CursedGold","hierophant:Doubloon","hierophant:ConvertCurrency","hierophant:Doubloon","hierophant:BulkyChest","hierophant:Invocation"],"relics":["hierophant:PropheticMaskRelic","Mummified Hand","Ancient Tea Set","Kunai","Pantograph","Oddly Smooth Stone","StrikeDummy","Singing Bowl","theSenshi:SailorFukuRelic","Fusion Hammer","Potion Belt"],"acts_visited":["Exordium","TheCity"],"potions_floor_usage":[16,16],"damage_taken":[{"damage":2,"enemies":"Small Slimes","floor":1,"turns":3},{"damage":0,"enemies":"2 Louse","floor":3,"turns":1},{"damage":1,"enemies":"Cultist","floor":4,"turns":4},{"damage":31,"enemies":"3 Sentries","floor":6,"turns":13},{"damage":16,"enemies":"Lots of Slimes","floor":7,"turns":4},{"damage":9,"enemies":"Red Slaver","floor":12,"turns":4},{"damage":27,"enemies":"HollowMod:MossKnight","floor":14,"turns":17},{"damage":66,"enemies":"The Guardian","floor":16,"turns":15},{"damage":61,"enemies":"Shell Parasite","floor":18,"turns":16},{"damage":16,"enemies":"Spheric Guardian","floor":20,"turns":3}],"seed_played":"2243341076884803772","potions_obtained":[{"floor":1,"key":"Ancient Potion"},{"floor":6,"key":"EssenceOfSteel"},{"floor":12,"key":"LiquidBronze"},{"floor":14,"key":"Energy Potion"}],"is_trial":true,"path_per_floor":["M","?","M","M","?","E","M","R","T","R","$","M","R","E","R","B",null,"M","$","M"],"character_chosen":"HIEROPHANT","items_purchased":["hierophant:CursedGold","hierophant:ConvertCurrency","hierophant:Invocation"],"campfire_rested":3,"item_purchase_floors":[11,11,19],"current_hp_per_floor":[73,73,73,72,72,41,25,47,47,69,69,60,75,50,50,9,77,16,16,0,0],"gold":93,"neow_bonus":"","is_daily":false,"chose_seed":false,"campfire_upgraded":1,"win_rate":0.0,"timestamp":1611116259,"path_taken":["M","?","M","M","?","E","?","R","T","R","$","M","R","E","R","BOSS","M","$","?"],"items_purchased_type":["Card","Card","Card"],"build_version":"2020-12-22","purchased_purges":1,"victory":false,"max_hp_per_floor":[75,75,75,75,75,75,75,75,75,75,75,75,75,77,77,77,77,77,77,77,77],"card_choices":[{"not_picked":["hierophant:Upheaval","hierophant:DisplayOfPower"],"picked":"hierophant:Empathy","floor":6},{"not_picked":["hierophant:Refuge","hierophant:RustyCrate","hierophant:Doubloon"],"picked":"Singing Bowl","floor":14},{"not_picked":["hierophant:Anathema","hierophant:AuricForm"],"picked":"hierophant:BulkyChest","floor":16}],"player_experience":151448,"relics_obtained":[{"floor":1,"key":"Mummified Hand"},{"floor":3,"key":"Ancient Tea Set"},{"floor":4,"key":"Kunai"},{"floor":6,"key":"Pantograph"},{"floor":7,"key":"Oddly Smooth Stone"},{"floor":9,"key":"StrikeDummy"},{"floor":12,"key":"Singing Bowl"},{"floor":14,"key":"theSenshi:SailorFukuRelic"},{"floor":18,"key":"Potion Belt"}],"event_choices":[{"damage_healed":0,"gold_gain":0,"player_choice":"Leave","damage_taken":0,"max_hp_gain":0,"max_hp_loss":0,"event_name":"The Cleric","floor":2,"gold_loss":0},{"damage_healed":0,"gold_gain":0,"cards_transformed":["hierophant:Strike_Hierophant"],"player_choice":"Transformed","damage_taken":0,"max_hp_gain":0,"max_hp_loss":0,"event_name":"Transmorgrifier","floor":5,"gold_loss":0,"cards_obtained":["hierophant:Patience"]}],"is_beta":false,"boss_relics":[{"not_picked":["Coffee Dripper","Snecko Eye"],"picked":"Fusion Hammer"}],"items_purged_floors":[19],"is_endless":true,"potions_floor_spawned":[1,6,12,14],"killed_by":"Spheric Guardian","ascension_level":0}}