{"host":"v9ordiuf4xzdpttp","time":1611116996,"event":{"mods":["AchievementEnabler","Act Like it!","AlwaysNeverKeys","Aspiration","Bard","Bartender","BaseMod","Better Third Choice","Better Vampires","BetterRewards","CCEM","Colored Map","Conspire","Dio Mod","Downfall","Energized Spire","Filter the Spire","Gold Saver","GungeonMod","Halation","Hero for Fun","Hubris","Hunter ??","Infinite Spire","Ironclad Rager","Jedi Mod","Marked Mod","Melee Mod","Minty Spire (QoL Compilation)","Pale of the Ancients","Poor People Problems","Remove Card Discount Mod","Robot Space Explorer","SOS???????","Shop Mod","Small Relic Pack","Somnambulant","Spicy Shops","StSLib","The Bladedancer","The Bug Knight","The Construct","The Death Knight","The Exalted","The Hayseed","The Hierophant","The Jungle","The Mystic","The Runesmith","The Senshi","The Servant 0.9.4","The Wild Card","TheBandit","vexMod","??????REMEMod"],"gold_per_floor":[15,32,207,217,128,128,128,128,128,128,147,179,179,179,179,179,179,179,179,179,179,179,179,179,179,179,179,179,179,179,179,179,179,179,179,179,179,179,179,179,179,179,179,179,179,179,179,179,179,179,179,179,179,179,179,179,179,179,179,179],"floor_reached":61,"language":"ENG","playtime":441,"items_purged":["Doubt","Defend_Y","SpiritShield","Defend_Y","Defend_Y","Defend_Y","Defend_Y","Strike_Y","Strike_Y"],"score":2051,"play_id":"eaad8da6-f7e4-48dc-b96f-646206415229","local_time":"20210119232956","is_ascension_mode":true,"campfire_choices":[{"floor":15,"key":"RECALL"},{"floor":32,"key":"REST"},{"floor":47,"key":"REST"},{"floor":49,"key":"REST"},{"floor":55,"key":"REST"},{"floor":57,"key":"REST"}],"circlet_count":0,"master_deck":["Strike_Y","Strike_Y","Strike_Y"],"relics":["Cape","REME_ComplimentaryCards","MerchantsRug","relicPack:OneForAll","paleoftheancients:Timepiece","paleoftheancients:KeyRelic"],"acts_visited":["Exordium","TheCity","TheBeyond","paleoftheancients:PaleOfTheAncients"],"potions_floor_usage":[],"damage_taken":[{"damage":0,"enemies":"2 Louse","floor":1,"turns":1},{"damage":0,"enemies":"Small Slimes","floor":2,"turns":1},{"damage":0,"enemies":"conspire:RoseBush","floor":4,"turns":1},{"damage":0,"enemies":"Gremlin Nob","floor":6,"turns":1},{"damage":0,"enemies":"2 Fungi Beasts","floor":7,"turns":1},{"damage":0,"enemies":"HollowMod:MossKnight","floor":8,"turns":1},{"damage":0,"enemies":"3 Sentries","floor":10,"turns":1},{"damage":0,"enemies":"Large Slime","floor":11,"turns":1},{"damage":0,"enemies":"Gremlin Nob","floor":12,"turns":1},{"damage":0,"enemies":"Exordium Thugs","floor":14,"turns":1},{"damage":0,"enemies":"Hexaghost","floor":16,"turns":1},{"damage":0,"enemies":"2 Thieves","floor":18,"turns":1},{"damage":0,"enemies":"Chosen","floor":23,"turns":1},{"damage":0,"enemies":"conspire:SneckoGhost","floor":24,"turns":1},{"damage":0,"enemies":"Snake Plant","floor":25,"turns":1},{"damage":0,"enemies":"Chosen and Byrds","floor":28,"turns":1},{"damage":0,"enemies":"Book of Stabbing","floor":30,"turns":1},{"damage":0,"enemies":"Cultist and Chosen","floor":31,"turns":1},{"damage":0,"enemies":"hubris:MusketHawk","floor":33,"turns":1},{"damage":0,"enemies":"Orb Walker","floor":35,"turns":1},{"damage":0,"enemies":"3 Darklings","floor":38,"turns":1},{"damage":0,"enemies":"Transient","floor":39,"turns":1},{"damage":0,"enemies":"Giant Head","floor":40,"turns":1},{"damage":0,"enemies":"3 Darklings","floor":41,"turns":1},{"damage":0,"enemies":"4 Shapes","floor":42,"turns":2},{"damage":0,"enemies":"Sphere and 2 Shapes","floor":44,"turns":1},{"damage":0,"enemies":"HollowMod:StalkingDevout","floor":48,"turns":1},{"damage":0,"enemies":"conspire:OrnateMirror","floor":50,"turns":1},{"damage":0,"enemies":"conspire:OrnateMirror","floor":51,"turns":1},{"damage":0,"enemies":"conspire:OrnateMirror","floor":52,"turns":1},{"damage":0,"enemies":"conspire:OrnateMirror","floor":56,"turns":1},{"damage":0,"enemies":"paleoftheancients:N","floor":60,"turns":3}],"seed_played":"8250768309110731725","potions_obtained":[{"floor":2,"key":"Weak Potion"}],"is_trial":false,"path_per_floor":["M","M","?","M","$","E","M","E","T","E","M","E","?","M","R","B",null,"M","?","?","$","?","M","E","M","T","?","M","$","E","M","R","B",null,"M","?","?","M","M","E","M","M","T","M","AVR","?","R","E","R","B","M","M","?","$","R","M","R","$","?","B",null],"character_chosen":"OPM","items_purchased":["MerchantsRug"],"campfire_rested":5,"item_purchase_floors":[5],"current_hp_per_floor":[999,999,999,999,999,999,999,999,999,999,999,999,999,999,999,999,999,999,999,1002,1002,1002,1002,1002,1002,1002,1002,1002,1002,1002,1002,1002,1002,1002,1002,1002,1002,1002,1002,1002,1002,1002,1002,1002,1002,1002,1002,1002,1002,1214,1214,1214,1214,1214,1214,1214,1214,1214,1214,1214],"gold":179,"neow_bonus":"DSIX","is_daily":false,"chose_seed":false,"campfire_upgraded":0,"win_rate":0.0,"timestamp":1611116996,"path_taken":["M","M","?","M","$","E","M","E","T","E","M","E","?","M","R","BOSS","M","?","?","$","?","M","E","?","T","?","M","$","E","M","R","BOSS","M","?","?","M","M","E","M","?","T","M","AVR","?","R","E","R","BOSS","M","M","?","$","R","M","R","$","?","BOSS"],"items_purchased_type":["Relic"],"build_version":"2020-12-22","purchased_purges":9,"victory":true,"max_hp_per_floor":[999,999,999,999,999,999,999,999,999,999,999,999,999,999,999,999,999,999,999,1002,1002,1002,1002,1002,1002,1002,1002,1002,1002,1002,1002,1002,1002,1002,1002,1002,1002,1002,1002,1002,1002,1002,1002,1002,1002,1002,1002,1002,1002,1214,1214,1214,1214,1214,1214,1214,1214,1214,1214,1214],"card_choices":[{"not_picked":["Slap","Consecutive_Normal_Punch","Ignore"],"picked":"SKIP","floor":1},{"not_picked":["Ignore","Side_Hop","Slap"],"picked":"SKIP","floor":2},{"not_picked":["Wear_Disguise","Serious_Side_Hops","Slap"],"picked":"SKIP","floor":4},{"not_picked":["Do_Nothing","Serious_Side_Hops","Normal_Punch"],"picked":"SKIP","floor":6},{"not_picked":["Yawn","Slap","Side_Hop"],"picked":"SKIP","floor":7},{"not_picked":["Consecutive_Normal_Punch","Terrifying_Presence","Slap"],"picked":"SKIP","floor":8},{"not_picked":["Consecutive_Normal_Punch","Slap","Hop"],"picked":"SKIP","floor":10},{"not_picked":["Do_Nothing","Yawn","Side_Hop"],"picked":"SKIP","floor":11},{"not_picked":["Yawn","Slap","Hop"],"picked":"SKIP","floor":12},{"not_picked":["Wear_Disguise","Yawn","Slap"],"picked":"SKIP","floor":14},{"not_picked":["Slap","Wear_Disguise","Hop"],"picked":"SKIP","floor":18},{"not_picked":["Normal_Punch","Toss_Stone+1","Yawn+1"],"picked":"SKIP","floor":23},{"not_picked":["Toss_Stone","Ignore+1","Wear_Disguise+1"],"picked":"SKIP","floor":24},{"not_picked":["Yawn","Hop","Consecutive_Normal_Punch"],"picked":"SKIP","floor":25},{"not_picked":["Ignore","Get_Hopes_Up","Slap+1"],"picked":"SKIP","floor":28},{"not_picked":["Side_Hop","Hop","Oh"],"picked":"SKIP","floor":30},{"not_picked":["Hop","Yawn+1","Wear_Disguise"],"picked":"SKIP","floor":31},{"not_picked":["Hop","Toss_Stone","Slap"],"picked":"SKIP","floor":35},{"not_picked":["Consecutive_Normal_Punch+1","Hop","Slap+1"],"picked":"SKIP","floor":38},{"not_picked":["Do_Nothing","Side_Hop+1","Slap+1"],"picked":"SKIP","floor":39},{"not_picked":["Side_Hop+1","Do_Nothing","Hip_Strike"],"picked":"SKIP","floor":40},{"not_picked":["Yawn+1","Consecutive_Normal_Punch","Do_Nothing"],"picked":"SKIP","floor":41},{"not_picked":["Do_Nothing+1","Slap","Hop+1"],"picked":"SKIP","floor":42},{"not_picked":["Side_Hop","Hop+1","Ignore"],"picked":"SKIP","floor":44},{"not_picked":["Yawn+1","Slap","Ignore"],"picked":"SKIP","floor":48},{"not_picked":["Consecutive_Normal_Punch+1","Ignore+1","Do_Nothing"],"picked":"SKIP","floor":51},{"not_picked":["Side_Hop","Ignore+1","Hop+1"],"picked":"SKIP","floor":52},{"not_picked":["Side_Hop+1","Slap","Normal_Punch"],"picked":"SKIP","floor":56}],"player_experience":272500,"relics_obtained":[],"event_choices":[{"damage_healed":0,"gold_gain":175,"player_choice":"AGREE","damage_taken":32,"max_hp_gain":0,"max_hp_loss":0,"event_name":"betterThird:BetterSerpent","floor":3,"gold_loss":0},{"damage_healed":0,"gold_gain":0,"player_choice":"Ignored","damage_taken":0,"max_hp_gain":0,"max_hp_loss":0,"event_name":"WeMeetAgain","floor":22,"gold_loss":0},{"damage_healed":0,"gold_gain":0,"player_choice":"Leave","damage_taken":0,"max_hp_gain":0,"max_hp_loss":0,"event_name":"conspire:Investor","floor":37,"gold_loss":0}],"is_beta":false,"boss_relics":[{"not_picked":["vexMod:FluxCapacitor","Cursed Key","vexMod:CursedCompass"]},{"not_picked":["energizedSpire:EnergizedDie","Empty Cage","CCEMRelics:GreenEgg"]}],"items_purged_floors":[5,5,5,5,5,5,5,5,5],"is_endless":false,"potions_floor_spawned":[2,7,8,10,12,18,28,30,31,38,39,44,48,52],"ascension_level":1}}