{"host":"l8k579n63ej0vska","time":1611139575,"event":{"mods":["BaseMod","Colored Map","Infinite Spire","Minty Spire (QoL Compilation)","Replay The Spire","StSLib","The Bug Knight"],"gold_per_floor":[119,69,69,69,13,13,42,117,187,197,197,214,241,258,258,258,258],"floor_reached":16,"language":"ENG","playtime":504,"items_purged":[],"score":147,"play_id":"13565003-a770-45b3-8903-a6a42ff2230e","local_time":"20210120114615","is_ascension_mode":true,"campfire_choices":[{"data":"Bash","floor":6,"key":"SMITH"},{"data":"1","floor":11,"key":"LIFT"},{"data":"Strike_R","floor":15,"key":"PURGE"}],"circlet_count":0,"master_deck":["AscendersBane","Strike_R","Strike_R","Strike_R","Strike_R","Defend_R+1","Defend_R+1","Bash+1","CurseOfTheBell","Clash","ReplayTheSpireMod:Limb From Limb+1","Clash+1","Thunderclap+1","Sword Boomerang+1"],"relics":["Calling Bell","Question Card","Juzu Bracelet","Girya","Molten Egg 2","War Paint","Bag of Preparation","HollowMod:LifeEnderRelic","infinitespire:PuzzleCube"],"acts_visited":["Exordium"],"potions_floor_usage":[14],"damage_taken":[{"damage":1,"enemies":"Cultist","floor":1,"turns":3},{"damage":16,"enemies":"Lagavulin","floor":7,"turns":5},{"damage":0,"enemies":"Jaw Worm","floor":10,"turns":3},{"damage":8,"enemies":"2 Louse","floor":12,"turns":3},{"damage":26,"enemies":"Exordium Thugs","floor":14,"turns":3},{"damage":9,"enemies":"The Guardian","floor":16,"turns":4}],"seed_played":"-8615212695562619367","potions_obtained":[{"floor":12,"key":"Regen Potion"}],"is_trial":false,"path_per_floor":["M","?","?","?","?","R","E","?","T","M","R","M","T","M","R_BF","B"],"character_chosen":"IRONCLAD","items_purchased":[],"campfire_rested":0,"item_purchase_floors":[],"current_hp_per_floor":[71,71,68,61,61,61,45,34,34,34,34,26,26,9,9,0,0],"gold":258,"neow_bonus":"BOSS_RELIC","is_daily":false,"chose_seed":false,"campfire_upgraded":1,"win_rate":0.0,"timestamp":1611139575,"path_taken":["M","?","?","?","?","R","E","?","T","M","R","M","?","M","R_BF","BOSS"],"items_purchased_type":[],"build_version":"2020-12-22","purchased_purges":0,"victory":false,"max_hp_per_floor":[80,80,80,80,80,80,80,80,80,80,80,80,80,80,80,80,80],"card_choices":[{"not_picked":["Shrug It Off","Cleave","Burning Pact"],"picked":"Clash","floor":1},{"not_picked":["Seeing Red","ReplayTheSpireMod:Strike From Hell+1","Berserk"],"picked":"ReplayTheSpireMod:Limb From Limb+1","floor":7},{"not_picked":["ReplayReversal","Intimidate","Heavy Blade+1"],"picked":"Clash+1","floor":10},{"not_picked":["Combust","Replay:Undeath\u0027s Touch+1","Rupture"],"picked":"Thunderclap+1","floor":12},{"not_picked":["Sentinel","Run Through+1","Evolve"],"picked":"Sword Boomerang+1","floor":14}],"player_experience":1638192,"relics_obtained":[{"floor":0,"key":"Question Card"},{"floor":0,"key":"Juzu Bracelet"},{"floor":0,"key":"Girya"},{"floor":7,"key":"Bag of Preparation"},{"floor":9,"key":"HollowMod:LifeEnderRelic"},{"floor":13,"key":"infinitespire:PuzzleCube"}],"event_choices":[{"cards_removed":["Defend_R"],"damage_healed":0,"gold_gain":0,"player_choice":"Card Removal","damage_taken":0,"max_hp_gain":0,"max_hp_loss":0,"event_name":"The Cleric","floor":2,"gold_loss":50},{"damage_healed":0,"gold_gain":0,"player_choice":"Success","damage_taken":3,"relics_obtained":["Molten Egg 2"],"max_hp_gain":0,"max_hp_loss":0,"event_name":"Scrap Ooze","floor":3,"gold_loss":0},{"cards_removed":["Defend_R"],"damage_healed":0,"gold_gain":0,"player_choice":"Card Removal","damage_taken":7,"max_hp_gain":0,"max_hp_loss":0,"event_name":"Golden Wing","floor":4,"gold_loss":0},{"damage_healed":0,"gold_gain":0,"player_choice":"Paid Gold","damage_taken":0,"relics_obtained":["War Paint"],"max_hp_gain":0,"max_hp_loss":0,"event_name":"WeMeetAgain","floor":5,"gold_loss":56},{"damage_healed":0,"gold_gain":75,"player_choice":"Gather Gold","damage_taken":11,"max_hp_gain":0,"max_hp_loss":0,"event_name":"World of Goop","floor":8,"gold_loss":0}],"is_beta":false,"boss_relics":[],"items_purged_floors":[],"is_endless":false,"potions_floor_spawned":[12],"killed_by":"The Guardian","ascension_level":10}}