{"host":"eemx8njkng76fu5x","time":1611154069,"event":{"mods":["2.2 Compatiblity","BaseMod","Downfall","Minty Spire (QoL Compilation)","Permanent Neow","StSLib","Unceasing Turn Reminder","Unknown Chances"],"gold_per_floor":[99,112,122,140,154,179,179,205,305,305,322,322,222,222,242,242,242,242],"floor_reached":16,"language":"ENG","playtime":719,"items_purged":[],"score":140,"play_id":"d2ff1abc-0545-483b-bfc2-a3c2bd35cb35","local_time":"20210120224749","is_ascension_mode":true,"campfire_choices":[{"data":"bronze:Format","floor":1.0,"key":"SMITH"},{"data":"bronze:InfiniteBeams","floor":13,"key":"SMITH"}],"circlet_count":0,"master_deck":["bronze:Strike","bronze:Strike","bronze:Strike","bronze:Strike","bronze:Defend","bronze:Defend","bronze:Defend","bronze:Defend","bronze:Replicate","bronze:Goto","bronze:Format+1","bronze:ChosenStrike","bronze:BuggyMess","bronze:Shield","bronze:Repulsor","bronze:InfiniteBeams","bronze:GetLatest","bronze:DazingPulse","bronze:InfiniteBeams+1","bronze:BronzeOrb","bronze:DelayedGuard"],"relics":["bronze:BronzeCore","Prayer Wheel","bronze:Timepiece","Shovel","downfall:HeartBlessingGreen","FaceOfCleric"],"acts_visited":["Exordium"],"potions_floor_usage":[],"damage_taken":[{"damage":0.0,"enemies":"2 Louse","floor":2.0,"turns":2.0},{"damage":0.0,"enemies":"Small Slimes","floor":3.0,"turns":2.0},{"damage":0.0,"enemies":"Cultist","floor":4.0,"turns":3.0},{"damage":11.0,"enemies":"Exordium Thugs","floor":5.0,"turns":5.0},{"damage":20.0,"enemies":"Lagavulin","floor":6.0,"turns":11.0},{"damage":19.0,"enemies":"3 Sentries","floor":8.0,"turns":6.0},{"damage":0.0,"enemies":"3 Sentries","floor":10.0,"turns":2.0},{"damage":2,"enemies":"2 Fungi Beasts","floor":11,"turns":3},{"damage":0,"enemies":"Blue Slaver","floor":15,"turns":2},{"damage":34,"enemies":"WA_ARCHETYPE_RETAIN","floor":16,"turns":7}],"seed_played":"-2178752795604303600","potions_obtained":[{"floor":2.0,"key":"hexamod:SoulburnPotion"},{"floor":10.0,"key":"DuplicationPotion"},{"floor":11,"key":"Energy Potion"}],"is_trial":false,"path_per_floor":["R","M","M","M","M","E","T","E","?","?","M","?","R","?","M","B"],"character_chosen":"THE_AUTOMATON","items_purchased":[],"campfire_rested":0,"item_purchase_floors":[],"current_hp_per_floor":[70,70,70,70,59,39,39,20,20,20,18,23,23,23,24,0,0,0],"gold":242,"neow_bonus":"ONE_RANDOM_RARE_CARD","is_daily":false,"chose_seed":false,"campfire_upgraded":2,"win_rate":0.0,"timestamp":1611154069,"path_taken":["R","M","M","M","M","E","T","E","?","?","M","?","R","?","M","BOSS"],"items_purchased_type":[],"build_version":"2020-12-22","purchased_purges":0,"victory":false,"max_hp_per_floor":[70,70,70,70,70,70,70,70,70,70,70,75,75,75,76,76,76,76],"card_choices":[{"not_picked":["bronze:NullPointer","bronze:BronzeArmor"],"picked":"bronze:ChosenStrike","floor":2.0},{"not_picked":["bronze:Iterate","bronze:OilSpill"],"picked":"bronze:BuggyMess","floor":3.0},{"not_picked":["bronze:Deprecate","bronze:OilSpill"],"picked":"bronze:Shield","floor":4.0},{"not_picked":["bronze:CutThrough","bronze:Invalidate"],"picked":"bronze:Repulsor","floor":5.0},{"not_picked":["bronze:Branch","bronze:Safeguard"],"picked":"bronze:InfiniteBeams","floor":6.0},{"not_picked":["bronze:Terminator","bronze:WhirlingStrike"],"picked":"bronze:GetLatest","floor":8.0},{"not_picked":[],"picked":"bronze:DazingPulse","floor":10.0},{"not_picked":["bronze:NullPointer","bronze:Frontload"],"picked":"bronze:InfiniteBeams","floor":10.0},{"not_picked":["bronze:ChildClass","bronze:Repulsor"],"picked":"bronze:BronzeOrb","floor":11},{"not_picked":["bronze:Philosophize","bronze:BurnOut"],"picked":"bronze:DelayedGuard","floor":11},{"not_picked":["bronze:WildBeam","bronze:Refactor","bronze:ClassDefault"],"picked":"SKIP","floor":15},{"not_picked":["bronze:DelayedSlice","bronze:FollowUp","bronze:Branch"],"picked":"SKIP","floor":15}],"player_experience":511343,"relics_obtained":[{"floor":6.0,"key":"Prayer Wheel"},{"floor":7.0,"key":"bronze:Timepiece"},{"floor":8.0,"key":"Shovel"}],"event_choices":[{"damage_healed":0,"gold_gain":0,"player_choice":"Donut","damage_taken":0,"max_hp_gain":5,"max_hp_loss":0,"event_name":"Big Fish","floor":12,"gold_loss":0},{"damage_healed":0,"gold_gain":0,"player_choice":"Trade","damage_taken":0,"relics_obtained":["FaceOfCleric"],"max_hp_gain":0,"max_hp_loss":0,"event_name":"FaceTrader","floor":14,"gold_loss":0}],"is_beta":false,"boss_relics":[],"items_purged_floors":[],"is_endless":false,"potions_floor_spawned":[2,10,11],"killed_by":"WA_ARCHETYPE_RETAIN","ascension_level":5}}