{"host":"8388a52tkodd0hlf","time":1611177086,"event":{"mods":["BaseMod","Googly Eyes","Hubris","Infinite Spire","Marisa????????","Minty Spire (QoL Compilation)","Replay The Spire","StSLib","The Animator","The Bug Knight","The Cursed","The Hierophant","The Servant 0.9.4","Unceasing Turn Reminder"],"gold_per_floor":[114,6,18,34,34,34,59,59,59,71,83,83,99,99,99,99,99],"floor_reached":16,"language":"ENG","playtime":1506,"items_purged":[],"score":102,"play_id":"b1667d84-7c2d-49ab-b904-8e68d760f684","local_time":"20210120151126","is_ascension_mode":false,"campfire_choices":[{"data":"KidneyShot","floor":6,"key":"SMITH"},{"data":"BestPractice","floor":8,"key":"SMITH"},{"floor":15,"key":"DIG"}],"circlet_count":0,"master_deck":["Strike_S","Strike_S","Strike_S","Strike_S","Defend_S","Defend_S","Defend_S+1","Defend_S","KidneyShot+1","Exchange","RealityMarble+1","Contraction","Read","BestPractice+1","Ricochet","SurpressingFire","Luminosity","Pot Of Greed","Pot Of Greed"],"relics":["Uniform","NeowsBlessing","hubris:Spice","hubris:BottledRain","Grinning Jar","InkBottle"],"acts_visited":["Exordium"],"potions_floor_usage":[],"damage_taken":[{"damage":0,"enemies":"infinitespire:Voidling","floor":1,"turns":1},{"damage":0,"enemies":"2 Louse","floor":3,"turns":2},{"damage":0,"enemies":"Jaw Worm","floor":4,"turns":1},{"damage":12,"enemies":"HollowMod:MossKnight","floor":7,"turns":10},{"damage":4,"enemies":"Blue Slaver","floor":10,"turns":7},{"damage":8,"enemies":"Gremlin Gang","floor":11,"turns":7},{"damage":17,"enemies":"3 Louse","floor":13,"turns":4},{"damage":19,"enemies":"The Guardian","floor":16,"turns":6}],"seed_played":"5314987496673034641","potions_obtained":[{"floor":1,"key":"Ancient Potion"},{"floor":3,"key":"Adrenaline Potion"},{"floor":7,"key":"Adrenaline Potion"}],"is_trial":false,"path_per_floor":["M","$","M","M","?","R","E","R","T","M","M","?","M","T","R","B"],"character_chosen":"THE_SERVANT","items_purchased":["Contraction","Read"],"campfire_rested":0,"item_purchase_floors":[2,2],"current_hp_per_floor":[65,65,65,65,52,52,48,48,48,44,36,36,19,19,19,0,0],"gold":99,"neow_bonus":"THREE_ENEMY_KILL","is_daily":false,"chose_seed":false,"campfire_upgraded":2,"win_rate":0.0,"timestamp":1611177086,"path_taken":["M","$","M","?","?","R","E","R","T","M","M","?","M","?","R","BOSS"],"items_purchased_type":["Card","Card"],"build_version":"2020-12-22","purchased_purges":0,"victory":false,"max_hp_per_floor":[65,65,65,65,65,65,73,73,73,73,73,73,73,73,73,73,73],"card_choices":[{"not_picked":["Starlight","Gouge"],"picked":"RealityMarble","floor":1},{"not_picked":["ShatteredReality","SpecialFormula","Shuttle"],"picked":"SKIP","floor":3},{"not_picked":["Rewind","BottledTime","TimeWarp"],"picked":"SKIP","floor":4},{"not_picked":["SurpressingFire","Misdirection"],"picked":"BestPractice","floor":7},{"not_picked":["Potential","FastForward","Collapse"],"picked":"SKIP","floor":10},{"not_picked":["Deny","Misdirection"],"picked":"Ricochet","floor":11},{"not_picked":["Defy","Desolation"],"picked":"Luminosity","floor":13}],"player_experience":47022,"relics_obtained":[{"floor":7,"key":"hubris:Spice"},{"floor":9,"key":"hubris:BottledRain"},{"floor":14,"key":"Grinning Jar"},{"floor":15,"key":"InkBottle"}],"event_choices":[{"damage_healed":0,"gold_gain":0,"player_choice":"Entered Light","damage_taken":13,"max_hp_gain":0,"max_hp_loss":0,"event_name":"Shining Light","floor":5,"gold_loss":0,"cards_upgraded":["RealityMarble","Defend_S"]}],"is_beta":false,"boss_relics":[],"items_purged_floors":[],"is_endless":false,"potions_floor_spawned":[1,3,7],"killed_by":"The Guardian","ascension_level":0}}