{"host":"ewslc4o3o167ipk9","time":1611120414,"event":{"mods":["BaseMod","Colored Powertips","GifTheSpireLib","HexUI Lib","Minty Spire (QoL Compilation)","Quick Restart","Shop Mod","StSLib","The Bug Knight","The Trickster"],"gold_per_floor":[110,22,197,197,218,259,259,293,318,332,332,371,385,426,426,549,549,564,564,11,0,0,36,36,70,97,111,111,152,152,190,190,310,310,325,0,333,383,0,0,14,14,41,41,66,66,66,98,98,98],"floor_reached":51,"language":"ENG","playtime":4992,"items_purged":["Strike_R","Bash"],"score":891,"play_id":"55cf1d64-77cf-49b6-9c96-c57b17231315","local_time":"20210120002654","is_ascension_mode":true,"campfire_choices":[{"data":"Body Slam","floor":7,"key":"SMITH"},{"floor":11,"key":"REST"},{"floor":15,"key":"REST"},{"data":"Juggernaut","floor":24,"key":"SMITH"},{"data":"Metallicize","floor":30,"key":"SMITH"},{"data":"Flame Barrier","floor":32,"key":"SMITH"},{"data":"Armaments","floor":40,"key":"SMITH"},{"data":"Metallicize","floor":42,"key":"SMITH"},{"data":"Flame Barrier","floor":46,"key":"SMITH"},{"data":"Shrug It Off","floor":49,"key":"SMITH"}],"circlet_count":0,"master_deck":["Strike_R+1","Strike_R+1","Defend_R","Defend_R","Defend_R","Defend_R","Body Slam+1","Metallicize+1","Shrug It Off","Doubt","Feel No Pain","Disarm","Juggernaut+1","Armaments+1","Rage","Shrug It Off+1","Flame Barrier+1","Impervious","Anger+1","Metallicize+1","Flame Barrier+1","Feel No Pain","Infernal Blade+1","Bloodletting+1","Second Wind+1","Disarm","Armaments+1"],"relics":["Burning Blood","Boot","Red Skull","Shuriken","Gremlin Horn","Busted Crown","Enchiridion","Bag of Preparation","Pen Nib","Sozu","MerchantsRug","Kunai","Bird Faced Urn","Red Mask","Strawberry","Thread and Needle","Orichalcum"],"acts_visited":["Exordium","TheCity","TheBeyond"],"potions_floor_usage":[10,12,16,23,33],"damage_taken":[{"damage":7,"enemies":"Small Slimes","floor":1,"turns":3},{"damage":6,"enemies":"Jaw Worm","floor":5,"turns":6},{"damage":11,"enemies":"3 Sentries","floor":6,"turns":15},{"damage":50,"enemies":"Lagavulin","floor":8,"turns":12},{"damage":0,"enemies":"2 Louse","floor":10,"turns":3},{"damage":4,"enemies":"3 Sentries","floor":12,"turns":5},{"damage":11,"enemies":"Large Slime","floor":13,"turns":5},{"damage":8,"enemies":"Lagavulin","floor":14,"turns":7},{"damage":12,"enemies":"The Guardian","floor":16,"turns":12},{"damage":0,"enemies":"Chosen","floor":18,"turns":4},{"damage":24,"enemies":"Slavers","floor":23,"turns":6},{"damage":2,"enemies":"Gremlin Leader","floor":25,"turns":9},{"damage":9,"enemies":"3 Byrds","floor":27,"turns":5},{"damage":2,"enemies":"Book of Stabbing","floor":29,"turns":6},{"damage":3,"enemies":"Gremlin Leader","floor":31,"turns":4},{"damage":26,"enemies":"Collector","floor":33,"turns":11},{"damage":3,"enemies":"3 Shapes","floor":35,"turns":3},{"damage":0,"enemies":"Mind Bloom Boss Battle","floor":38,"turns":6},{"damage":0,"enemies":"Orb Walker","floor":41,"turns":3},{"damage":35,"enemies":"Reptomancer","floor":45,"turns":4},{"damage":0,"enemies":"Nemesis","floor":48,"turns":7},{"damage":6,"enemies":"Donu and Deca","floor":50,"turns":8}],"seed_played":"5949708768264952552","potions_obtained":[{"floor":8,"key":"DuplicationPotion"},{"floor":10,"key":"DistilledChaos"},{"floor":14,"key":"LiquidMemories"},{"floor":16,"key":"BlessingOfTheForge"},{"floor":18,"key":"Fire Potion"},{"floor":33,"key":"BloodPotion"}],"is_trial":false,"path_per_floor":["M","$","?","?","M","E","R","E","T","M","R","E","M","E","R","B",null,"M","?","$","?","?","E","R","E","T","M","?","E","R","E","R","B",null,"M","$","?","?","?","R","M","R","T","$","E","R","$","E","R","B",null],"character_chosen":"IRONCLAD","items_purchased":["Metallicize","Shrug It Off","Bottled Lightning","DollysMirror","Flame Barrier","MerchantsRug","Kunai"],"campfire_rested":2,"item_purchase_floors":[2,2,20,20,20,36,36],"current_hp_per_floor":[79,79,79,59,59,54,54,10,10,16,40,42,37,35,59,53,80,80,64,79,79,79,61,61,75,75,72,72,76,76,79,79,59,90,90,90,90,90,90,90,90,90,97,97,76,76,76,92,92,97],"gold":98,"neow_bonus":"RANDOM_COMMON_RELIC","is_daily":false,"chose_seed":false,"campfire_upgraded":8,"win_rate":0.0,"timestamp":1611120414,"path_taken":["M","$","?","?","M","E","R","E","T","M","R","E","M","E","R","BOSS","M","?","$","?","?","E","R","E","T","M","?","E","R","E","R","BOSS","M","$","?","?","?","R","?","R","T","$","E","R","?","E","R","BOSS"],"items_purchased_type":["Card","Card","Relic","Relic","Card","Relic","Relic"],"build_version":"2020-12-22","purchased_purges":2,"victory":true,"max_hp_per_floor":[80,80,80,80,80,80,80,80,80,80,80,80,80,80,80,80,80,80,80,80,80,80,80,80,90,90,90,90,90,90,90,90,90,90,90,90,90,90,90,90,90,90,97,97,97,97,97,97,97,97],"card_choices":[{"not_picked":["Inflame","Searing Blow"],"picked":"Body Slam","floor":1},{"not_picked":["Bloodletting","Twin Strike"],"picked":"Feel No Pain","floor":5},{"not_picked":["Headbutt","Heavy Blade"],"picked":"Disarm","floor":6},{"not_picked":["Dark Embrace","Warcry"],"picked":"Juggernaut","floor":8},{"not_picked":["Flex","Thunderclap"],"picked":"Armaments","floor":10},{"not_picked":["Combust","Body Slam"],"picked":"Rage","floor":12},{"not_picked":["Armaments","Sword Boomerang"],"picked":"Shrug It Off","floor":13},{"not_picked":["Twin Strike","Body Slam"],"picked":"Flame Barrier","floor":14},{"not_picked":["Brutality","Offering"],"picked":"Impervious","floor":16},{"not_picked":[],"picked":"Anger+1","floor":18},{"not_picked":["Clash"],"picked":"SKIP","floor":23},{"not_picked":["Clash"],"picked":"SKIP","floor":25},{"not_picked":["Bloodletting"],"picked":"SKIP","floor":27},{"not_picked":["Carnage"],"picked":"SKIP","floor":29},{"not_picked":["Clothesline"],"picked":"SKIP","floor":31},{"not_picked":[],"picked":"Second Wind+1","floor":35},{"not_picked":[],"picked":"Disarm","floor":38},{"not_picked":["Searing Blow"],"picked":"SKIP","floor":41},{"not_picked":[],"picked":"Armaments+1","floor":45},{"not_picked":["Sword Boomerang"],"picked":"SKIP","floor":48}],"player_experience":18297,"relics_obtained":[{"floor":6,"key":"Boot"},{"floor":8,"key":"MealTicket"},{"floor":9,"key":"Red Skull"},{"floor":12,"key":"Shuriken"},{"floor":14,"key":"Gremlin Horn"},{"floor":19,"key":"Enchiridion"},{"floor":23,"key":"Bag of Preparation"},{"floor":25,"key":"Pear"},{"floor":26,"key":"Whetstone"},{"floor":29,"key":"War Paint"},{"floor":31,"key":"Pen Nib"},{"floor":38,"key":"Bird Faced Urn"},{"floor":43,"key":"Strawberry"},{"floor":45,"key":"Thread and Needle"},{"floor":48,"key":"Orichalcum"}],"event_choices":[{"damage_healed":0,"gold_gain":175,"player_choice":"AGREE","damage_taken":0,"max_hp_gain":0,"max_hp_loss":0,"event_name":"Liars Game","floor":3,"gold_loss":0,"cards_obtained":["Doubt"]},{"damage_healed":0,"gold_gain":0,"player_choice":"Take Damage","damage_taken":20,"relics_obtained":["Golden Idol"],"max_hp_gain":0,"max_hp_loss":0,"event_name":"Golden Idol","floor":4,"gold_loss":0},{"damage_healed":0,"gold_gain":0,"player_choice":"Obtained Book","damage_taken":16,"max_hp_gain":0,"max_hp_loss":0,"event_name":"Cursed Tome","floor":19,"gold_loss":0},{"damage_healed":0,"gold_gain":0,"player_choice":"Paid Fearfully","damage_taken":0,"max_hp_gain":0,"max_hp_loss":0,"event_name":"Masked Bandits","floor":21,"gold_loss":11},{"damage_healed":0,"gold_gain":0,"player_choice":"Read","damage_taken":0,"max_hp_gain":0,"max_hp_loss":0,"event_name":"The Library","floor":22,"gold_loss":0,"cards_obtained":["Feel No Pain"]},{"damage_healed":0,"gold_gain":0,"cards_transformed":["Strike_R","Strike_R"],"player_choice":"Became Test Subject","damage_taken":0,"max_hp_gain":0,"max_hp_loss":0,"event_name":"Drug Dealer","floor":28,"gold_loss":0,"cards_obtained":["Infernal Blade","Bloodletting"]},{"damage_healed":0,"gold_gain":333,"player_choice":"Gave Idol","damage_taken":0,"max_hp_gain":0,"max_hp_loss":0,"event_name":"The Moai Head","floor":37,"relics_lost":["Golden Idol"],"gold_loss":0},{"damage_healed":0,"gold_gain":0,"player_choice":"Fight","damage_taken":0,"max_hp_gain":0,"max_hp_loss":0,"event_name":"MindBloom","floor":38,"gold_loss":0},{"damage_healed":0,"gold_gain":0,"player_choice":"Paid","damage_taken":0,"relics_obtained":["Red Mask"],"max_hp_gain":0,"max_hp_loss":0,"event_name":"Tomb of Lord Red Mask","floor":39,"gold_loss":383}],"is_beta":false,"boss_relics":[{"not_picked":["Cursed Key","Velvet Choker"],"picked":"Busted Crown"},{"not_picked":["Coffee Dripper","Philosopher\u0027s Stone"],"picked":"Sozu"}],"items_purged_floors":[20,36],"is_endless":false,"potions_floor_spawned":[8,10,14,16,18,33,38,41,48],"ascension_level":1}}