{"host":"yyfz7fpozqrhk2m1","time":1611114448,"event":{"mods":["BaseMod","Minty Spire (QoL Compilation)"],"gold_per_floor":[116,136,152,2,18,50,50,65,89,89,107,132,145,171,171,267,267,286,305,319,330,245,280,280,308,308,308,308,308],"floor_reached":28,"language":"ENG","playtime":3306,"items_purged":["Strike_G"],"score":368,"play_id":"ae21a828-d4a1-4dd9-96cb-ad16bb8d0bed","local_time":"20210119224728","is_ascension_mode":true,"campfire_choices":[{"data":"Envenom","floor":7,"key":"SMITH"},{"floor":10,"key":"REST"},{"floor":15,"key":"REST"},{"floor":24,"key":"REST"}],"circlet_count":0,"master_deck":["Strike_G","Strike_G","Strike_G","Defend_G","Defend_G","Defend_G","Defend_G","Defend_G+1","Survivor","Neutralize","Choke","Poisoned Stab","Poisoned Stab","Blade Dance+1","Noxious Fumes","All Out Attack","Envenom+1","Cloak And Dagger","Glass Knife","Deadly Poison","Adrenaline","Leg Sweep","Cloak And Dagger+1","Dagger Throw+1","Acrobatics","Decay"],"relics":["Ring of the Snake","Lantern","Anchor","Bronze Scales","War Paint","SlaversCollar","Art of War","Torii","Ancient Tea Set","Happy Flower"],"acts_visited":["Exordium","TheCity"],"potions_floor_usage":[12,21,23,25,25,28],"damage_taken":[{"damage":0,"enemies":"Cultist","floor":1,"turns":4},{"damage":0,"enemies":"Small Slimes","floor":2,"turns":3},{"damage":2,"enemies":"Jaw Worm","floor":3,"turns":4},{"damage":11,"enemies":"Looter","floor":5,"turns":2},{"damage":12,"enemies":"Lagavulin","floor":6,"turns":6},{"damage":20,"enemies":"Exordium Wildlife","floor":8,"turns":4},{"damage":0,"enemies":"Large Slime","floor":11,"turns":4},{"damage":0,"enemies":"3 Sentries","floor":12,"turns":4},{"damage":0,"enemies":"Looter","floor":13,"turns":3},{"damage":23,"enemies":"Gremlin Nob","floor":14,"turns":4},{"damage":8,"enemies":"Slime Boss","floor":16,"turns":8},{"damage":1,"enemies":"3 Byrds","floor":18,"turns":3},{"damage":13,"enemies":"2 Thieves","floor":19,"turns":4},{"damage":14,"enemies":"Sentry and Sphere","floor":20,"turns":7},{"damage":36,"enemies":"Snecko","floor":21,"turns":5},{"damage":9,"enemies":"Gremlin Leader","floor":23,"turns":5},{"damage":21,"enemies":"Slavers","floor":25,"turns":4},{"damage":18,"enemies":"Centurion and Healer","floor":28,"turns":5}],"seed_played":"517017702569891408","potions_obtained":[{"floor":1,"key":"Explosive Potion"},{"floor":2,"key":"SmokeBomb"},{"floor":5,"key":"DistilledChaos"},{"floor":12,"key":"FearPotion"},{"floor":14,"key":"SteroidPotion"},{"floor":18,"key":"Regen Potion"},{"floor":23,"key":"LiquidBronze"},{"floor":25,"key":"SkillPotion"}],"is_trial":false,"path_per_floor":["M","M","M","$","M","E","R","M","T","R","M","E","M","E","R","B",null,"M","M","M","M","?","E","R","E","T","?","M"],"character_chosen":"THE_SILENT","items_purchased":["Noxious Fumes"],"campfire_rested":3,"item_purchase_floors":[4],"current_hp_per_floor":[70,70,68,68,57,45,45,25,25,46,46,46,46,23,44,36,70,69,56,42,20,20,11,32,11,11,11,0,0],"gold":308,"neow_bonus":"TRANSFORM_CARD","is_daily":false,"chose_seed":false,"campfire_upgraded":1,"win_rate":0.0,"timestamp":1611114448,"path_taken":["M","M","M","$","M","E","R","M","T","R","M","E","M","E","R","BOSS","M","M","M","M","?","E","R","E","T","?","M"],"items_purchased_type":["Card"],"build_version":"2020-12-22","purchased_purges":1,"victory":false,"max_hp_per_floor":[70,70,70,70,70,70,70,70,70,70,70,70,70,70,70,70,70,70,70,70,70,70,70,70,70,70,70,70,70],"card_choices":[{"not_picked":["Riddle With Holes","Heel Hook"],"picked":"Poisoned Stab","floor":1},{"not_picked":["Calculated Gamble","Underhanded Strike"],"picked":"Poisoned Stab","floor":2},{"not_picked":["Dash","Cloak And Dagger"],"picked":"Blade Dance","floor":3},{"not_picked":["Dodge and Roll","Flechettes"],"picked":"All Out Attack","floor":5},{"not_picked":["Doppelganger","Riddle With Holes"],"picked":"Envenom","floor":6},{"not_picked":["Terror","Backstab","Dagger Spray"],"picked":"SKIP","floor":8},{"not_picked":["Setup","Infinite Blades"],"picked":"Cloak And Dagger","floor":11},{"not_picked":["Blur","Calculated Gamble"],"picked":"Glass Knife","floor":12},{"not_picked":["Skewer","Poisoned Stab","Flying Knee"],"picked":"SKIP","floor":13},{"not_picked":["Flying Knee","Outmaneuver"],"picked":"Deadly Poison","floor":14},{"not_picked":["Envenom","Unload"],"picked":"Adrenaline","floor":16},{"not_picked":["Dagger Throw+1","Endless Agony+1"],"picked":"Leg Sweep","floor":18},{"not_picked":["Flechettes","Outmaneuver+1","Backstab"],"picked":"SKIP","floor":19},{"not_picked":["Slice","Riddle With Holes"],"picked":"Cloak And Dagger+1","floor":20},{"not_picked":["Dodge and Roll","Quick Slash"],"picked":"Dagger Throw+1","floor":21},{"not_picked":["Cloak And Dagger","Phantasmal Killer","Flechettes"],"picked":"SKIP","floor":23},{"not_picked":["Eviscerate","Dagger Throw"],"picked":"Acrobatics","floor":25}],"player_experience":592939,"relics_obtained":[{"floor":6,"key":"Lantern"},{"floor":9,"key":"Anchor"},{"floor":12,"key":"Bronze Scales"},{"floor":14,"key":"War Paint"},{"floor":23,"key":"Torii"},{"floor":25,"key":"Ancient Tea Set"},{"floor":26,"key":"Happy Flower"}],"event_choices":[{"damage_healed":0,"gold_gain":0,"player_choice":"Obtained Relic","damage_taken":0,"relics_obtained":["Art of War"],"max_hp_gain":0,"max_hp_loss":0,"event_name":"Addict","floor":22,"gold_loss":85},{"damage_healed":0,"gold_gain":0,"player_choice":"Smashed Altar","damage_taken":0,"max_hp_gain":0,"max_hp_loss":0,"event_name":"Forgotten Altar","floor":27,"gold_loss":0,"cards_obtained":["Decay"]}],"is_beta":false,"boss_relics":[{"not_picked":["Snecko Eye","Sozu"],"picked":"SlaversCollar"}],"items_purged_floors":[4],"is_endless":false,"potions_floor_spawned":[1,2,5,12,14,18,19,23,25],"killed_by":"Centurion and Healer","ascension_level":4}}