{"host":"cxvb37eaaiijvrl4","time":1611108877,"event":{"mods":["ATMod(°¢èªMod)","BaseMod","Better Third Choice","Minty Spire (QoL Compilation)","MostiFishMod","Quick Restart","Rare Cards Sparkle","Shop Mod","Spicy Shops","StSLib","TestMod","Uncapped","²ÐÁôÖ®Îï"],"gold_per_floor":[115,134,134,134,147,147,147],"floor_reached":6,"language":"ZHS","playtime":263,"items_purged":[],"score":72,"play_id":"e1f1fa1d-b013-42e6-a03f-98228a3f2eef","local_time":"20210119181437","is_ascension_mode":true,"campfire_choices":[],"circlet_count":0,"master_deck":["AscendersBane","Strike_G","Strike_G","Strike_G","Strike_G","Defend_G","Defend_G","Defend_G","Defend_G","Defend_G","Neutralize","AT_Desolate","MostiFishMod:SephirahHod","PiercingWail","AT_Desolate","Acrobatics"],"relics":["testmod-TestBox","DaveBox","AT_ATBox","MostiFishMod:Hod","testmod-Nyarlathotep","NightmareShop","SynthV:TestCard"],"acts_visited":["Exordium"],"potions_floor_usage":[6],"damage_taken":[{"damage":1,"enemies":"Jaw Worm","floor":1,"turns":3},{"damage":13,"enemies":"Cultist","floor":2,"turns":4},{"damage":4,"enemies":"Small Slimes","floor":5,"turns":4},{"damage":25,"enemies":"3 Sentries","floor":6,"turns":7}],"seed_played":"8997101202570094436","potions_obtained":[{"floor":2,"key":"testmod-TimePotion"}],"is_trial":false,"path_per_floor":["M","M","?","?","M","E"],"character_chosen":"THE_SILENT","items_purchased":[],"campfire_rested":0,"item_purchase_floors":[],"current_hp_per_floor":[58,45,38,38,34,9,9],"gold":147,"neow_bonus":"BOSS_RELIC","is_daily":false,"chose_seed":false,"campfire_upgraded":0,"win_rate":0.0,"timestamp":1611108877,"path_taken":["M","M","?","?","M","E"],"items_purchased_type":[],"build_version":"2020-12-22","purchased_purges":0,"victory":false,"max_hp_per_floor":[66,66,66,66,66,66,66],"card_choices":[{"not_picked":["Noxious Fumes","Outmaneuver"],"picked":"PiercingWail","floor":1},{"not_picked":["Outmaneuver","AT_WomanClash","AT_ArcaneSupremacy","Terror"],"picked":"AT_Desolate","floor":2},{"not_picked":["Expertise","Poisoned Stab","Flying Knee","Deflect"],"picked":"Acrobatics","floor":5}],"player_experience":696106,"relics_obtained":[{"floor":1,"key":"SynthV:TestCard"}],"event_choices":[{"cards_removed":["Survivor"],"damage_healed":0,"gold_gain":0,"player_choice":"Card Removal","damage_taken":7,"max_hp_gain":0,"max_hp_loss":0,"event_name":"Golden Wing","floor":3,"gold_loss":0},{"cards_removed":["Strike_G"],"damage_healed":0,"gold_gain":0,"player_choice":"Purged","damage_taken":0,"max_hp_gain":0,"max_hp_loss":0,"event_name":"Purifier","floor":4,"gold_loss":0}],"is_beta":false,"boss_relics":[],"items_purged_floors":[],"is_endless":false,"potions_floor_spawned":[2],"killed_by":"3 Sentries","ascension_level":20}}