{"host":"ml80p9p157c7xd90","time":1611141235,"event":{"mods":["Ascension Unlocker","Aspiration","BaseMod","Bestiary","Better Altar","Better Match","Better Note","Better Sensory Stone","Better Skull","Better Third Choice","Colored Map","Conspire","Dark Map","Downfall","Friendly Minions","Halation","Hubris","Minty Spire (QoL Compilation)","Relic Stats","StSLib","Wandering Minibosses"],"gold_per_floor":[99,109,126,145,158,174,174,192,205,218,218,246,146,2,20,96,96,96,116,130,143,163,48,48,63,63,113,187,87,87,145,203,274,274,274,330,388,443,496,396,396,467,521,574,630,683,738,851,866,866,866,894,337,337,337,337],"floor_reached":57,"language":"ENG","playtime":3212,"items_purged":["bronze:Strike","bronze:Strike","bronze:Defend"],"score":3858,"play_id":"de0c1ef4-65e1-4f8e-9f1a-81162d4fe774","local_time":"20210120041355","is_ascension_mode":true,"campfire_choices":[{"data":"bronze:Replicate","floor":1,"key":"SMITH"},{"floor":13,"key":"REST"},{"data":"bronze:HardenedForm","floor":18,"key":"SMITH"},{"data":"bronze:Repair","floor":29,"key":"SMITH"},{"floor":35,"key":"RECALL"},{"data":"bronze:Verify","floor":40,"key":"SMITH"},{"data":"bronze:Deprecate","floor":54,"key":"SMITH"}],"circlet_count":0,"master_deck":["AscendersBane","bronze:Defend","bronze:Defend","bronze:Defend","bronze:Replicate+1","bronze:Goto","bronze:Optimize","bronze:Separator","bronze:Branch","bronze:WhirlingStrike","bronze:Safeguard","bronze:DelayedGuard","bronze:Branch","bronze:Branch","bronze:HardenedForm+1","bronze:DelayedGuard","bronze:Optimize","bronze:Shell","bronze:Branch","bronze:ChildClass","bronze:Repair+1","bronze:Repair","bronze:InfiniteBeams","bronze:Verify+1","bronze:ForceShield","bronze:BronzeArmor+1","bronze:Iterate","bronze:Safeguard","bronze:DelayedGuard","bronze:InfiniteBeams","bronze:InfiniteBeams","bronze:HardenedForm","bronze:Deprecate+1","bronze:FindAndReplace","bronze:MaxOutput"],"relics":["hubris:Backtick","aspiration:Headhunter","wanderingMiniBosses:CarrionFlame","Nunchaku","downfall:HeartBlessingBlue","Coffee Dripper","Kunai","downfall:KnowingSkull","Boot","downfall:HeartBlessingGreen","Sozu","downfall:HeartBlessingRed","conspire:Boomerang","Vajra","Dead Branch","halation:Trompette","Bronze Scales"],"acts_visited":["Exordium","TheCity","TheBeyond","TheEnding"],"potions_floor_usage":[5,8,10,12,16,33,33],"damage_taken":[{"damage":19,"enemies":"Small Slimes","floor":2,"turns":6},{"damage":6,"enemies":"Cultist","floor":3,"turns":4},{"damage":0,"enemies":"2 Louse","floor":4,"turns":4},{"damage":14,"enemies":"Lots of Slimes","floor":5,"turns":5},{"damage":2,"enemies":"2 Fungi Beasts","floor":6,"turns":5},{"damage":0,"enemies":"Red Slaver","floor":8,"turns":2},{"damage":0,"enemies":"Exordium Wildlife","floor":9,"turns":2},{"damage":6,"enemies":"2 Fungi Beasts","floor":10,"turns":5},{"damage":5,"enemies":"Lagavulin","floor":12,"turns":6},{"damage":4,"enemies":"downfall:FleeingMerchant","floor":14,"turns":4},{"damage":2,"enemies":"Red Slaver","floor":15,"turns":2},{"damage":7,"enemies":"IC_STATUS_ARCHETYPE","floor":16,"turns":8},{"damage":3,"enemies":"Spheric Guardian","floor":19,"turns":3},{"damage":1,"enemies":"3 Byrds","floor":20,"turns":1},{"damage":0,"enemies":"Centurion and Healer","floor":21,"turns":3},{"damage":0,"enemies":"Chosen and Byrds","floor":22,"turns":4},{"damage":0,"enemies":"downfall:FleeingMerchant","floor":23,"turns":4},{"damage":0,"enemies":"Sentry and Sphere","floor":25,"turns":5},{"damage":1,"enemies":"Centurion and Healer","floor":27,"turns":5},{"damage":28,"enemies":"Gremlin Leader","floor":28,"turns":5},{"damage":3,"enemies":"3 Cultists","floor":31,"turns":2},{"damage":3,"enemies":"Sentry and Sphere","floor":32,"turns":5},{"damage":5,"enemies":"WA_ARCHETYPE_CALM","floor":33,"turns":7},{"damage":3,"enemies":"3 Darklings","floor":36,"turns":4},{"damage":3,"enemies":"3 Shapes","floor":37,"turns":5},{"damage":0,"enemies":"Writhing Mass","floor":38,"turns":2},{"damage":0,"enemies":"3 Darklings","floor":39,"turns":1},{"damage":3,"enemies":"Nemesis","floor":42,"turns":6},{"damage":5,"enemies":"4 Shapes","floor":43,"turns":3},{"damage":3,"enemies":"Spire Growth","floor":44,"turns":3},{"damage":3,"enemies":"Jaw Worm Horde","floor":45,"turns":2},{"damage":3,"enemies":"Writhing Mass","floor":46,"turns":4},{"damage":10,"enemies":"Transient","floor":47,"turns":6},{"damage":6,"enemies":"Reptomancer","floor":48,"turns":2},{"damage":0,"enemies":"4 Shapes","floor":49,"turns":1},{"damage":0,"enemies":"DF_ARCHETYPE_ORBS","floor":50,"turns":4},{"damage":0,"enemies":"downfall:CharBossMerchant","floor":52,"turns":2},{"damage":1,"enemies":"downfall:NeowBoss","floor":55,"turns":5},{"damage":1,"enemies":"downfall:NeowBossFinal","floor":56,"turns":4}],"seed_played":"8804805506075519572","potions_obtained":[{"floor":3,"key":"SteroidPotion"},{"floor":4,"key":"Energy Potion"},{"floor":6,"key":"SteroidPotion"},{"floor":10,"key":"Dexterity Potion"},{"floor":15,"key":"Swift Potion"},{"floor":20,"key":"CultistPotion"},{"floor":21,"key":"ColorlessPotion"},{"floor":22,"key":"Dexterity Potion"},{"floor":33,"key":"DistilledChaos"}],"is_trial":false,"path_per_floor":["R","M","M","M","M","M","T","M","M","M","?","E","R","$","M","B",null,"R","M","M","M","M","$","T","M","?","M","E","R","?","M","M","B",null,"R","M","M","M","M","R","T","E","M","M","M","M","M","E","M","B",null,"E","$","R","B","B",null],"character_chosen":"THE_AUTOMATON","items_purchased":["bronze:Branch","Bronze Scales","bronze:Deprecate","bronze:FindAndReplace","bronze:MaxOutput"],"campfire_rested":1,"item_purchase_floors":[14,53,53,53,53],"current_hp_per_floor":[57,38,32,32,18,16,16,16,16,10,10,11,42,38,36,29,62,62,59,58,65,65,65,65,65,51,50,22,22,22,29,43,58,69,69,73,73,73,73,73,73,73,73,73,73,73,73,67,67,73,73,73,73,73,73,73],"gold":337,"neow_bonus":"BOSS_RELIC","is_daily":false,"chose_seed":false,"campfire_upgraded":5,"win_rate":0.0,"timestamp":1611141235,"path_taken":["R","M","M","M","M","M","T","M","M","M","?","E","R","$","M","BOSS","R","M","M","M","M","$","T","M","?","M","E","R","?","M","M","BOSS","R","M","M","M","M","R","T","E","M","?","M","M","M","E","M","BOSS","E","$","R","BOSS","BOSS"],"items_purchased_type":["Card","Relic","Card","Card","Card"],"build_version":"2020-12-22","purchased_purges":3,"victory":true,"max_hp_per_floor":[63,63,63,63,63,63,63,63,63,63,63,63,73,73,73,73,73,73,73,73,73,73,73,73,73,73,73,73,73,73,73,73,73,73,73,73,73,73,73,73,73,73,73,73,73,73,73,73,73,73,73,73,73,73,73,73],"relic_stats":{"Sozu":6,"Nunchaku":[34],"counters":[39,151],"Dead Branch":[32],"Bronze Scales":[15],"Kunai":[66],"Boot":[83],"obtain_stats":[{"bronze:BronzeCore":0,"downfall:HeartBlessingRed":40,"Dead Branch":48,"Vajra":42,"downfall:HeartBlessingGreen":29,"conspire:Boomerang":41,"Boot":28,"Sozu":34,"Nunchaku":12,"hubris:Backtick":0,"wanderingMiniBosses:CarrionFlame":10,"downfall:HeartBlessingBlue":13,"Bronze Scales":53,"downfall:KnowingSkull":26,"Coffee Dripper":17,"Kunai":24,"aspiration:Headhunter":0,"halation:Trompette":52},{"bronze:BronzeCore":0,"downfall:HeartBlessingRed":27,"Dead Branch":34,"Vajra":28,"downfall:HeartBlessingGreen":20,"conspire:Boomerang":27,"Boot":20,"Sozu":23,"Nunchaku":9,"hubris:Backtick":0,"wanderingMiniBosses:CarrionFlame":8,"downfall:HeartBlessingBlue":9,"Bronze Scales":37,"downfall:KnowingSkull":18,"Coffee Dripper":12,"Kunai":17,"aspiration:Headhunter":0,"halation:Trompette":37},{"bronze:BronzeCore":0,"downfall:HeartBlessingRed":109,"Dead Branch":135,"Vajra":115,"downfall:HeartBlessingGreen":83,"conspire:Boomerang":109,"Boot":83,"Sozu":97,"Nunchaku":39,"hubris:Backtick":0,"wanderingMiniBosses:CarrionFlame":33,"downfall:HeartBlessingBlue":39,"Bronze Scales":142,"downfall:KnowingSkull":73,"Coffee Dripper":53,"Kunai":68,"aspiration:Headhunter":0,"halation:Trompette":142}]},"card_choices":[{"not_picked":["bronze:CutThrough","bronze:Allocate","bronze:Backtrace"],"picked":"SKIP","floor":2},{"not_picked":["bronze:Turbo","bronze:GetLatest"],"picked":"bronze:Optimize","floor":3},{"not_picked":["bronze:WildBeam","bronze:Overheat"],"picked":"bronze:Separator","floor":4},{"not_picked":["bronze:Overheat","bronze:ForceShield"],"picked":"bronze:Branch","floor":5},{"not_picked":["bronze:Refactor","bronze:CloningBeam","bronze:BuggyMess"],"picked":"SKIP","floor":6},{"not_picked":["bronze:Boost","bronze:CloningBeam"],"picked":"bronze:WhirlingStrike","floor":8},{"not_picked":["bronze:BitShift","bronze:OilSpill","bronze:Flail"],"picked":"SKIP","floor":9},{"not_picked":["bronze:MaxOutput","bronze:Turbo"],"picked":"bronze:Safeguard","floor":10},{"not_picked":["bronze:Overheat","bronze:CleanCode"],"picked":"bronze:DelayedGuard","floor":12},{"not_picked":["bronze:WhirlingStrike","bronze:CutThrough","bronze:OilSpill"],"picked":"SKIP","floor":14},{"not_picked":["bronze:WildBeam","bronze:BronzeOrb"],"picked":"bronze:Branch","floor":15},{"not_picked":["bronze:InfiniteLoop","bronze:Assembly"],"picked":"bronze:HardenedForm","floor":16},{"not_picked":["bronze:BugBarrage","bronze:Constructor"],"picked":"bronze:DelayedGuard","floor":19},{"not_picked":["bronze:OilSpill","bronze:DarkDash"],"picked":"bronze:Optimize","floor":20},{"not_picked":["bronze:Allocate","bronze:Overload"],"picked":"bronze:Shell","floor":21},{"not_picked":["bronze:OilSpill","bronze:ChosenStrike"],"picked":"bronze:Branch","floor":22},{"not_picked":["bronze:Deprecate","bronze:Fortify"],"picked":"bronze:ChildClass","floor":23},{"not_picked":["bronze:BitShift","bronze:Deprecate","bronze:Frontload"],"picked":"SKIP","floor":25},{"not_picked":["bronze:ChildClass","bronze:Frontload","bronze:Constructor"],"picked":"SKIP","floor":27},{"not_picked":["bronze:ForLoop","bronze:Shield"],"picked":"bronze:Repair","floor":28},{"not_picked":["bronze:ChosenStrike","bronze:NullPointer"],"picked":"bronze:Repair","floor":31},{"not_picked":["bronze:CleanCode","bronze:Iterate+1"],"picked":"bronze:InfiniteBeams","floor":32},{"not_picked":["bronze:ThunderWave","bronze:ShipIt"],"picked":"bronze:Verify","floor":33},{"not_picked":["bronze:BuggyMess","bronze:Boost"],"picked":"bronze:ForceShield","floor":36},{"not_picked":["bronze:Backtrace","bronze:Constructor+1"],"picked":"bronze:BronzeArmor+1","floor":37},{"not_picked":["bronze:Optimize","bronze:OilSpill"],"picked":"bronze:Iterate","floor":38},{"not_picked":["bronze:WhirlingStrike","bronze:ForceShield"],"picked":"bronze:Safeguard","floor":39},{"not_picked":["bronze:Frontload+1","bronze:RecursiveStrike"],"picked":"bronze:DelayedGuard","floor":42},{"not_picked":["bronze:OilSpill","bronze:BitShift+1","bronze:ForceShield"],"picked":"SKIP","floor":43},{"not_picked":["bronze:WhirlingStrike","bronze:Iterate"],"picked":"bronze:InfiniteBeams","floor":44},{"not_picked":["bronze:BurnOut","bronze:Overheat"],"picked":"bronze:InfiniteBeams","floor":45},{"not_picked":["bronze:Overheat","bronze:BugBarrage+1","bronze:Separator"],"picked":"SKIP","floor":46},{"not_picked":["bronze:NullPointer+1","bronze:Refactor","bronze:OilSpill"],"picked":"SKIP","floor":47},{"not_picked":["bronze:Turbo","bronze:Fortify+1"],"picked":"bronze:HardenedForm","floor":48},{"not_picked":["bronze:Invalidate+1","bronze:Allocate+1","bronze:Backtrace+1"],"picked":"SKIP","floor":49},{"not_picked":["bronze:ChosenStrike","bronze:NullPointer","bronze:Assembly"],"picked":"SKIP","floor":52}],"player_experience":445834,"relics_obtained":[{"floor":10,"key":"wanderingMiniBosses:CarrionFlame"},{"floor":12,"key":"Nunchaku"},{"floor":24,"key":"Kunai"},{"floor":28,"key":"Boot"},{"floor":41,"key":"conspire:Boomerang"},{"floor":42,"key":"Vajra"},{"floor":48,"key":"Dead Branch"},{"floor":52,"key":"halation:Trompette"}],"event_choices":[{"cards_removed":["bronze:Strike"],"damage_healed":0,"gold_gain":0,"player_choice":"Card Removal","damage_taken":0,"max_hp_gain":0,"max_hp_loss":0,"event_name":"Wheel of Change","floor":11,"gold_loss":0}],"is_beta":false,"boss_relics":[{"not_picked":["Runic Dome","Pandora\u0027s Box"],"picked":"Coffee Dripper"},{"not_picked":["hubris:HollowSoul","conspire:SeveredTorchhead"],"picked":"Sozu"}],"items_purged_floors":[14,23,53],"is_endless":false,"potions_floor_spawned":[3,4,6,10,15,20,21,22,28,33,36,37,42,43,46,47],"ascension_level":20}}