{"host":"df48i9djcn92c5sx","time":1611147643,"event":{"mods":["BaseMod","Downfall","Marisa£®ÏF”Í°°ƒß¿Ì…≥£©","Minty Spire (QoL Compilation)","READ ME - Guardian Mod","READ ME - Snecko Mod","Reimu£®≤©¿ˆ¡È√Œ£©","Remilia£®¿Ÿ√◊¿Ú—«£©","Shop Mod","StSLib","The Jungle","The Servant 0.9.4"],"gold_per_floor":[99,99,99,99,22,39,117,117,117,128,128,164,190,217,238,343,343,343,357,368,391,391,240,267,302,302,331,350,367,167,176,196,196,196,196],"floor_reached":33,"language":"ZHS","playtime":2014,"items_purged":[],"score":307,"play_id":"3b31ef45-1bd3-4417-964a-a91f371bbafa","local_time":"20210120210043","is_ascension_mode":true,"campfire_choices":[{"data":"bronze:Replicate","floor":1.0,"key":"SMITH"},{"data":"bronze:WhirlingStrike","floor":8.0,"key":"SMITH"},{"data":"bronze:Flail","floor":11.0,"key":"SMITH"},{"data":"bronze:Format","floor":18.0,"key":"SMITH"},{"data":"bronze:Repair","floor":26,"key":"SMITH"},{"floor":30,"key":"RECALL"}],"circlet_count":0,"master_deck":["bronze:Strike","bronze:Strike","bronze:Strike","bronze:Defend","bronze:Defend","bronze:Defend","bronze:Defend","bronze:Replicate+1","bronze:Goto","bronze:Repair+1","bronze:Backtrace","bronze:ChildClass","bronze:WhirlingStrike+1","bronze:Constructor","bronze:ForLoop","bronze:CutThrough","bronze:Flail+1","bronze:Terminator","bronze:Iterate","bronze:OilSpill","bronze:Format+1","bronze:Separator","bronze:Overload","bronze:Fortify","bronze:ThunderWave","bronze:ClassDefault+1","Writhe"],"relics":["bronze:BronzeCore","downfall:HeartsMalice","CeramicFish","Philosopher\u0027s Stone","Centennial Puzzle","ScarletDevilRocket","MealTicket","downfall:HeartBlessingGreen","downfall:HeartBlessingBlue","Shovel"],"acts_visited":["Exordium","theJungle:Jungle"],"potions_floor_usage":[25,25,27,29,32],"damage_taken":[{"damage":0.0,"enemies":"2 Louse","floor":2.0,"turns":1.0},{"damage":0.0,"enemies":"Cultist","floor":3.0,"turns":1.0},{"damage":0.0,"enemies":"downfall:FleeingMerchant","floor":5.0,"turns":1.0},{"damage":0.0,"enemies":"Jaw Worm","floor":6.0,"turns":3.0},{"damage":4.0,"enemies":"Exordium Wildlife","floor":10.0,"turns":3.0},{"damage":28.0,"enemies":"Gremlin Nob","floor":12.0,"turns":5.0},{"damage":10.0,"enemies":"Lots of Slimes","floor":13.0,"turns":2.0},{"damage":7.0,"enemies":"Blue Slaver","floor":14.0,"turns":3.0},{"damage":7.0,"enemies":"Large Slime","floor":15.0,"turns":3.0},{"damage":26.0,"enemies":"WA_ARCHETYPE_RETAIN","floor":16.0,"turns":6.0},{"damage":17.0,"enemies":"theJungle:5_Spyders","floor":19.0,"turns":5.0},{"damage":16,"enemies":"theJungle:MUSHROOMGANG","floor":20,"turns":6},{"damage":24,"enemies":"Snake Plant","floor":21,"turns":4},{"damage":5,"enemies":"downfall:FleeingMerchant","floor":23,"turns":4},{"damage":13,"enemies":"theJungle:2_Phrogs","floor":25,"turns":9},{"damage":15,"enemies":"theJungle:Lyon","floor":27,"turns":5},{"damage":0,"enemies":"theJungle:JungleHuntersEncounter","floor":28,"turns":4},{"damage":53,"enemies":"theJungle:2_Flameangoes","floor":29,"turns":6},{"damage":0,"enemies":"theJungle:2_Snecko_Cultists","floor":32,"turns":2},{"damage":51,"enemies":"DF_ARCHETYPE_CLAW","floor":33,"turns":4}],"seed_played":"1700764958289578009","potions_obtained":[{"floor":4.0,"key":"bronze:FreeFunctionsPotion"},{"floor":4.0,"key":"CultistPotion"},{"floor":4.0,"key":"bronze:CleanCodePotion"},{"floor":6.0,"key":"PowerPotion"},{"floor":13.0,"key":"champ:CounterPotion"},{"floor":14.0,"key":"Block Potion"},{"floor":15.0,"key":"Strength Potion"},{"floor":21,"key":"Dexterity Potion"},{"floor":25,"key":"Weak Potion"},{"floor":27,"key":"Fire Potion"},{"floor":29,"key":"Regen Potion"}],"is_trial":false,"path_per_floor":["R","M","M","?","$","M","T","R","?","M","R","E","M","M","M","B",null,"R","M","M","M","?","$","T","E","R","M","M","M","R","?","M","B"],"character_chosen":"THE_AUTOMATON","items_purchased":["bronze:WhirlingStrike","bronze:Constructor","Centennial Puzzle"],"campfire_rested":0,"item_purchase_floors":[5,5,23],"current_hp_per_floor":[70,70,70,70,70,70,70,70,70,70,70,42,39,39,32,20,70,70,60,51,27,80,75,75,69,69,54,64,21,31,31,36,0,0,0],"gold":196,"neow_bonus":"THREE_ENEMY_KILL","is_daily":false,"chose_seed":false,"campfire_upgraded":5,"win_rate":0.0,"timestamp":1611147643,"path_taken":["R","M","M","?","?","?","T","R","?","M","R","E","M","M","M","BOSS","R","M","M","M","?","$","T","E","R","M","?","M","R","?","M","BOSS"],"items_purchased_type":["Card","Card","Relic"],"build_version":"2020-12-22","purchased_purges":0,"victory":false,"max_hp_per_floor":[70,70,70,70,70,70,70,70,70,70,70,70,70,70,70,70,70,70,70,70,70,80,80,80,80,80,80,80,80,90,90,90,90,90,90],"card_choices":[{"not_picked":["bronze:WhirlingStrike","bronze:FineTuning"],"picked":"bronze:Repair","floor":2.0},{"not_picked":["bronze:BugBarrage","bronze:Invalidate"],"picked":"bronze:Backtrace","floor":3.0},{"not_picked":["bronze:Shield","bronze:DigitalCarnage"],"picked":"bronze:ChildClass","floor":5.0},{"not_picked":["bronze:DelayedGuard","bronze:BuggyMess"],"picked":"bronze:ForLoop","floor":6.0},{"not_picked":["bronze:DelayedSlice","bronze:ChildClass"],"picked":"bronze:Flail","floor":10.0},{"not_picked":["bronze:Invalidate","bronze:CutThrough"],"picked":"bronze:Terminator","floor":12.0},{"not_picked":["bronze:Overload","bronze:OilSpill"],"picked":"bronze:TinkerersToolbox","floor":13.0},{"not_picked":["bronze:WhirlingStrike","bronze:Constructor"],"picked":"bronze:Iterate","floor":14.0},{"not_picked":["bronze:Separator","bronze:Turbo"],"picked":"bronze:OilSpill","floor":15.0},{"not_picked":["bronze:ShipIt","bronze:Virus"],"picked":"bronze:Format","floor":16.0},{"not_picked":["bronze:Deprecate","bronze:CutThrough+1","bronze:WildBeam"],"picked":"SKIP","floor":19},{"not_picked":["bronze:Terminator","bronze:BugBarrage","bronze:Shield+1"],"picked":"SKIP","floor":20},{"not_picked":["bronze:Turbo","bronze:Deprecate"],"picked":"bronze:Separator","floor":21},{"not_picked":["bronze:Invalidate","bronze:Return"],"picked":"bronze:Overload","floor":23},{"not_picked":["bronze:ChildClass+1","bronze:CutThrough+1"],"picked":"bronze:Fortify","floor":25},{"not_picked":["bronze:Overheat+1","bronze:BronzeArmor"],"picked":"bronze:ThunderWave","floor":27},{"not_picked":["bronze:BitShift","bronze:Invalidate"],"picked":"bronze:ClassDefault+1","floor":28},{"not_picked":["bronze:Turbo","bronze:DelayedSlice","bronze:BugBarrage"],"picked":"SKIP","floor":29},{"not_picked":["bronze:Flail","bronze:Safeguard","bronze:BugBarrage+1"],"picked":"SKIP","floor":32}],"player_experience":1442321,"relics_obtained":[{"floor":12.0,"key":"CeramicFish"},{"floor":24,"key":"ScarletDevilRocket"},{"floor":25,"key":"MealTicket"}],"event_choices":[{"damage_healed":0.0,"max_hp_gain":0.0,"max_hp_loss":0.0,"gold_gain":0.0,"event_name":"Lab","player_choice":"Got Potions","floor":4.0,"gold_loss":0.0,"damage_taken":0.0},{"cards_removed":["bronze:TinkerersToolbox"],"damage_healed":43,"gold_gain":0,"player_choice":"Offered Rare","damage_taken":0,"max_hp_gain":10,"max_hp_loss":0,"event_name":"Bonfire Elementals","floor":22,"gold_loss":0}],"is_beta":false,"boss_relics":[{"not_picked":["Fusion Hammer","Empty Cage"],"picked":"Philosopher\u0027s Stone"}],"items_purged_floors":[],"is_endless":false,"potions_floor_spawned":[6,10,13,14,15,21,25,27,29],"killed_by":"DF_ARCHETYPE_CLAW","ascension_level":1}}