{"host":"b3acx0fd85ri4t7i","time":1611131514,"event":{"mods":["BaseMod","Colored Powertips","Minty Spire (QoL Compilation)","Quick Restart","Relic Stats","StSLib","[功能]功能增强和修复MOD"],"gold_per_floor":[110,185,196,346,346,346,372,372,372,372,397,413,444,463,463,463,463],"floor_reached":16,"language":"ZHS","playtime":390,"items_purged":[],"score":236,"play_id":"979ac715-2db0-4ebd-a64d-056cf186af56","local_time":"20210120163154","is_ascension_mode":true,"campfire_choices":[{"data":"Rampage","floor":6.0,"key":"SMITH"},{"floor":8.0,"key":"RECALL"},{"floor":10.0,"key":"REST"},{"floor":15.0,"key":"REST"}],"circlet_count":0,"master_deck":["AscendersBane","Strike_R","Strike_R","Strike_R","Strike_R","Strike_R","Defend_R","Defend_R","Defend_R","Defend_R","Bash","Clash","Rampage+1","Doubt","Regret","Whirlwind+1","Clash+1","Battle Trance","Clash+1","Heavy Blade+1"],"relics":["Burning Blood","Torii","Molten Egg 2","Regal Pillow","InkBottle","Dead Branch"],"acts_visited":["Exordium"],"potions_floor_usage":[],"damage_taken":[{"damage":9.0,"enemies":"2 Louse","floor":1.0,"turns":3.0},{"damage":2.0,"enemies":"Small Slimes","floor":3.0,"turns":4.0},{"damage":84.0,"enemies":"Lagavulin","floor":7.0,"turns":8.0},{"damage":24.0,"enemies":"3 Sentries","floor":11.0,"turns":5.0},{"damage":16.0,"enemies":"Jaw Worm","floor":12.0,"turns":3.0},{"damage":36.0,"enemies":"Gremlin Nob","floor":13.0,"turns":4.0},{"damage":12.0,"enemies":"Red Slaver","floor":14.0,"turns":3.0},{"damage":0,"enemies":"Hexaghost","floor":16,"turns":1}],"seed_played":"-5419853421350409053","potions_obtained":[{"floor":1.0,"key":"FearPotion"},{"floor":3.0,"key":"Strength Potion"},{"floor":7.0,"key":"SpeedPotion"},{"floor":7.0,"key":"SkillPotion"},{"floor":7.0,"key":"CultistPotion"},{"floor":12.0,"key":"AttackPotion"},{"floor":13.0,"key":"Dexterity Potion"},{"floor":14.0,"key":"Strength Potion"},{"floor":14.0,"key":"Fire Potion"}],"is_trial":false,"path_per_floor":["M","?","M","?","?","R","E","R","T","R","E","M","E","M","R","B"],"character_chosen":"IRONCLAD","items_purchased":[],"campfire_rested":2,"item_purchase_floors":[],"current_hp_per_floor":[47,36,40,40,40,40,58,58,58,75,57,47,17,11,48,48,48],"gold":463,"neow_bonus":"ONE_RARE_RELIC","is_daily":false,"chose_seed":false,"campfire_upgraded":1,"win_rate":0.0,"timestamp":1611131514,"path_taken":["M","?","M","?","?","R","E","R","T","R","E","M","E","?","R","BOSS"],"items_purchased_type":[],"build_version":"2020-12-22","purchased_purges":0,"victory":false,"max_hp_per_floor":[75,75,75,75,75,75,75,75,75,75,75,75,75,75,75,75,75],"relic_stats":{"Regal Pillow":15,"Torii":10,"counters":[8,31],"Dead Branch":[1],"obtain_stats":[{"Regal Pillow":7,"Torii":0,"Dead Branch":13,"Molten Egg 2":5,"Burning Blood":0,"InkBottle":11},{"Regal Pillow":3,"Torii":0,"Dead Branch":6,"Molten Egg 2":2,"Burning Blood":0,"InkBottle":4},{"Regal Pillow":15,"Torii":0,"Dead Branch":27,"Molten Egg 2":7,"Burning Blood":0,"InkBottle":20}],"Burning Blood":42,"InkBottle":[2]},"card_choices":[{"not_picked":["Rupture","Perfected Strike"],"picked":"Clash","floor":1.0},{"not_picked":["Shrug It Off","Fire Breathing"],"picked":"Rampage","floor":3.0},{"not_picked":["Rupture","Bloodletting"],"picked":"Whirlwind+1","floor":7.0},{"not_picked":["True Grit","Power Through"],"picked":"Clash+1","floor":11.0},{"not_picked":["Power Through","Sever Soul+1"],"picked":"Battle Trance","floor":12.0},{"not_picked":["Ghostly Armor","Clothesline+1"],"picked":"Clash+1","floor":13.0},{"not_picked":["Perfected Strike+1","Blood for Blood+1"],"picked":"Heavy Blade+1","floor":14.0}],"player_experience":314588,"relics_obtained":[{"floor":7.0,"key":"Regal Pillow"},{"floor":11.0,"key":"InkBottle"},{"floor":13.0,"key":"Dead Branch"}],"event_choices":[{"damage_healed":0.0,"max_hp_gain":0.0,"max_hp_loss":0.0,"gold_gain":75.0,"event_name":"World of Goop","player_choice":"Gather Gold","floor":2.0,"gold_loss":0.0,"damage_taken":11.0},{"damage_healed":0.0,"max_hp_gain":0.0,"max_hp_loss":0.0,"gold_gain":150.0,"event_name":"Liars Game","player_choice":"AGREE","floor":4.0,"gold_loss":0.0,"damage_taken":0.0,"cards_obtained":["Doubt"]},{"damage_healed":0.0,"max_hp_gain":0.0,"max_hp_loss":0.0,"gold_gain":0.0,"event_name":"Big Fish","player_choice":"Box","floor":5.0,"gold_loss":0.0,"damage_taken":0.0,"relics_obtained":["Molten Egg 2"],"cards_obtained":["Regret"]}],"is_beta":false,"boss_relics":[],"items_purged_floors":[],"is_endless":false,"potions_floor_spawned":[1,3,7,7,7,12,13,14,14],"killed_by":"Hexaghost","ascension_level":20}}