{"host":"3zmssa4s99zhxek5","time":1611105160,"event":{"mods":["AchievementEnabler","BaseMod","Minty Spire (QoL Compilation)","Permanent Neow","Relic Stats"],"gold_per_floor":[110,110,128,148,160,160,180,215,215,247,247,274,289,319,319,319,319],"floor_reached":16,"language":"KOR","playtime":757,"items_purged":[],"score":264,"play_id":"fdaa313a-dfad-4e1b-bbf3-53f73982f268","local_time":"20210120101240","is_ascension_mode":true,"campfire_choices":[{"data":"Streamline","floor":6,"key":"SMITH"},{"data":"Hologram","floor":11,"key":"SMITH"},{"data":"Hologram","floor":15,"key":"SMITH"}],"circlet_count":0,"master_deck":["AscendersBane","Strike_B","Strike_B","Defend_B","Defend_B","Defend_B","Defend_B","Zap","Dualcast","Storm","Steam","Sweeping Beam+1","Defragment","Streamline+1","Self Repair","Hologram+1","Force Field","Doom and Gloom","Steam","Hologram+1"],"relics":["Cracked Core","Omamori","TungstenRod","Shuriken","The Courier"],"acts_visited":["Exordium"],"potions_floor_usage":[8,10,12,14],"damage_taken":[{"damage":7,"enemies":"Jaw Worm","floor":1,"turns":4},{"damage":0,"enemies":"Cultist","floor":3,"turns":4},{"damage":7,"enemies":"2 Louse","floor":4,"turns":3},{"damage":12,"enemies":"Lots of Slimes","floor":5,"turns":3},{"damage":0,"enemies":"Exordium Wildlife","floor":7,"turns":2},{"damage":1,"enemies":"Gremlin Nob","floor":8,"turns":3},{"damage":23,"enemies":"Lagavulin","floor":10,"turns":7},{"damage":13,"enemies":"3 Sentries","floor":12,"turns":6},{"damage":0,"enemies":"2 Fungi Beasts","floor":13,"turns":4},{"damage":4,"enemies":"Lagavulin","floor":14,"turns":5},{"damage":37,"enemies":"Slime Boss","floor":16,"turns":3}],"seed_played":"220748095288701943","potions_obtained":[{"floor":5,"key":"PowerPotion"},{"floor":7,"key":"Energy Potion"},{"floor":8,"key":"DistilledChaos"},{"floor":10,"key":"Strength Potion"},{"floor":13,"key":"PowerPotion"}],"is_trial":false,"path_per_floor":["M","?","M","M","M","R","M","E","T","E","R","E","M","E","R","B"],"character_chosen":"DEFECT","items_purchased":[],"campfire_rested":0,"item_purchase_floors":[],"current_hp_per_floor":[57,57,57,50,38,38,38,44,44,28,28,22,29,32,32,0,0],"gold":319,"neow_bonus":"TRANSFORM_TWO_CARDS","is_daily":false,"chose_seed":false,"campfire_upgraded":3,"win_rate":0.0,"timestamp":1611105160,"path_taken":["M","?","M","M","M","R","M","E","T","E","R","E","M","E","R","BOSS"],"items_purchased_type":[],"build_version":"2020-12-22","purchased_purges":0,"victory":false,"max_hp_per_floor":[64,64,64,64,64,64,64,64,64,64,64,64,64,64,64,64,64],"relic_stats":{"counters":[11,44],"Shuriken":[0],"obtain_stats":[{"Shuriken":10,"The Courier":14,"Omamori":8,"Cracked Core":0,"TungstenRod":9},{"Shuriken":7,"The Courier":10,"Omamori":6,"Cracked Core":0,"TungstenRod":6},{"Shuriken":26,"The Courier":41,"Omamori":19,"Cracked Core":0,"TungstenRod":19}],"TungstenRod":9},"card_choices":[{"not_picked":["Steam","White Noise"],"picked":"Sweeping Beam","floor":1},{"not_picked":["White Noise","Rebound"],"picked":"Defragment","floor":3},{"not_picked":["Coolheaded","Chaos"],"picked":"Streamline","floor":4},{"not_picked":["Streamline","Barrage"],"picked":"Self Repair","floor":5},{"not_picked":["Cold Snap","Double Energy"],"picked":"Hologram","floor":7},{"not_picked":["Stack","Sweeping Beam"],"picked":"Force Field","floor":8},{"not_picked":["Sweeping Beam","Steam Power","Rainbow"],"picked":"SKIP","floor":10},{"not_picked":["Meteor Strike","Reinforced Body"],"picked":"Doom and Gloom","floor":12},{"not_picked":["Ball Lightning","Genetic Algorithm"],"picked":"Steam","floor":13},{"not_picked":["Sweeping Beam","FTL"],"picked":"Hologram","floor":14}],"player_experience":1537159,"relics_obtained":[{"floor":8,"key":"Omamori"},{"floor":9,"key":"TungstenRod"},{"floor":10,"key":"Shuriken"},{"floor":14,"key":"The Courier"}],"event_choices":[{"damage_healed":0,"gold_gain":0,"player_choice":"Upgraded","damage_taken":0,"max_hp_gain":0,"max_hp_loss":0,"event_name":"Upgrade Shrine","floor":2,"gold_loss":0,"cards_upgraded":["Sweeping Beam"]}],"is_beta":false,"boss_relics":[],"items_purged_floors":[],"is_endless":false,"potions_floor_spawned":[5,7,8,10,13],"killed_by":"Slime Boss","ascension_level":20}}