{"host":"xp5rvh2jwe2ejyfm","time":1611157537,"event":{"mods":["BaseMod","Downfall","Hermit","Minty Spire (QoL Compilation)","Robot Space Explorer","StSLib","The Clintock","The Construct","The Cursed","The Disciple","The Forsaken","The Hierophant","The Runesmith"],"gold_per_floor":[99,119,131,146,162,162,162,10,30,48,33,33,33,45,61,61,61,61],"floor_reached":16,"language":"ENG","playtime":931,"items_purged":[],"score":96,"play_id":"280e2e33-c565-4445-8da9-c60631fb2ebe","local_time":"20210120104537","is_ascension_mode":false,"campfire_choices":[{"data":"Slimebound:Split","floor":1,"key":"SMITH"},{"floor":6,"key":"REST"},{"floor":13,"key":"REST"}],"circlet_count":0,"master_deck":["Slimebound:Strike_Slimebound","Slimebound:Strike_Slimebound","Slimebound:Strike_Slimebound","Slimebound:Tackle","Slimebound:Defend_Slimebound","Slimebound:Defend_Slimebound","Slimebound:Defend_Slimebound","Slimebound:Defend_Slimebound","Slimebound:Split+1","Slimebound:CorrosiveSpit","Slimebound:Equalize","Slimebound:ComboTackle","Slimebound:SlimeBarrage","Slimebound:Gluttony","Slimebound:SpikyOuterGoop","Slimebound:Overexert","Slimebound:LeechEnergy","Slimebound:SplitAcid","Slimebound:Schlurp","Parasite","Slimebound:GoopSpray","Slimebound:SamplingLick"],"relics":["Slimebound:AbsorbEndCombat","Runesmith:AutoHammer"],"acts_visited":["Exordium"],"potions_floor_usage":[11,16,16],"damage_taken":[{"damage":5,"enemies":"Cultist","floor":2,"turns":4},{"damage":13,"enemies":"2 Louse","floor":3,"turns":3},{"damage":11,"enemies":"Small Slimes","floor":4,"turns":3},{"damage":12,"enemies":"3 Louse","floor":5,"turns":3},{"damage":14,"enemies":"downfall:FleeingMerchant","floor":8,"turns":4},{"damage":32,"enemies":"Large Slime","floor":9,"turns":5},{"damage":12,"enemies":"2 Fungi Beasts","floor":10,"turns":3},{"damage":13,"enemies":"downfall:FleeingMerchant","floor":11,"turns":4},{"damage":32,"enemies":"Gremlin Gang","floor":14,"turns":5},{"damage":4,"enemies":"3 Louse","floor":15,"turns":3},{"damage":39,"enemies":"IC_STATUS_ARCHETYPE","floor":16,"turns":8}],"seed_played":"-3836422427019521513","potions_obtained":[{"floor":2,"key":"SteroidPotion"},{"floor":4,"key":"construct:ShiftPotion"},{"floor":9,"key":"Slimebound:ThreeZeroPotion"},{"floor":14,"key":"SkillPotion"},{"floor":15,"key":"EssenceOfSteel"}],"is_trial":false,"path_per_floor":["R","M","M","M","M","R","T","$","M","M","$","?","R","M","M","B"],"character_chosen":"SLIMEBOUND","items_purchased":["Slimebound:Overexert"],"campfire_rested":2,"item_purchase_floors":[8],"current_hp_per_floor":[71,68,59,50,40,61,61,55,27,15,10,27,48,28,26,0,0,0],"gold":61,"neow_bonus":"TEN_PERCENT_HP_BONUS","is_daily":false,"chose_seed":false,"campfire_upgraded":1,"win_rate":0.0,"timestamp":1611157537,"path_taken":["R","M","M","?","M","R","T","$","M","M","?","?","R","M","M","BOSS"],"items_purchased_type":["Card"],"build_version":"2020-12-22","purchased_purges":0,"victory":false,"max_hp_per_floor":[71,71,71,71,71,71,71,71,71,71,71,71,71,71,71,71,71,71],"card_choices":[{"not_picked":["Slimebound:SlimeBrawl","Slimebound:SlimeBarrage"],"picked":"Slimebound:Equalize","floor":2},{"not_picked":["Slimebound:Nibble","Slimebound:Grow"],"picked":"Slimebound:ComboTackle","floor":3},{"not_picked":["Slimebound:SplitMire","Slimebound:ProtectTheBoss"],"picked":"Slimebound:SlimeBarrage","floor":4},{"not_picked":["Slimebound:Prepare","Slimebound:Schlurp"],"picked":"Slimebound:Gluttony","floor":5},{"not_picked":["Slimebound:Replication","Slimebound:ProtectTheBoss"],"picked":"Slimebound:SpikyOuterGoop","floor":8},{"not_picked":["Slimebound:DisruptingSlam","Slimebound:HauntingLick"],"picked":"Slimebound:LeechEnergy","floor":9},{"not_picked":["Slimebound:SplitLeeching","Slimebound:LivingWall"],"picked":"Slimebound:SplitAcid","floor":10},{"not_picked":["Slimebound:SamplingLick","Slimebound:SplitLeeching"],"picked":"Slimebound:Schlurp","floor":11},{"not_picked":["Slimebound:ItLooksTasty","Slimebound:SplitLeeching"],"picked":"Slimebound:GoopSpray","floor":14},{"not_picked":["Slimebound:SplitMire","Slimebound:MassRepurpose"],"picked":"Slimebound:SamplingLick","floor":15}],"player_experience":257811,"relics_obtained":[{"floor":7,"key":"Runesmith:AutoHammer"}],"event_choices":[{"damage_healed":17,"gold_gain":0,"player_choice":"Healed and dodged fight","damage_taken":0,"max_hp_gain":0,"max_hp_loss":0,"event_name":"Mushrooms","floor":12,"gold_loss":0,"cards_obtained":["Parasite"]}],"is_beta":false,"boss_relics":[],"items_purged_floors":[],"is_endless":false,"potions_floor_spawned":[2,4,9,14,15],"killed_by":"IC_STATUS_ARCHETYPE","ascension_level":0}}