{"host":"tf5skwcwe0vlu2md","time":1611149440,"event":{"mods":["BaseMod","Downfall","Highlight Path","Minty Spire (QoL Compilation)","Quick Restart","StSLib","The Hierophant"],"gold_per_floor":[110,60,22,22,22,66,66,79,105,105,118,118,138,153,153,276,339,363,462,142,165,186,221,234,234,279,314,314,314,314],"floor_reached":29,"playtime":1137,"items_purged":[],"score":288,"play_id":"91192744-c4b1-4363-87e6-d130bc6c0972","local_time":"20210121003040","is_ascension_mode":false,"campfire_choices":[{"data":"Eruption","floor":7,"key":"SMITH"},{"data":"Fasting2","floor":12,"key":"SMITH"},{"data":"FlyingSleeves","floor":15,"key":"SMITH"}],"circlet_count":0,"master_deck":["Strike_P","Strike_P","Strike_P","Strike_P","Defend_P","Defend_P+1","Defend_P","Eruption+1","Vigilance","Protect","Indignation","Consecrate+1","Fasting2+1","FlyingSleeves","FlyingSleeves+1","Devotion+1","Adaptation","EmptyFist","LessonLearned","WheelKick","CrushJoints+1","Indignation","Tantrum","Crescendo+1"],"relics":["PureWater","Golden Idol","Gambling Chip","Ancient Tea Set","Tiny House","TeardropLocket","Blood Vial","Damaru","Sundial"],"acts_visited":["Exordium","TheCity"],"potions_floor_usage":[6,27,27,29],"damage_taken":[{"damage":0,"enemies":"2 Louse","floor":1,"turns":2},{"damage":24,"enemies":"Lagavulin","floor":6,"turns":4},{"damage":0,"enemies":"Small Slimes","floor":8,"turns":1},{"damage":0,"enemies":"Cultist","floor":11,"turns":1},{"damage":0,"enemies":"Large Slime","floor":13,"turns":2},{"damage":3,"enemies":"Blue Slaver","floor":14,"turns":2},{"damage":16,"enemies":"Hexaghost","floor":16,"turns":6},{"damage":10,"enemies":"Chosen","floor":18,"turns":4},{"damage":0,"enemies":"Spheric Guardian","floor":21,"turns":2},{"damage":9,"enemies":"Centurion and Healer","floor":22,"turns":4},{"damage":14,"enemies":"Gremlin Leader","floor":23,"turns":4},{"damage":0,"enemies":"Snake Plant","floor":24,"turns":2},{"damage":29,"enemies":"Slavers","floor":27,"turns":5},{"damage":36,"enemies":"Shelled Parasite and Fungi","floor":29,"turns":2}],"seed_played":"8861696520087449974","potions_obtained":[{"floor":1,"key":"DistilledChaos"},{"floor":13,"key":"Explosive Potion"},{"floor":16,"key":"EssenceOfSteel"},{"floor":17,"key":"Weak Potion"}],"is_trial":false,"path_per_floor":["M","?","$","?","?","E","R","M","T","?","M","R","M","M","R","B",null,"M","?","$","M","M","E","M","?","T","E","T","M"],"character_chosen":"WATCHER","items_purchased":["Indignation","LessonLearned","TeardropLocket"],"campfire_rested":0,"item_purchase_floors":[3,20,20],"current_hp_per_floor":[79,79,79,60,65,41,41,41,41,41,41,41,41,38,38,22,89,79,79,79,79,70,56,58,58,58,31,31,0,0],"gold":314,"neow_bonus":"TEN_PERCENT_HP_BONUS","is_daily":false,"chose_seed":false,"campfire_upgraded":3,"win_rate":0.0,"timestamp":1611149440,"path_taken":["M","?","$","?","?","E","R","M","T","?","M","R","M","M","R","BOSS","M","?","$","M","M","E","M","?","T","E","?","M"],"items_purchased_type":["Card","Card","Relic"],"build_version":"2020-12-13","purchased_purges":0,"victory":false,"max_hp_per_floor":[79,79,79,79,84,84,84,84,84,84,84,84,84,84,84,84,89,89,89,89,89,89,89,89,89,89,89,89,89,89],"card_choices":[{"not_picked":["Study","FollowUp"],"picked":"Protect","floor":1},{"not_picked":["EmptyFist","BowlingBash"],"picked":"Consecrate","floor":6},{"not_picked":["Evaluate","Perseverance","ForeignInfluence"],"picked":"SKIP","floor":8},{"not_picked":["Wireheading","ThirdEye"],"picked":"Fasting2","floor":11},{"not_picked":["Worship","WindmillStrike"],"picked":"FlyingSleeves","floor":13},{"not_picked":["Nirvana","Study"],"picked":"FlyingSleeves","floor":14},{"not_picked":["Brilliance","Vault"],"picked":"Devotion","floor":16},{"not_picked":["Prostrate","FollowUp"],"picked":"Adaptation","floor":17},{"not_picked":["ClearTheMind","SashWhip"],"picked":"EmptyFist","floor":18},{"not_picked":["Swivel","Crescendo"],"picked":"WheelKick","floor":21},{"not_picked":["WaveOfTheHand","Evaluate"],"picked":"CrushJoints+1","floor":22},{"not_picked":["Fasting2","Protect"],"picked":"Indignation","floor":23},{"not_picked":["Protect","Establishment"],"picked":"Tantrum","floor":24},{"not_picked":["Vengeance","CutThroughFate"],"picked":"Crescendo+1","floor":27}],"player_experience":230144,"relics_obtained":[{"floor":6,"key":"Gambling Chip"},{"floor":9,"key":"Ancient Tea Set"},{"floor":23,"key":"Blood Vial"},{"floor":27,"key":"Damaru"},{"floor":28,"key":"Sundial"}],"event_choices":[{"cards_removed":["Defend_P"],"damage_healed":0,"gold_gain":0,"player_choice":"Card Removal","damage_taken":0,"max_hp_gain":0,"max_hp_loss":0,"event_name":"The Cleric","floor":2,"gold_loss":50},{"damage_healed":0,"gold_gain":0,"player_choice":"Take Damage","damage_taken":19,"relics_obtained":["Golden Idol"],"max_hp_gain":0,"max_hp_loss":0,"event_name":"Golden Idol","floor":4,"gold_loss":0},{"damage_healed":0,"gold_gain":0,"player_choice":"Donut","damage_taken":0,"max_hp_gain":5,"max_hp_loss":0,"event_name":"Big Fish","floor":5,"gold_loss":0},{"damage_healed":0,"gold_gain":0,"player_choice":"Forge","damage_taken":0,"max_hp_gain":0,"max_hp_loss":0,"event_name":"Accursed Blacksmith","floor":10,"gold_loss":0,"cards_upgraded":["Consecrate"]},{"damage_healed":0,"gold_gain":99,"player_choice":"Stole From Cult","damage_taken":0,"max_hp_gain":0,"max_hp_loss":0,"event_name":"Nest","floor":19,"gold_loss":0},{"damage_healed":0,"gold_gain":0,"player_choice":"Ignored","damage_taken":0,"max_hp_gain":0,"max_hp_loss":0,"event_name":"The Mausoleum","floor":25,"gold_loss":0}],"is_beta":false,"boss_relics":[{"not_picked":["Snecko Eye","Busted Crown"],"picked":"Tiny House"}],"items_purged_floors":[],"is_endless":false,"potions_floor_spawned":[1,13,16,22,23,24],"killed_by":"Shelled Parasite and Fungi","ascension_level":0}}