{"host":"qsusua7l529r8z9k","time":1611149668,"event":{"mods":["BaseMod","Minty Spire (QoL Compilation)","Spicy Shops","StSLib","¡¾ÒÅÎï¿¨ÅÆ¡¿REMEMod"],"gold_per_floor":[119,119,119,144,196,196,239,255,282,316,266,305,455,493,493,591,591,612,612,612,612,630,630,630,630],"floor_reached":24,"language":"ZHS","playtime":660,"items_purged":["Regret"],"score":590,"play_id":"cc77cefa-4026-4fa8-8f15-22c55e409688","local_time":"20210120213428","is_ascension_mode":true,"campfire_choices":[{"data":"Eruption","floor":6,"key":"SMITH"},{"data":"Ragnarok","floor":15,"key":"SMITH"},{"data":"Adaptation","floor":23,"key":"SMITH"}],"circlet_count":0,"master_deck":["AscendersBane","Strike_P","Strike_P","Strike_P","Strike_P","Defend_P+1","Defend_P","Defend_P+1","Defend_P","Eruption+1","Vigilance","Ragnarok+1","BowlingBash","Adaptation+1","Conclude","FlurryOfBlows","Doubt","REME_WorshipGod","Wireheading+1","Writhe"],"relics":["PureWater","REME_ComplimentaryCards","NeowsBlessing","Art of War","Golden Idol","Pen Nib","Smiling Mask","REME_HandOfSuture","Happy Flower","War Paint","StrikeDummy","Coffee Dripper","Nilry\u0027s Codex","Torii"],"acts_visited":["Exordium","TheCity"],"potions_floor_usage":[22],"damage_taken":[{"damage":0,"enemies":"2 Louse","floor":1,"turns":1},{"damage":0,"enemies":"Jaw Worm","floor":4,"turns":1},{"damage":0,"enemies":"3 Sentries","floor":7,"turns":2},{"damage":2,"enemies":"Small Slimes","floor":8,"turns":2},{"damage":4,"enemies":"Lagavulin","floor":10,"turns":4},{"damage":9,"enemies":"3 Sentries","floor":12,"turns":6},{"damage":0,"enemies":"Gremlin Nob","floor":14,"turns":2},{"damage":17,"enemies":"The Guardian","floor":16,"turns":7},{"damage":0,"enemies":"Spheric Guardian","floor":18,"turns":1},{"damage":10,"enemies":"Shell Parasite","floor":22,"turns":5},{"damage":28,"enemies":"Slavers","floor":24,"turns":2}],"seed_played":"7761591814631365960","potions_obtained":[{"floor":4,"key":"Weak Potion"},{"floor":7,"key":"BlessingOfTheForge"}],"is_trial":false,"path_per_floor":["M","?","?","M","T","R","E","M","T","E","$","E","?","E","R","B",null,"M","?","?","?","M","R","E"],"character_chosen":"WATCHER","items_purchased":[],"campfire_rested":0,"item_purchase_floors":[],"current_hp_per_floor":[61,61,61,61,61,61,61,59,59,55,55,46,46,46,46,29,54,54,54,33,33,23,23,0,0],"gold":630,"neow_bonus":"THREE_ENEMY_KILL","is_daily":false,"chose_seed":false,"campfire_upgraded":3,"win_rate":0.0,"timestamp":1611149668,"path_taken":["M","?","?","M","?","R","E","M","T","E","$","E","?","E","R","BOSS","M","?","?","?","M","R","E"],"items_purchased_type":[],"build_version":"2020-12-22","purchased_purges":1,"victory":false,"max_hp_per_floor":[68,68,62,62,62,62,62,62,62,62,62,62,62,62,62,62,62,62,62,62,62,62,62,62,62],"card_choices":[{"not_picked":["FlyingSleeves","REME_Repentance"],"picked":"BowlingBash","floor":1},{"not_picked":["REME_MusicOfDeath","SandsOfTime"],"picked":"Adaptation","floor":4},{"not_picked":["Consecrate","LikeWater"],"picked":"Conclude","floor":7},{"not_picked":["JustLucky","SignatureMove","Halt"],"picked":"SKIP","floor":8},{"not_picked":["EmptyBody","Weave"],"picked":"FlurryOfBlows","floor":10},{"not_picked":["EmptyBody","Meditate","FlyingSleeves"],"picked":"SKIP","floor":12},{"not_picked":["FollowUp","Evaluate","ReachHeaven"],"picked":"SKIP","floor":14},{"not_picked":["Wish","Judgement"],"picked":"REME_WorshipGod","floor":16},{"not_picked":["PathToVictory","FlyingSleeves"],"picked":"Wireheading+1","floor":18},{"not_picked":["SashWhip+1","Prostrate","FlyingSleeves"],"picked":"SKIP","floor":22}],"player_experience":417892,"relics_obtained":[{"floor":5,"key":"Pen Nib"},{"floor":7,"key":"Smiling Mask"},{"floor":9,"key":"REME_HandOfSuture"},{"floor":10,"key":"Happy Flower"},{"floor":12,"key":"War Paint"},{"floor":14,"key":"StrikeDummy"},{"floor":20,"key":"Nilry\u0027s Codex"}],"event_choices":[{"damage_healed":0,"gold_gain":0,"player_choice":"Box","damage_taken":0,"relics_obtained":["Art of War"],"max_hp_gain":0,"max_hp_loss":0,"event_name":"Big Fish","floor":2,"gold_loss":0,"cards_obtained":["Regret"]},{"damage_healed":0,"gold_gain":0,"player_choice":"Lose Max HP","damage_taken":0,"relics_obtained":["Golden Idol"],"max_hp_gain":0,"max_hp_loss":6,"event_name":"Golden Idol","floor":3,"gold_loss":0},{"damage_healed":0,"gold_gain":150,"player_choice":"AGREE","damage_taken":0,"max_hp_gain":0,"max_hp_loss":0,"event_name":"Liars Game","floor":13,"gold_loss":0,"cards_obtained":["Doubt"]},{"damage_healed":0,"gold_gain":0,"player_choice":"Ignored","damage_taken":0,"max_hp_gain":0,"max_hp_loss":0,"event_name":"Ghosts","floor":19,"gold_loss":0},{"damage_healed":0,"gold_gain":0,"player_choice":"Obtained Book","damage_taken":21,"max_hp_gain":0,"max_hp_loss":0,"event_name":"Cursed Tome","floor":20,"gold_loss":0},{"damage_healed":0,"gold_gain":0,"player_choice":"Opened","damage_taken":0,"relics_obtained":["Torii"],"max_hp_gain":0,"max_hp_loss":0,"event_name":"The Mausoleum","floor":21,"gold_loss":0,"cards_obtained":["Writhe"]}],"is_beta":false,"boss_relics":[{"not_picked":["HolyWater","Runic Dome"],"picked":"Coffee Dripper"}],"items_purged_floors":[11],"is_endless":false,"potions_floor_spawned":[4,7,8,18],"killed_by":"Slavers","ascension_level":20}}