{"host":"xm0tf1maiknh0fp9","time":1611154408,"event":{"mods":["BaseMod","Colored Map","Colored Powertips","Googly Eyes","Minty Spire (QoL Compilation)","Replay The Spire","StSLib"],"gold_per_floor":[11,286,305,316,332,332,362,376,376,9,9,32,32,61,61,163,163,179,279,279,279],"floor_reached":20,"language":"ENG","playtime":1099,"items_purged":["Regret"],"score":282,"play_id":"b260a410-83c0-419e-ba4a-7ba6f50324fa","local_time":"20210120095328","is_ascension_mode":true,"campfire_choices":[{"data":"Blade Dance","floor":6.0,"key":"SMITH"},{"floor":13.0,"key":"REST"},{"floor":15.0,"key":"REST"}],"circlet_count":0,"master_deck":["AscendersBane","Defend_G+1","Defend_G","Defend_G","Defend_G","Defend_G","Survivor","Neutralize","Acrobatics","Cloak And Dagger","Dagger Throw","Prepared","Blade Dance+1","ReplayTheSpireMod:Shiv Toss","Envenom+1"],"relics":["Ring of the Snake","Snake Skull","Golden Egg","Omamori","Blood Vial","Simple Rune","Vampiric Spirits","Empty Cage"],"acts_visited":["Exordium","TheCity"],"potions_floor_usage":[],"damage_taken":[{"damage":0.0,"enemies":"Small Slimes","floor":1.0,"turns":4.0},{"damage":3.0,"enemies":"Cultist","floor":3.0,"turns":3.0},{"damage":2.0,"enemies":"Jaw Worm","floor":4.0,"turns":6.0},{"damage":5.0,"enemies":"3 Louse","floor":5.0,"turns":4.0},{"damage":30.0,"enemies":"Replay:BlueRogue","floor":7.0,"turns":8.0},{"damage":5.0,"enemies":"Gremlin Gang","floor":8.0,"turns":4.0},{"damage":16.0,"enemies":"3 Sentries","floor":14.0,"turns":10.0},{"damage":29.0,"enemies":"Hexaghost","floor":16.0,"turns":12.0},{"damage":27,"enemies":"Shell Parasite","floor":18,"turns":7},{"damage":40,"enemies":"Spheric Guardian","floor":20,"turns":7}],"seed_played":"-1437866625423767748","potions_obtained":[{"floor":7.0,"key":"Dexterity Potion"},{"floor":8.0,"key":"SpeedPotion"},{"floor":16.0,"key":"Venom Potion"}],"is_trial":false,"path_per_floor":["M","?","M","M","M","R","E","M","T","$","?","T","R","E","R","B",null,"M","?","M"],"character_chosen":"THE_SILENT","items_purchased":["Omamori","Blood Vial"],"campfire_rested":2,"item_purchase_floors":[10,10],"current_hp_per_floor":[63,63,60,58,53,53,23,18,18,18,18,18,39,25,46,26,59,35,35,0,0],"gold":279,"neow_bonus":"TRANSFORM_TWO_CARDS","is_daily":false,"chose_seed":false,"campfire_upgraded":1,"win_rate":0.0,"timestamp":1611154408,"path_taken":["M","?","M","M","M","R","E","?","T","$","?","?","R","E","R","BOSS","M","?","?"],"items_purchased_type":["Relic","Relic"],"build_version":"2020-12-22","purchased_purges":1,"victory":false,"max_hp_per_floor":[70,70,70,70,70,70,70,70,70,70,70,70,70,70,70,70,70,70,70,70,70],"card_choices":[{"not_picked":["Backflip","Cloak And Dagger"],"picked":"Dagger Throw","floor":1.0},{"not_picked":["Quick Slash","PiercingWail","Bane"],"picked":"SKIP","floor":3.0},{"not_picked":["Caltrops","ReplayTheSpireMod:Tripwire"],"picked":"Prepared","floor":4.0},{"not_picked":["Sucker Punch","Bane"],"picked":"Blade Dance","floor":5.0},{"not_picked":["Bullet Time","Underhanded Strike","Poisoned Stab"],"picked":"SKIP","floor":7.0},{"not_picked":["Hidden Blade","Flying Knee","PiercingWail"],"picked":"SKIP","floor":8.0},{"not_picked":["ReplayTheSpireMod:The Works","Prepared"],"picked":"ReplayTheSpireMod:Shiv Toss","floor":14.0},{"not_picked":["Venomology","Adrenaline"],"picked":"Envenom","floor":16.0},{"not_picked":["Bane","Well Laid Plans","Poisoned Stab"],"picked":"SKIP","floor":18}],"player_experience":148794,"relics_obtained":[{"floor":7.0,"key":"Snake Skull"},{"floor":9.0,"key":"Golden Egg"},{"floor":12.0,"key":"Simple Rune"},{"floor":14.0,"key":"Vampiric Spirits"}],"event_choices":[{"damage_healed":0.0,"max_hp_gain":0.0,"max_hp_loss":0.0,"gold_gain":275.0,"event_name":"Golden Shrine","player_choice":"Desecrate","floor":2.0,"gold_loss":0.0,"damage_taken":0.0,"cards_obtained":["Regret"]},{"cards_removed":["Strike_G"],"damage_healed":0.0,"max_hp_gain":0.0,"max_hp_loss":0.0,"gold_gain":0.0,"event_name":"Living Wall","player_choice":"Forget","floor":11.0,"gold_loss":0.0,"damage_taken":0.0},{"damage_healed":0,"gold_gain":100,"player_choice":"Pray","damage_taken":0,"max_hp_gain":0,"max_hp_loss":0,"event_name":"Golden Shrine","floor":19,"gold_loss":0}],"is_beta":false,"boss_relics":[{"not_picked":["Kintsugi","Replay:Grab Bag"],"picked":"Empty Cage"}],"items_purged_floors":[10],"is_endless":false,"potions_floor_spawned":[7,8,14,16],"killed_by":"Spheric Guardian","ascension_level":11}}