{"host":"ytad2j290sleetgq","time":1611153953,"event":{"mods":["ATMod(阿瑾Mod)","AchievementEnabler","Act Like it!","Arknights The Spire","Aspiration","Bartender","BaseMod","Better Note","Card Forge","Custom Start","Decade(王小明)","Friendly Minions","Gensokyo","GungeonMod","Hermit","Highlight Path","Koishi","Luminous","Minty Spire (QoL Compilation)","Prisma Mod","Rare Cards Sparkle","SIMod","SOS（斯巴达之子）","Shop Mod","StSLib","The Alterego","The Animator","TheWitcher","UnlockEverythingMod","WarShipGirlsR/战舰少女R mod","Yakumo Yukari mod","[GremlinLeader]The Maniac","【遗物卡牌】REMEMod"],"gold_per_floor":[119,133,308,319,338,370,370,384,384,384,404,404,438,455,455,550,550,563,580,580,594,612,612,612],"floor_reached":23,"language":"ZHS","playtime":1701,"items_purged":[],"score":232,"play_id":"96f29b24-4005-472d-9e8c-01acd168d208","local_time":"20210120224553","is_ascension_mode":false,"campfire_choices":[{"data":"AT_KneejerkReflex","floor":7,"key":"SMITH"},{"floor":10,"key":"REST"}],"circlet_count":0,"master_deck":["alterego_mod:Strike+1","alterego_mod:Strike+1","alterego_mod:Strike+1","alterego_mod:Strike+1","alterego_mod:Defend+1","alterego_mod:Defend+1","alterego_mod:Defend+1","alterego_mod:Defend+1","alterego_mod:Impale+1","alterego_mod:BigMeatyClaws+1","alterego_mod:BrynhildrsRune+1","AT_KneejerkReflex+1","alterego_mod:Swimsuit+1","alterego_mod:Birthday+1","Doubt","alterego_mod:DiscoLights+1","alterego_mod:Cycle+1","alterego_mod:BoobPocket+1","alterego_mod:RocketPunch+1","alterego_mod:Clones+1","alterego_mod:DeftHands+1","alterego_mod:1TonWallop+1","alterego_mod:STier","alterego_mod:DeftHands+1","alterego_mod:HighServant+1","alterego_mod:Valentines+1","alterego_mod:Venus"],"relics":["alterego_mod:MasochisticConstitution","Hammer of Thor","Seething Fire","Anvil of the Gods","REME_ComplimentaryCards","AT_ATBox","NeowsBlessing","aspiration:Lifesprig","Pantograph","Art of War","Eternal Feather","REME_ChargedStone"],"acts_visited":["Exordium","TheCity"],"potions_floor_usage":[6,8,13,13,21,21,23],"damage_taken":[{"damage":0,"enemies":"2 Louse","floor":1,"turns":1},{"damage":0,"enemies":"Small Slimes","floor":2,"turns":1},{"damage":0,"enemies":"Cultist","floor":4,"turns":1},{"damage":13,"enemies":"2 Fungi Beasts","floor":5,"turns":4},{"damage":32,"enemies":"3 Sentries","floor":6,"turns":8},{"damage":12,"enemies":"Red Slaver","floor":8,"turns":4},{"damage":22,"enemies":"Looter","floor":11,"turns":3},{"damage":0,"enemies":"Lagavulin","floor":13,"turns":5},{"damage":21,"enemies":"Exordium Wildlife","floor":14,"turns":4},{"damage":3,"enemies":"The Guardian","floor":16,"turns":8},{"damage":27,"enemies":"3 Byrds","floor":18,"turns":5},{"damage":17,"enemies":"Spheric Guardian","floor":19,"turns":4},{"damage":27,"enemies":"Snake Plant","floor":21,"turns":5},{"damage":15,"enemies":"Snecko","floor":22,"turns":5},{"damage":20,"enemies":"Slavers","floor":23,"turns":1}],"seed_played":"-5870726921252242708","potions_obtained":[{"floor":1,"key":"Explosive Potion"},{"floor":4,"key":"Fire Potion"},{"floor":8,"key":"DemoMod:BlankPotion"},{"floor":11,"key":"DistilledChaos"},{"floor":13,"key":"Swift Potion"},{"floor":16,"key":"LiquidMemories"},{"floor":19,"key":"Fire Potion"},{"floor":21,"key":"GamblersBrew"}],"is_trial":false,"path_per_floor":["M","M","?","M","M","E","R","M","T","R","M","?","E","M","R","B",null,"M","M","?","M","M","E"],"character_chosen":"The_Alterego","items_purchased":[],"campfire_rested":1,"item_purchase_floors":[],"current_hp_per_floor":[70,70,70,70,60,31,31,22,22,43,22,15,25,22,34,60,76,53,40,40,17,13,0,0],"gold":612,"neow_bonus":"THREE_ENEMY_KILL","is_daily":false,"chose_seed":false,"campfire_upgraded":1,"win_rate":0.0,"timestamp":1611153953,"path_taken":["M","M","?","M","M","E","R","M","T","R","M","?","E","M","R","BOSS","M","M","?","M","M","E"],"items_purchased_type":[],"build_version":"2020-12-22","purchased_purges":0,"victory":false,"max_hp_per_floor":[70,70,70,70,71,72,72,73,73,73,74,74,74,75,75,76,76,77,78,78,79,80,80,80],"card_choices":[{"not_picked":["alterego_mod:Crossover","alterego_mod:GoddessCore"],"picked":"alterego_mod:Swimsuit","floor":1},{"not_picked":["alterego_mod:BoobPocket","alterego_mod:PerceptionDisorder"],"picked":"alterego_mod:Birthday","floor":2},{"not_picked":["alterego_mod:Jiggle","alterego_mod:Clap"],"picked":"alterego_mod:DiscoLights","floor":4},{"not_picked":["alterego_mod:RidiculouslyBig","alterego_mod:Undulate"],"picked":"alterego_mod:Cycle","floor":5},{"not_picked":["alterego_mod:Belle","alterego_mod:Table"],"picked":"alterego_mod:BoobPocket","floor":6},{"not_picked":["alterego_mod:PerceptionDisorder","alterego_mod:Maid"],"picked":"alterego_mod:RocketPunch","floor":8},{"not_picked":["alterego_mod:Smother","alterego_mod:BreastValley"],"picked":"alterego_mod:Clones","floor":11},{"not_picked":["alterego_mod:Pet","alterego_mod:STier"],"picked":"alterego_mod:DeftHands","floor":13},{"not_picked":["alterego_mod:Belle","alterego_mod:Skirt"],"picked":"alterego_mod:1TonWallop","floor":14},{"not_picked":["alterego_mod:InsideBaseball","alterego_mod:Antipathy"],"picked":"alterego_mod:STier","floor":16},{"not_picked":["alterego_mod:Maid","alterego_mod:Crossover"],"picked":"alterego_mod:DeftHands+1","floor":18},{"not_picked":["alterego_mod:Birthday","alterego_mod:PerceptionDisorder"],"picked":"alterego_mod:HighServant+1","floor":19},{"not_picked":["alterego_mod:Punishment","alterego_mod:TrashNCrash"],"picked":"alterego_mod:Valentines+1","floor":21},{"not_picked":["alterego_mod:Bounce","alterego_mod:DiscoLights"],"picked":"alterego_mod:Venus","floor":22}],"player_experience":320068,"relics_obtained":[{"floor":6,"key":"aspiration:Lifesprig"},{"floor":9,"key":"Pantograph"},{"floor":13,"key":"Eternal Feather"}],"event_choices":[{"damage_healed":0,"gold_gain":175,"player_choice":"AGREE","damage_taken":0,"max_hp_gain":0,"max_hp_loss":0,"event_name":"Liars Game","floor":3,"gold_loss":0,"cards_obtained":["Doubt"]},{"damage_healed":0,"gold_gain":0,"player_choice":"Success","damage_taken":7,"relics_obtained":["Art of War"],"max_hp_gain":0,"max_hp_loss":0,"event_name":"Scrap Ooze","floor":12,"gold_loss":0},{"cards_removed":["alterego_mod:STier"],"damage_healed":0,"gold_gain":0,"player_choice":"Give","damage_taken":0,"max_hp_gain":0,"max_hp_loss":0,"event_name":"betterNote:BetterNote","floor":20,"gold_loss":0,"cards_obtained":["None"]}],"is_beta":false,"boss_relics":[{"not_picked":["REME_LowDesire","aspiration:RunicSpoon"],"picked":"REME_ChargedStone"}],"items_purged_floors":[],"is_endless":false,"potions_floor_spawned":[1,4,8,11,13,16,19,21],"killed_by":"Slavers","ascension_level":0}}