{"host":"gc8h028r85mpey4t","time":1611113935,"event":{"mods":["BaseMod","BetterRewards","Colored Powertips","Minty Spire (QoL Compilation)","StSLib","The Senshi"],"gold_per_floor":[110,80,55,69,69,69,89,108,135,135,148,148,148,168,168,269,269,281,300,36,36,36,36,36,55,55,67,67,67],"floor_reached":28,"language":"ENG","playtime":2491,"items_purged":[],"score":210,"play_id":"9029a24e-4ea1-4846-98e7-4bd5b2c859ec","local_time":"20210119193855","is_ascension_mode":false,"campfire_choices":[{"data":"Pommel Strike","floor":6,"key":"SMITH"},{"data":"Carnage","floor":10,"key":"SMITH"},{"data":"Armaments","floor":13,"key":"SMITH"},{"data":"Bash","floor":15,"key":"SMITH"},{"data":"Searing Blow","floor":24,"key":"SMITH"}],"circlet_count":0,"master_deck":["Strike_R","Strike_R","Strike_R","Strike_R","Strike_R","Defend_R","Defend_R","Defend_R","Defend_R","Bash+1","Shrug It Off","Pommel Strike+1","Body Slam","Armaments","Carnage+1","Armaments+1","Disarm","Searing Blow+1","Shrug It Off+1","Finesse","Pommel Strike","Flame Barrier","Infernal Blade","Flex+1"],"relics":["Burning Blood","NeowsBlessing","Lantern","Philosopher\u0027s Stone","Matryoshka"],"acts_visited":["Exordium","TheCity"],"potions_floor_usage":[18],"damage_taken":[{"damage":0,"enemies":"2 Louse","floor":1,"turns":1},{"damage":0,"enemies":"Cultist","floor":4,"turns":1},{"damage":0,"enemies":"Jaw Worm","floor":7,"turns":1},{"damage":12,"enemies":"3 Louse","floor":8,"turns":4},{"damage":5,"enemies":"Exordium Thugs","floor":11,"turns":3},{"damage":2,"enemies":"Blue Slaver","floor":14,"turns":2},{"damage":46,"enemies":"The Guardian","floor":16,"turns":15},{"damage":28,"enemies":"Spheric Guardian","floor":18,"turns":6},{"damage":0,"enemies":"Chosen","floor":19,"turns":4},{"damage":52,"enemies":"Shelled Parasite and Fungi","floor":25,"turns":5},{"damage":17,"enemies":"Snake Plant","floor":27,"turns":4},{"damage":10,"enemies":"Snecko","floor":28,"turns":3}],"seed_played":"-7854102476792124231","potions_obtained":[{"floor":2,"key":"LiquidMemories"},{"floor":2,"key":"Weak Potion"},{"floor":8,"key":"EntropicBrew"},{"floor":11,"key":"Explosive Potion"},{"floor":16,"key":"Explosive Potion"},{"floor":19,"key":"Weak Potion"}],"is_trial":false,"path_per_floor":["M","?","$","M","$","R","M","M","T","R","M","?","R","M","R","B",null,"M","M","$","?","$","?","R","M","T","M","M"],"character_chosen":"IRONCLAD","items_purchased":["Pommel Strike","Finesse","Pommel Strike","Flame Barrier","Fire Potion"],"campfire_rested":0,"item_purchase_floors":[3,20,20,20,20],"current_hp_per_floor":[80,80,80,80,80,80,80,74,74,74,75,75,75,79,79,39,80,58,64,64,64,64,64,64,18,18,7,0,0],"gold":67,"neow_bonus":"THREE_ENEMY_KILL","is_daily":false,"chose_seed":false,"campfire_upgraded":5,"win_rate":0.0,"timestamp":1611113935,"path_taken":["M","?","$","M","$","R","?","M","T","R","M","?","R","M","R","BOSS","M","M","$","?","?","?","R","M","T","M","M"],"items_purchased_type":["Card","Card","Card","Card","Potion"],"build_version":"2020-12-22","purchased_purges":0,"victory":false,"max_hp_per_floor":[80,80,80,80,80,80,80,80,80,80,80,80,80,80,80,80,80,80,80,80,80,80,80,80,80,80,80,80,80],"card_choices":[{"not_picked":["Warcry","Rage"],"picked":"Shrug It Off","floor":1},{"not_picked":["Twin Strike","Warcry"],"picked":"Body Slam","floor":4},{"not_picked":["Headbutt","Perfected Strike"],"picked":"Armaments","floor":7},{"not_picked":["Headbutt","Feed"],"picked":"Carnage","floor":8},{"not_picked":["Twin Strike","Perfected Strike"],"picked":"Armaments","floor":11},{"not_picked":["Anger","Thunderclap"],"picked":"Disarm","floor":14},{"not_picked":["Sword Boomerang","Rage"],"picked":"Searing Blow","floor":18},{"not_picked":["Dark Embrace","Power Through"],"picked":"Shrug It Off+1","floor":19},{"not_picked":["Rampage","Anger"],"picked":"Infernal Blade","floor":25},{"not_picked":["Entrench","Hemokinesis"],"picked":"Flex+1","floor":27}],"player_experience":107011,"relics_obtained":[{"floor":9,"key":"Lantern"},{"floor":26,"key":"Matryoshka"}],"event_choices":[{"damage_healed":0,"gold_gain":0,"player_choice":"Bought 2 Potions","damage_taken":0,"max_hp_gain":0,"max_hp_loss":0,"event_name":"The Woman in Blue","floor":2,"gold_loss":0},{"damage_healed":0,"gold_gain":0,"player_choice":"Ignored","damage_taken":0,"max_hp_gain":0,"max_hp_loss":0,"event_name":"Golden Idol","floor":12,"gold_loss":0},{"damage_healed":0,"gold_gain":0,"player_choice":"Ignored","damage_taken":0,"max_hp_gain":0,"max_hp_loss":0,"event_name":"Vampires","floor":21,"gold_loss":0}],"is_beta":false,"boss_relics":[{"not_picked":["Snecko Eye","Astrolabe"],"picked":"Philosopher\u0027s Stone"}],"items_purged_floors":[],"is_endless":false,"potions_floor_spawned":[8,11,16,19],"killed_by":"Snecko","ascension_level":0}}