{"host":"6gwm7y0tp7acoxay","time":1611148991,"event":{"mods":["BaseMod","Colored Map","Keyboard Shortcuts","Minty Spire (QoL Compilation)","Quick Restart","StSLib","SuperFastMode","everything is the same but u backflip on backflip"],"gold_per_floor":[109,109,34,54,68,100,100,115,115,134,167,193,204,231,231,308,358,373,385,27,27,27,60,92,92,92,126,126,157,157,167,167,241,241,260,575,316,114,125,159,194,225,225,241,276,286,306,336,336,336,336,336,336,115,148,148],"floor_reached":57,"language":"KOR","playtime":2353,"items_purged":["Twin Strike","Clothesline"],"score":3845,"play_id":"e320c09e-26ae-43b9-a05b-b4766230af7e","local_time":"20210120222311","daily_mods":["SealedDeck","Vintage","Heirloom","Flight"],"is_ascension_mode":true,"campfire_choices":[{"data":"Armaments","floor":7,"key":"SMITH"},{"data":"Demon Form","floor":15,"key":"SMITH"},{"floor":28,"key":"RECALL"},{"data":"Berserk","floor":30,"key":"SMITH"},{"data":"DevaForm","floor":32,"key":"SMITH"},{"data":"Echo Form","floor":49,"key":"SMITH"},{"data":"Evolve","floor":53,"key":"SMITH"}],"circlet_count":0,"master_deck":["Demon Form+1","Wraith Form v2","Echo Form+1","DevaForm+1","AscendersBane","Cleave","True Grit","Metallicize","Ghostly Armor","Power Through","Sword Boomerang+1","Armaments+1","Bloodletting+1","Second Wind","Barricade","Whirlwind+1","Berserk+1","Offering+1","Evolve+1","Uppercut+1","Rupture","Seeing Red+1"],"relics":["Burning Blood","Thread and Needle","Pocketwatch","Letter Opener","Orichalcum","Matryoshka","Oddly Smooth Stone","Pear","Potion Belt","Torii","Du-Vu Doll","Molten Egg 2","Kunai","Tiny House","Meat on the Bone","StoneCalendar","White Beast Statue","Eternal Feather","Red Skull","Mummified Hand","Dead Branch","PreservedInsect","Bag of Marbles","Mercury Hourglass","Black Star","Self Forming Clay","Old Coin","Anchor","MealTicket","Akabeko","Gambling Chip","Lizard Tail","Blood Vial","The Courier","Ice Cream","Ornamental Fan","Gremlin Horn","HornCleat","Dream Catcher","Happy Flower","CaptainsWheel","InkBottle","Juzu Bracelet","Sundial","War Paint"],"acts_visited":["Exordium","TheCity","TheBeyond","TheEnding"],"potions_floor_usage":[16,27,29,41,42,56,56,56,56],"damage_taken":[{"damage":0,"enemies":"Jaw Worm","floor":1,"turns":4},{"damage":8,"enemies":"Small Slimes","floor":4,"turns":3},{"damage":0,"enemies":"2 Louse","floor":5,"turns":2},{"damage":0,"enemies":"3 Sentries","floor":6,"turns":7},{"damage":6,"enemies":"Blue Slaver","floor":8,"turns":5},{"damage":8,"enemies":"Exordium Wildlife","floor":10,"turns":4},{"damage":0,"enemies":"Lagavulin","floor":11,"turns":6},{"damage":6,"enemies":"3 Sentries","floor":12,"turns":8},{"damage":0,"enemies":"2 Fungi Beasts","floor":13,"turns":2},{"damage":3,"enemies":"Lagavulin","floor":14,"turns":6},{"damage":3,"enemies":"Hexaghost","floor":16,"turns":6},{"damage":10,"enemies":"Shell Parasite","floor":18,"turns":5},{"damage":3,"enemies":"3 Byrds","floor":19,"turns":4},{"damage":7,"enemies":"Book of Stabbing","floor":23,"turns":6},{"damage":29,"enemies":"Gremlin Leader","floor":24,"turns":5},{"damage":0,"enemies":"Book of Stabbing","floor":27,"turns":4},{"damage":28,"enemies":"Slavers","floor":29,"turns":4},{"damage":0,"enemies":"Snecko","floor":31,"turns":4},{"damage":19,"enemies":"Collector","floor":33,"turns":6},{"damage":6,"enemies":"3 Shapes","floor":35,"turns":5},{"damage":10,"enemies":"3 Darklings","floor":36,"turns":3},{"damage":1,"enemies":"Sphere and 2 Shapes","floor":39,"turns":5},{"damage":15,"enemies":"Reptomancer","floor":40,"turns":4},{"damage":25,"enemies":"Nemesis","floor":41,"turns":7},{"damage":7,"enemies":"Reptomancer","floor":42,"turns":4},{"damage":6,"enemies":"Maw","floor":44,"turns":5},{"damage":6,"enemies":"Nemesis","floor":45,"turns":5},{"damage":6,"enemies":"3 Darklings","floor":46,"turns":2},{"damage":12,"enemies":"Jaw Worm Horde","floor":47,"turns":3},{"damage":1,"enemies":"Reptomancer","floor":48,"turns":3},{"damage":16,"enemies":"Time Eater","floor":50,"turns":6},{"damage":41,"enemies":"Awakened One","floor":51,"turns":6},{"damage":11,"enemies":"Shield and Spear","floor":55,"turns":4},{"damage":9,"enemies":"The Heart","floor":56,"turns":6}],"seed_played":"-2520168570685977709","potions_obtained":[{"floor":6,"key":"EssenceOfSteel"},{"floor":8,"key":"Regen Potion"},{"floor":13,"key":"FearPotion"},{"floor":14,"key":"AttackPotion"},{"floor":17,"key":"FairyPotion"},{"floor":24,"key":"DistilledChaos"},{"floor":27,"key":"Block Potion"},{"floor":29,"key":"SneckoOil"},{"floor":39,"key":"PowerPotion"},{"floor":41,"key":"Swift Potion"},{"floor":42,"key":"LiquidBronze"},{"floor":48,"key":"Ancient Potion"},{"floor":55,"key":"SpeedPotion"}],"is_trial":true,"path_per_floor":["M","?","?","M","M","E","R","M","T","M","E","E","M","E","R","B",null,"M","M","$","?","?","E","E","$","T","E","R","E","R","M","R","B",null,"M","M","$","$","M","E","E","E","T","M","E","M","M","E","R","B","B",null,"R","$","E","B",null],"character_chosen":"IRONCLAD","items_purchased":["White Beast Statue","Evolve","Uppercut+1","Rupture","Anchor","Sundial"],"campfire_rested":0,"item_purchase_floors":[20,37,37,38,38,54],"current_hp_per_floor":[74,74,74,72,75,75,75,75,85,83,85,85,85,85,85,85,90,86,89,89,89,89,88,65,65,65,71,80,58,67,73,82,69,85,85,81,81,81,86,77,70,71,71,73,75,77,73,80,90,80,59,82,90,90,85,84],"gold":148,"neow_bonus":"","is_daily":false,"chose_seed":false,"campfire_upgraded":6,"win_rate":0.0,"timestamp":1611148991,"path_taken":["M","?","?","M","M","E","R","M","T","M","E","E","M","E","R","BOSS","M","M","$","?","?","E","E","$","T","E","R","E","R","M","R","BOSS","M","M","$","$","M","E","E","E","T","M","E","M","M","E","R","BOSS","BOSS","R","$","E","BOSS"],"items_purchased_type":["Relic","Card","Card","Card","Relic","Relic"],"build_version":"2020-12-22","purchased_purges":2,"victory":true,"max_hp_per_floor":[75,75,75,75,75,75,75,75,85,85,85,85,85,85,85,85,90,90,90,90,90,90,90,90,90,90,90,90,90,90,90,90,90,90,90,90,90,90,90,90,90,90,90,90,90,90,90,90,90,90,90,90,90,90,90,90],"card_choices":[{"not_picked":["Carnage","Rampage"],"picked":"Bloodletting","floor":6},{"not_picked":["Hemokinesis","Warcry","Ghostly Armor"],"picked":"SKIP","floor":11},{"not_picked":["Carnage","Pommel Strike","Bloodletting"],"picked":"SKIP","floor":12},{"not_picked":["Shrug It Off","Twin Strike+1"],"picked":"Second Wind","floor":14},{"not_picked":["Corruption","Immolate+1"],"picked":"Barricade","floor":16},{"not_picked":["Iron Wave+1","Perfected Strike+1","Double Tap"],"picked":"SKIP","floor":23},{"not_picked":["Fire Breathing","Anger+1","Rage"],"picked":"SKIP","floor":24},{"not_picked":["Pummel+1","Sword Boomerang+1"],"picked":"Whirlwind+1","floor":27},{"not_picked":["True Grit","Havoc"],"picked":"Berserk","floor":29},{"not_picked":["Impervious","Immolate+1"],"picked":"Offering","floor":33},{"not_picked":["Blood for Blood+1","Armaments","Anger+1"],"picked":"SKIP","floor":40},{"not_picked":["Pummel+1","Infernal Blade+1","Bloodletting"],"picked":"SKIP","floor":41},{"not_picked":["Headbutt+1","Searing Blow+1","Cleave+1"],"picked":"SKIP","floor":42},{"not_picked":["Headbutt+1","Anger+1","Iron Wave+1"],"picked":"SKIP","floor":45},{"not_picked":["Havoc","Limit Break"],"picked":"Seeing Red+1","floor":48},{"not_picked":["Sever Soul+1","True Grit","Sword Boomerang+1"],"picked":"SKIP","floor":55}],"player_experience":4433678,"relics_obtained":[{"floor":1,"key":"Pocketwatch"},{"floor":4,"key":"Letter Opener"},{"floor":5,"key":"Orichalcum"},{"floor":6,"key":"Matryoshka"},{"floor":8,"key":"Oddly Smooth Stone"},{"floor":9,"key":"Pear"},{"floor":10,"key":"Potion Belt"},{"floor":11,"key":"Torii"},{"floor":12,"key":"Du-Vu Doll"},{"floor":13,"key":"Molten Egg 2"},{"floor":14,"key":"Kunai"},{"floor":18,"key":"Meat on the Bone"},{"floor":19,"key":"StoneCalendar"},{"floor":23,"key":"Eternal Feather"},{"floor":24,"key":"Red Skull"},{"floor":26,"key":"Mummified Hand"},{"floor":26,"key":"Dead Branch"},{"floor":27,"key":"PreservedInsect"},{"floor":29,"key":"Bag of Marbles"},{"floor":31,"key":"Mercury Hourglass"},{"floor":35,"key":"Self Forming Clay"},{"floor":36,"key":"Old Coin"},{"floor":39,"key":"MealTicket"},{"floor":40,"key":"Akabeko"},{"floor":40,"key":"Gambling Chip"},{"floor":41,"key":"Lizard Tail"},{"floor":41,"key":"Blood Vial"},{"floor":42,"key":"The Courier"},{"floor":42,"key":"Ice Cream"},{"floor":43,"key":"Ornamental Fan"},{"floor":44,"key":"Gremlin Horn"},{"floor":45,"key":"HornCleat"},{"floor":45,"key":"Dream Catcher"},{"floor":46,"key":"Happy Flower"},{"floor":47,"key":"CaptainsWheel"},{"floor":48,"key":"InkBottle"},{"floor":48,"key":"Juzu Bracelet"},{"floor":55,"key":"War Paint"}],"event_choices":[{"damage_healed":0,"gold_gain":0,"player_choice":"Ignored","damage_taken":0,"max_hp_gain":0,"max_hp_loss":0,"event_name":"Liars Game","floor":2,"gold_loss":0},{"cards_removed":["Cleave"],"damage_healed":0,"gold_gain":0,"player_choice":"Card Removal","damage_taken":0,"max_hp_gain":0,"max_hp_loss":0,"event_name":"The Cleric","floor":3,"gold_loss":75},{"damage_healed":0,"gold_gain":0,"player_choice":"Ignored","damage_taken":0,"max_hp_gain":0,"max_hp_loss":0,"event_name":"Ghosts","floor":21,"gold_loss":0},{"damage_healed":0,"gold_gain":0,"player_choice":"Ignored","damage_taken":0,"max_hp_gain":0,"max_hp_loss":0,"event_name":"Vampires","floor":22,"gold_loss":0}],"is_beta":false,"boss_relics":[{"not_picked":["Runic Pyramid","Cursed Key"],"picked":"Tiny House"},{"not_picked":["SacredBark","Busted Crown"],"picked":"Black Star"}],"items_purged_floors":[20,37],"is_endless":false,"potions_floor_spawned":[6,8,13,14,19,23,24,27,29,31,33,35,36,39,40,41,42,44,45,46,47,48,55],"ascension_level":20}}