{"host":"xkfvvb2eqyo6l3km","time":1611173051,"event":{"mods":["AchievementEnabler","AlwaysNeverKeys","BaseMod","Better Third Choice","BetterRewards","Block Reminder","Card Forge","Colored Map","Colored Powertips","DeckTracker","Energized Spire","Force Act Four","Hubris","Jorbs\u0027s Wanderer Trilogy","Minty Spire (QoL Compilation)","Permanent Neow","Quick Restart","Replay The Spire","Spicy Shops","StSLib","The Blackbeard","The Blue Laboratory","The Cursed","The Disciple","The Hierophant","The Sage","The Valiant","vexMod"],"gold_per_floor":[116,127,145,145,145,175,188,220,243,273,273,293,293,325,325,429,479,497,514,54,70,82,82,108,120,143,143,143],"floor_reached":27,"language":"ENG","playtime":1462,"items_purged":["Strike_G","Defend_G"],"score":410,"play_id":"78e3b36e-5f16-4ee4-88d5-98cf2667e04d","local_time":"20210120180411","is_ascension_mode":true,"campfire_choices":[{"floor":11,"key":"REST"},{"data":"Footwork","floor":15,"key":"SMITH"},{"floor":23,"key":"REST"}],"circlet_count":0,"master_deck":["Strike_G","Strike_G","Strike_G","Strike_G","Defend_G","Defend_G","Defend_G","Defend_G","Survivor","Neutralize+1","Slice","Flying Knee","Acrobatics","Footwork+1","Dash","Unload","Escape Plan","Backflip","Replay:Parry","Acrobatics","Tools of the Trade","Choke","Dagger Throw","Riddle With Holes","ReplayTheSpireMod:Scrap Shanks","Dodge and Roll","Finisher","Storm of Steel","Sucker Punch"],"relics":["Ring of the Snake","Hammer of Thor","Seething Fire","Anvil of the Gods","HandDrill","hubris:Towel","ReplayFunnel","Huge Egg","Winged Necklace","Tiny Chest","Replay:Mystery Machine","Mercury Hourglass","Tiny House","Turnip","Replay:Wax Seal","Vajra"],"acts_visited":["Exordium","TheCity"],"potions_floor_usage":[6,19,27],"damage_taken":[{"damage":1,"enemies":"Cultist","floor":1,"turns":4},{"damage":0,"enemies":"Small Slimes","floor":2,"turns":3},{"damage":0,"enemies":"Jaw Worm","floor":3,"turns":3},{"damage":31,"enemies":"Gremlin Nob","floor":6,"turns":6},{"damage":0,"enemies":"Blue Slaver","floor":7,"turns":5},{"damage":0,"enemies":"Replay:BlueRogue","floor":8,"turns":5},{"damage":9,"enemies":"3 Sentries","floor":10,"turns":8},{"damage":0,"enemies":"Large Slime","floor":12,"turns":6},{"damage":6,"enemies":"Gremlin Nob","floor":14,"turns":4},{"damage":32,"enemies":"Hexaghost","floor":16,"turns":15},{"damage":8,"enemies":"Spheric Guardian","floor":18,"turns":5},{"damage":13,"enemies":"2 Thieves","floor":19,"turns":4},{"damage":28,"enemies":"Cultist and Chosen","floor":21,"turns":7},{"damage":17,"enemies":"Centurion and Healer","floor":22,"turns":8},{"damage":16,"enemies":"Replay:Snechameleon","floor":24,"turns":7},{"damage":11,"enemies":"Snecko","floor":25,"turns":5},{"damage":4,"enemies":"3 Cultists","floor":27,"turns":3}],"seed_played":"-7005857552604681990","potions_obtained":[{"floor":2,"key":"blueLaboratory:LouseDecoction"},{"floor":6,"key":"BlessingOfTheForge"},{"floor":14,"key":"SteroidPotion"},{"floor":17,"key":"blueLaboratory:RememoryPotion"},{"floor":22,"key":"blueLaboratory:BubblePotion"}],"is_trial":false,"path_per_floor":["M","M","M","?","?","E","M","E","T","E","R","M","?","E","R","B",null,"M","M","$","M","M","R","E","M","T","M"],"character_chosen":"THE_SILENT","items_purchased":["HandDrill","Turnip","ReplayTheSpireMod:Scrap Shanks"],"campfire_rested":2,"item_purchase_floors":[0,20,20],"current_hp_per_floor":[62,62,62,62,59,28,28,28,28,19,40,40,40,34,34,2,75,67,54,54,26,9,31,15,4,4,0,0],"gold":143,"neow_bonus":"","is_daily":false,"chose_seed":false,"campfire_upgraded":1,"win_rate":0.0,"timestamp":1611173051,"path_taken":["M","M","M","?","?","E","M","E","T","E","R","M","?","E","R","BOSS","M","M","$","M","M","R","E","M","T","?"],"items_purchased_type":["Relic","Relic","Card"],"build_version":"2020-12-22","purchased_purges":2,"victory":false,"max_hp_per_floor":[70,70,70,70,70,70,70,70,70,70,70,70,70,70,70,70,75,75,75,75,75,75,75,75,75,75,75,75],"card_choices":[{"not_picked":["hubris:TrickCloak","Deadly Poison"],"picked":"Slice","floor":1},{"not_picked":["Flechettes","Bane"],"picked":"Flying Knee","floor":2},{"not_picked":["PiercingWail","hubris:Counter"],"picked":"Acrobatics","floor":3},{"not_picked":["Bane","Crippling Poison"],"picked":"Footwork","floor":6},{"not_picked":["Sneak Up","Acrobatics"],"picked":"Dash","floor":7},{"not_picked":["hubris:Counter","Dodge and Roll"],"picked":"Unload","floor":8},{"not_picked":["Catalyst","Predator"],"picked":"Escape Plan","floor":10},{"not_picked":["Deflect","Dodge and Roll"],"picked":"Backflip","floor":12},{"not_picked":["Endless Agony","Hidden Blade"],"picked":"Acrobatics","floor":14},{"not_picked":["Glass Knife","Poison Darts"],"picked":"Tools of the Trade","floor":16},{"not_picked":["Backflip","Poisoned Stab"],"picked":"Choke","floor":17},{"not_picked":["ReplayTheSpireMod:The Works","hubris:SlightOfHand"],"picked":"Dagger Throw","floor":18},{"not_picked":["hubris:SlightOfHand","Cloak And Dagger"],"picked":"Riddle With Holes","floor":19},{"not_picked":["Deadly Poison","Blade Dance"],"picked":"Dodge and Roll","floor":21},{"not_picked":["Bane+1","ReplayTheSpireMod:Tripwire"],"picked":"Finisher","floor":22},{"not_picked":["Bane","Flying Knee"],"picked":"Storm of Steel","floor":24},{"not_picked":["Bane","Poisoned Stab"],"picked":"Sucker Punch","floor":25}],"player_experience":265337,"relics_obtained":[{"floor":6,"key":"Huge Egg"},{"floor":8,"key":"Winged Necklace"},{"floor":9,"key":"Tiny Chest"},{"floor":10,"key":"Replay:Mystery Machine"},{"floor":14,"key":"Mercury Hourglass"},{"floor":24,"key":"Replay:Wax Seal"},{"floor":26,"key":"Vajra"}],"event_choices":[{"damage_healed":0,"gold_gain":0,"player_choice":"Relic ","damage_taken":3,"max_hp_gain":0,"max_hp_loss":0,"event_name":"betterThird:BetterScrap","floor":5,"gold_loss":0,"cards_obtained":["LessonLearned"]},{"damage_healed":0,"gold_gain":0,"player_choice":"1 cards matched","damage_taken":0,"max_hp_gain":0,"max_hp_loss":0,"event_name":"Match and Keep!","floor":13,"gold_loss":0,"cards_obtained":["Replay:Parry"]}],"is_beta":false,"boss_relics":[{"not_picked":["Kintsugi","hubris:RunicObelisk"],"picked":"Tiny House"}],"items_purged_floors":[0,20],"is_endless":false,"potions_floor_spawned":[2,6,14,22],"killed_by":"3 Cultists","ascension_level":1}}