{"host":"xjgju6xnzap4dxqe","time":1611121324,"event":{"mods":["2.2 Compatiblity","Aspiration","BaseMod","Block Reminder","Colored Map","DeckTracker","Disable Question Mark Monsters","Downfall","Energized Spire","Minty Spire (QoL Compilation)","Permanent Neow","Quick Restart","Spikes Relics","StS++","StSLib","Unceasing Turn Reminder","everything is the same but u backflip on backflip","slay the spire mod where everything is the same but ironclad has a cowboy hat"],"gold_per_floor":[99,99,0,13,13,13,38,68,84,104,104,118,35,35,50,148,148,48,67,67,67,67,60,60,60,60,60],"floor_reached":25,"language":"ENG","playtime":1349,"items_purged":[],"score":197,"play_id":"a9a34a0c-078a-4aa8-87b0-8ef4855a67d9","local_time":"20210119214204","is_ascension_mode":false,"campfire_choices":[{"data":"hexamod:SearingWound","floor":1,"key":"SMITH"},{"floor":11,"key":"REST"},{"data":"hexamod:ExtraCrispy","floor":18,"key":"SMITH"}],"circlet_count":0,"master_deck":["hexamod:Strike","hexamod:Strike+1","hexamod:Strike","hexamod:Strike","hexamod:Defend+1","hexamod:Defend","hexamod:Defend","hexamod:Defend","hexamod:Sear","hexamod:Float+1","hexamod:SearingWound+1","hexamod:PhantomFireball","hexamod:PhantomFireball","hexamod:SoulSteal+1","downfall:Malfunctioning","hexamod:Firestarter","hexamod:FastForward","hexamod:RadiantFlame","hexamod:SecondSeal","hexamod:HeatMetal","hexamod:Incineration","hexamod:ThirdSeal","hexamod:FourthSeal","hexamod:ExtraCrispy+1","hexamod:FlameSwitch","hexamod:Firestarter","hexamod:BurningTouch","hexamod:ThermalTransfer+1","hexamod:BacktrackSmack"],"relics":["hexamod:UnbrokenSoul","Happy Flower","Pantograph","downfall:HeartBlessingGreen","Nilry\u0027s Codex","Gremlin Horn"],"acts_visited":["Exordium","TheCity"],"potions_floor_usage":[16,16,16],"damage_taken":[{"damage":0,"enemies":"downfall:FleeingMerchant","floor":3,"turns":4},{"damage":1,"enemies":"Jaw Worm","floor":4,"turns":3},{"damage":15,"enemies":"Lagavulin","floor":8,"turns":6},{"damage":0,"enemies":"Cultist","floor":9,"turns":3},{"damage":0,"enemies":"Small Slimes","floor":10,"turns":3},{"damage":16,"enemies":"Exordium Wildlife","floor":12,"turns":3},{"damage":10,"enemies":"downfall:FleeingMerchant","floor":13,"turns":4},{"damage":3,"enemies":"Large Slime","floor":15,"turns":5},{"damage":11,"enemies":"IC_STATUS_ARCHETYPE","floor":16,"turns":5},{"damage":32,"enemies":"Shell Parasite","floor":19,"turns":4},{"damage":14,"enemies":"downfall:FleeingMerchant","floor":23,"turns":4},{"damage":11,"enemies":"downfall:FleeingMerchant","floor":25,"turns":2}],"seed_played":"-8230286135762442737","potions_obtained":[{"floor":4,"key":"champ:CounterPotion"},{"floor":8,"key":"Dexterity Potion"},{"floor":10,"key":"ColorlessPotion"},{"floor":15,"key":"Block Potion"},{"floor":19,"key":"SpeedPotion"}],"is_trial":false,"path_per_floor":["R","?","$","M","?","?","T","E","M","M","R","M","$","?","M","B",null,"R","M","?","?","?","$","T","$"],"character_chosen":"THE_SPIRIT","items_purchased":["hexamod:BurningTouch","hexamod:PhantomFireball","hexamod:Incineration"],"campfire_rested":1,"item_purchase_floors":[3,3,13],"current_hp_per_floor":[49,49,49,48,48,48,48,33,33,33,54,38,28,28,25,39,70,70,38,38,38,22,8,8,0,0,0],"gold":60,"neow_bonus":"THREE_RARE_CARDS","is_daily":false,"chose_seed":false,"campfire_upgraded":2,"win_rate":0.0,"timestamp":1611121324,"path_taken":["R","?","$","?","?","?","T","E","M","M","R","M","$","?","M","BOSS","R","M","?","?","?","?","T","$"],"items_purchased_type":["Card","Card","Card"],"build_version":"2020-12-22","purchased_purges":0,"victory":false,"max_hp_per_floor":[70,70,70,70,70,70,70,70,70,70,70,70,70,70,70,70,70,70,70,70,70,70,70,70,70,70,70],"card_choices":[{"not_picked":["hexamod:ParanormalForm","hexamod:HexaLevel"],"picked":"hexamod:SearingWound","floor":0},{"not_picked":["hexamod:Incineration","hexamod:RecurringNightmare"],"picked":"hexamod:PhantomFireball","floor":3},{"not_picked":["hexamod:HeatMetal","hexamod:Hexaguard"],"picked":"hexamod:SoulSteal","floor":4},{"not_picked":["hexamod:BacktrackSmack","hexamod:BurningTouch"],"picked":"hexamod:Firestarter","floor":8},{"not_picked":["hexamod:HauntingEcho","hexamod:SpectralAdrenaline"],"picked":"hexamod:FastForward","floor":9},{"not_picked":["hexamod:GhostflameBarrier","hexamod:EtherealExpedition"],"picked":"hexamod:RadiantFlame","floor":10},{"not_picked":["hexamod:NightmareStrike","hexamod:FifthSeal"],"picked":"hexamod:SecondSeal","floor":12},{"not_picked":["hexamod:FastForward","hexamod:BacktrackSmack"],"picked":"hexamod:HeatMetal","floor":13},{"not_picked":["hexamod:HauntingEcho","hexamod:SpectersWail"],"picked":"hexamod:ExtraCrispy","floor":15},{"not_picked":["hexamod:HexaLevel","hexamod:TurnItUp"],"picked":"hexamod:FlameSwitch","floor":16},{"not_picked":["hexamod:RecurringNightmare","hexamod:SoulSteal"],"picked":"hexamod:Firestarter","floor":19},{"not_picked":["hexamod:Rewind","hexamod:HeatMetal+1"],"picked":"hexamod:BurningTouch","floor":19},{"not_picked":["hexamod:HeatMetal","hexamod:FastForward+1"],"picked":"hexamod:ThermalTransfer+1","floor":23},{"not_picked":["hexamod:HauntingEcho","hexamod:AdvancingGuard"],"picked":"hexamod:BacktrackSmack","floor":23}],"player_experience":57049,"relics_obtained":[{"floor":7,"key":"Happy Flower"},{"floor":8,"key":"Pantograph"},{"floor":22,"key":"Nilry\u0027s Codex"},{"floor":24,"key":"Gremlin Horn"}],"event_choices":[],"is_beta":false,"boss_relics":[{"not_picked":["StSpp:Balance","SacredBark"],"picked":"hexamod:UnbrokenSoul"}],"items_purged_floors":[],"is_endless":false,"potions_floor_spawned":[4,8,10,12,19],"killed_by":"downfall:FleeingMerchant","ascension_level":0}}