{"host":"egwexuw5uvnxf11j","time":1611101609,"event":{"mods":["2.2 Compatiblity","Aspiration","BaseMod","Better Altar","Better Note","Better Sensory Stone","Better Third Choice","Displayed Cursed Tome","Downfall","Hermit","Key Reminder","Koishi","Marisa????????","Minty Spire (QoL Compilation)","Quick Restart","Shade Mod","Spicy Shops","StSLib","The Construct","The Cursed","The Hierophant","The Runesmith","The Senshi","The Servant 0.9.4","Transform Curses"],"gold_per_floor":[113,124,135,60,76,101,101,112,112,112,137,149,149,160,160,265,315,326,345,345,77,92,120,120,120,172,172,172,172,192,206,206,309,309,324,336,385,385,385],"floor_reached":38,"language":"ENG","playtime":16258,"items_purged":[],"score":490,"play_id":"ccb696b0-afa2-4375-8763-8d64d65c2761","local_time":"20210119191329","is_ascension_mode":true,"campfire_choices":[{"floor":7,"key":"REST"},{"floor":10,"key":"REST"},{"floor":13,"key":"REST"},{"floor":15,"key":"REST"},{"floor":25,"key":"REST"},{"floor":27,"key":"REST"},{"floor":29,"key":"REST"},{"floor":32,"key":"REST"}],"circlet_count":0,"master_deck":["Strike_S","Strike_S","Strike_S","Strike_S","Defend_S","Defend_S","Defend_S","Defend_S","KidneyShot+1","Exchange","Luminosity","Defy","Deadline","Moondial","DoubleEdge","Misdirection","Ricochet","Initiator","SurpressingFire","Desolation","FlawlessForm","Desolation","DancingSilver","SilverBlades+1","InstantArmor","MoonPhase","Contraction","LightFlow","Luminosity+1","BestPractice+1","FloweringNight+1","BottledTime","TrueSight+1","Rearm+1"],"relics":["Uniform","Bronze Scales","Anchor","keyreminder:keyreminder","RomanBracelet","Tiny House","Boot","Frozen Egg 2","Toy Ornithopter","Blood Vial","MysterySword","Ice Cream"],"acts_visited":["Exordium","TheCity","TheBeyond"],"potions_floor_usage":[11,16,16,16,23,30,35,37,37],"damage_taken":[{"damage":16,"enemies":"Jaw Worm","floor":1,"turns":3},{"damage":5,"enemies":"2 Louse","floor":2,"turns":2},{"damage":0,"enemies":"Small Slimes","floor":3,"turns":5},{"damage":4,"enemies":"Exordium Thugs","floor":5,"turns":5},{"damage":15,"enemies":"Lagavulin","floor":6,"turns":4},{"damage":14,"enemies":"Lots of Slimes","floor":8,"turns":3},{"damage":22,"enemies":"3 Sentries","floor":11,"turns":8},{"damage":14,"enemies":"Blue Slaver","floor":12,"turns":3},{"damage":0,"enemies":"3 Louse","floor":14,"turns":2},{"damage":13,"enemies":"The Guardian","floor":16,"turns":8},{"damage":13,"enemies":"3 Byrds","floor":18,"turns":5},{"damage":15,"enemies":"Chosen","floor":19,"turns":7},{"damage":0,"enemies":"Snecko","floor":22,"turns":5},{"damage":22,"enemies":"Book of Stabbing","floor":23,"turns":5},{"damage":30,"enemies":"Cultist and Chosen","floor":30,"turns":5},{"damage":4,"enemies":"Shelled Parasite and Fungi","floor":31,"turns":4},{"damage":29,"enemies":"Automaton","floor":33,"turns":10},{"damage":40,"enemies":"3 Darklings","floor":35,"turns":5},{"damage":0,"enemies":"Orb Walker","floor":36,"turns":3},{"damage":31,"enemies":"2 Orb Walkers","floor":37,"turns":5},{"damage":20,"enemies":"Writhing Mass","floor":38,"turns":2}],"seed_played":"-8229251780346961376","potions_obtained":[{"floor":1,"key":"Explosive Potion"},{"floor":3,"key":"bronze:BurnAndBuffPotion"},{"floor":5,"key":"FearPotion"},{"floor":12,"key":"Dexterity Potion"},{"floor":14,"key":"BlessingOfTheForge"},{"floor":17,"key":"LiquidMemories"},{"floor":18,"key":"sneckomod:MuddlingPotion"},{"floor":19,"key":"LiquidBronze"},{"floor":31,"key":"Ancient Potion"},{"floor":33,"key":"Fire Potion"},{"floor":36,"key":"Energy Potion"}],"is_trial":false,"path_per_floor":["M","M","M","$","M","E","R","M","T","R","E","M","R","M","R","B",null,"M","M","?","$","M","E","$","R","T","R","?","R","M","M","R","B",null,"M","M","?","M"],"character_chosen":"THE_SERVANT","items_purchased":["Moondial","InstantArmor","Boot","MoonPhase"],"campfire_rested":8,"item_purchase_floors":[4,21,21,21],"current_hp_per_floor":[49,44,44,44,40,25,44,30,30,49,27,13,32,32,51,38,70,57,42,42,42,42,20,20,41,41,62,44,65,40,38,59,32,70,35,37,18,0,0],"gold":385,"neow_bonus":"RANDOM_COMMON_RELIC","is_daily":false,"chose_seed":false,"campfire_upgraded":0,"win_rate":0.0,"timestamp":1611101609,"path_taken":["M","M","M","$","M","E","R","M","T","R","E","M","R","M","R","BOSS","M","M","?","$","M","E","$","R","T","R","?","R","M","M","R","BOSS","M","M","?","M"],"items_purchased_type":["Card","Card","Relic","Card"],"build_version":"2020-12-22","purchased_purges":0,"victory":false,"max_hp_per_floor":[65,65,65,65,65,65,65,65,65,65,65,65,65,65,65,65,70,70,70,70,70,70,70,70,70,70,70,70,70,70,70,70,70,70,70,70,70,70,70],"card_choices":[{"not_picked":["Manipulate","Replace"],"picked":"Luminosity","floor":1},{"not_picked":["Reset","Rearm"],"picked":"Defy","floor":2},{"not_picked":["WasteNot","BottledTime"],"picked":"Deadline","floor":3},{"not_picked":["Contraction","Revamp"],"picked":"DoubleEdge","floor":5},{"not_picked":["Moondial","Potential"],"picked":"Misdirection","floor":6},{"not_picked":["Deny","Shuttle"],"picked":"Ricochet","floor":8},{"not_picked":["DoubleEdge","Revamp"],"picked":"Initiator","floor":11},{"not_picked":["FanOfKnives","Revamp"],"picked":"SurpressingFire","floor":12},{"not_picked":["BottledTime","Foresight"],"picked":"Desolation","floor":14},{"not_picked":["MurderousAura","LightFlow"],"picked":"FlawlessForm","floor":16},{"not_picked":["Potential","DoubleEdge"],"picked":"Desolation","floor":17},{"not_picked":["Starlight","Luminosity"],"picked":"DancingSilver","floor":18},{"not_picked":["Ricochet","ShatteredReality"],"picked":"SilverBlades+1","floor":19},{"not_picked":["TimeWarp","Defy"],"picked":"Contraction","floor":22},{"not_picked":["Misdirection","Revamp+1"],"picked":"LightFlow","floor":23},{"not_picked":["ShatteredReality+1","Potential+1"],"picked":"Luminosity+1","floor":30},{"not_picked":["ShatteredReality","Rewind"],"picked":"BestPractice+1","floor":31},{"not_picked":["FlawlessForm+1","Initiator"],"picked":"FloweringNight+1","floor":33},{"not_picked":["Luminosity+1","ShatteredReality"],"picked":"BottledTime","floor":35},{"not_picked":["Defy","Ricochet"],"picked":"TrueSight+1","floor":36},{"not_picked":["Spin","Misdirection"],"picked":"Rearm+1","floor":37}],"player_experience":2262712,"relics_obtained":[{"floor":6,"key":"Anchor"},{"floor":11,"key":"RomanBracelet"},{"floor":23,"key":"Frozen Egg 2"},{"floor":26,"key":"Toy Ornithopter"},{"floor":37,"key":"Ice Cream"}],"event_choices":[{"damage_healed":0,"gold_gain":0,"player_choice":" Vial ","damage_taken":18,"relics_obtained":["Blood Vial"],"max_hp_gain":62,"max_hp_loss":44,"event_name":"betterAltar:BetterAltar","floor":28,"potions_obtained":[],"relics_lost":[],"gold_loss":0},{"damage_healed":0,"gold_gain":0,"player_choice":"Fight","damage_taken":0,"max_hp_gain":0,"max_hp_loss":0,"event_name":"Mysterious Sphere","floor":37,"gold_loss":0}],"is_beta":false,"boss_relics":[{"not_picked":["aspiration:DefectSkillbook","Snecko Eye"],"picked":"Tiny House"},{"not_picked":["aspiration:PoetsPen_weak","SlaversCollar"],"picked":"MysterySword"}],"items_purged_floors":[],"is_endless":false,"potions_floor_spawned":[1,3,5,12,14,18,19,31,33,36],"killed_by":"Writhing Mass","ascension_level":4}}