{"host":"8aoim7owc9xd4zca","time":1611126044,"event":{"mods":["AchievementEnabler","BaseMod","Colored Powertips","Highlight Path","Minty Spire (QoL Compilation)","Permanent Neow","Rare Cards Sparkle","Replay The Spire","StSLib","SuperFastMode","The Jungle"],"gold_per_floor":[18,93,103,119,133,168,168,198,198,198,198,225,16,50,50,151,151,162,219,219,219,229,75,85,112,112,125,194,209,51,67,96,17,17,119,119,139,139,159,14,14,14,42,42,67,87,103,65,65,75,75,75,75,75,5,5,5],"floor_reached":56,"language":"ENG","playtime":4600,"items_purged":["Strike_G"],"score":822,"play_id":"856e1edf-a817-4034-bfcc-be8111df2039","local_time":"20210119230044","is_ascension_mode":true,"campfire_choices":[{"floor":7.0,"key":"REST"},{"floor":11.0,"key":"REST"},{"floor":15.0,"key":"REST"},{"floor":26,"key":"REST"},{"floor":42,"key":"RECALL"},{"floor":44,"key":"REST"},{"floor":49,"key":"REST"},{"floor":51,"key":"REST"},{"data":"Catalyst","floor":54,"key":"SMITH"}],"circlet_count":0,"master_deck":["Strike_G","Strike_G","Strike_G","Defend_G","Defend_G","Survivor","Neutralize","Hidden Blade","Cloak And Dagger","Catalyst","Doppelganger","Deflect","Tactician","Deadly Poison","Crippling Poison","Quick Slash","Dramatic Entrance","Heel Hook","Toxin Wave","Envenom+1","Fluid Movement+1","Caltrops+1","Blade Dance","Noxious Fumes+1","Accuracy+1","Blade Dance","Catalyst+1","Infinite Blades+1","Replay:Bag of Tricks","Outmaneuver+1","Accuracy+1","Catalyst","PiercingWail+1","Blade Dance+1","Cloak And Dagger+1","Normality","Infinite Blades+1","Riddle With Holes","Poisoned Stab","Prepared+1","Toxin Wave+1","Accuracy+1","Catalyst","Infinite Blades+1"],"relics":["Ring of the Snake","Lizard Tail","Blue Candle","Happy Flower","Frozen Egg 2","Odd Mushroom","BargainBundle","Basket Of Snakes","WristBlade","ReplayTheSpireMod:TigerMarble","Strawberry","Matryoshka","Replay:Bottled Snecko","Astrolabe","ReplayTheSpireMod:Ring of Challenge","Ring of Chaos","Chemical X","Sundial","Blood Vial"],"acts_visited":["Exordium","Exordium","TheBeyond","TheEnding"],"potions_floor_usage":[25,27,29,31,31,35,39,39,43,43,52],"damage_taken":[{"damage":7.0,"enemies":"Small Slimes","floor":1.0,"turns":6.0},{"damage":0.0,"enemies":"Jaw Worm","floor":3.0,"turns":3.0},{"damage":0.0,"enemies":"2 Louse","floor":4.0,"turns":4.0},{"damage":3.0,"enemies":"Blue Slaver","floor":5.0,"turns":5.0},{"damage":25.0,"enemies":"3 Sentries","floor":6.0,"turns":11.0},{"damage":26.0,"enemies":"Gremlin Nob","floor":8.0,"turns":4.0},{"damage":12.0,"enemies":"The Mushroom Lair","floor":12.0,"turns":5.0},{"damage":0.0,"enemies":"Lagavulin","floor":14.0,"turns":5.0},{"damage":13.0,"enemies":"Hexaghost","floor":16.0,"turns":9.0},{"damage":10.0,"enemies":"Shell Parasite","floor":18.0,"turns":5.0},{"damage":17.0,"enemies":"theJungle:MUSHROOMGANG","floor":22.0,"turns":4.0},{"damage":27.0,"enemies":"theJungle:SlimyTreeVines","floor":24.0,"turns":5.0},{"damage":8,"enemies":"theJungle:MamaSnecko","floor":25,"turns":4},{"damage":20,"enemies":"theJungle:Lyon","floor":27,"turns":4},{"damage":14,"enemies":"theJungle:2_Snecko_Cultists","floor":29,"turns":4},{"damage":3,"enemies":"theJungle:Snecko_Cultist_And_Trap","floor":31,"turns":3},{"damage":5,"enemies":"theJungle:2_Phrogs","floor":32,"turns":5},{"damage":11,"enemies":"theJungle:FunGuy","floor":35,"turns":7},{"damage":6,"enemies":"3 Shapes","floor":37,"turns":2},{"damage":33,"enemies":"3 Darklings","floor":39,"turns":3},{"damage":33,"enemies":"Nemesis","floor":43,"turns":3},{"damage":9,"enemies":"Spire Growth","floor":46,"turns":3},{"damage":11,"enemies":"Sphere and 2 Shapes","floor":47,"turns":5},{"damage":12,"enemies":"Transient","floor":50,"turns":5},{"damage":113,"enemies":"Time Eater","floor":52,"turns":7},{"damage":83,"enemies":"Shield and Spear","floor":56,"turns":3}],"seed_played":"1655044524569695317","potions_obtained":[{"floor":3.0,"key":"Poison Potion"},{"floor":5.0,"key":"PowerPotion"},{"floor":8.0,"key":"Fire Potion"},{"floor":12.0,"key":"BlessingOfTheForge"},{"floor":14.0,"key":"FearPotion"},{"floor":16.0,"key":"Flashbang"},{"floor":19.0,"key":"FairyPotion"},{"floor":19.0,"key":"DuplicationPotion"},{"floor":25,"key":"Weak Potion"},{"floor":27,"key":"SkillPotion"},{"floor":29,"key":"SkillPotion"},{"floor":34,"key":"Block Potion"},{"floor":34,"key":"Fire Potion"},{"floor":35,"key":"PowerPotion"},{"floor":37,"key":"SteroidPotion"},{"floor":39,"key":"PowerPotion"},{"floor":50,"key":"Swift Potion"}],"is_trial":false,"path_per_floor":["M","?","M","M","M","E","R","E","T","?","R","?","$","E","R","B",null,"M","?","PTL","PTL","M","$","M","E","R","M","T","M","$","M","E","$","R","B",null,"M","?","M","$","?","R","E","R","T","M","M","$","R","M","R","B",null,"R","$","E"],"character_chosen":"THE_SILENT","items_purchased":["BargainBundle","Deadly Poison","Crippling Poison","Quick Slash","Dramatic Entrance","PowerPotion","GamblersBrew","Heel Hook","ReplayTheSpireMod:TigerMarble","Infinite Blades+1","Replay:Bag of Tricks","Catalyst","Chemical X","Accuracy+1","Infinite Blades+1"],"campfire_rested":7,"item_purchase_floors":[13,13,13,13,13,13,13,13,23,30,30,33,40,48,55],"current_hp_per_floor":[63,52,52,52,49,24,45,19,19,19,40,28,28,28,49,36,70,60,60,60,60,43,43,22,21,44,24,24,10,10,7,2,2,2,23,77,71,71,42,42,42,42,9,32,32,25,16,16,39,29,52,5,77,77,77,0,0],"gold":5,"neow_bonus":"ONE_RARE_RELIC","is_daily":false,"chose_seed":false,"campfire_upgraded":1,"win_rate":0.0,"timestamp":1611126044,"path_taken":["M","?","M","M","M","E","R","E","T","?","R","?","$","E","R","BOSS","M","?","PTL","PTL","M","?","?","E","R","M","T","?","$","?","E","$","R","BOSS","M","?","M","$","?","R","E","R","T","M","?","?","R","M","R","BOSS","R","$","E"],"items_purchased_type":["Relic","Card","Card","Card","Card","Potion","Potion","Card","Relic","Card","Card","Card","Relic","Card","Card"],"build_version":"2020-12-22","purchased_purges":1,"victory":false,"max_hp_per_floor":[70,70,70,70,70,70,70,70,70,70,70,70,70,70,70,70,70,70,70,70,70,70,70,70,77,77,77,77,77,77,77,77,77,77,77,77,77,77,77,77,77,77,77,77,77,77,77,77,77,77,77,77,77,77,77,77,77],"card_choices":[{"not_picked":["Blade Dance","Endless Agony"],"picked":"Hidden Blade","floor":1.0},{"not_picked":["Dagger Spray","Bane"],"picked":"Cloak And Dagger","floor":3.0},{"not_picked":["Dodge and Roll","Dagger Spray","Flying Knee"],"picked":"SKIP","floor":4.0},{"not_picked":["Toxin Wave","Well Laid Plans"],"picked":"Catalyst","floor":5.0},{"not_picked":["ReplayTheSpireMod:Speed Training","Dagger Spray","Blur"],"picked":"SKIP","floor":6.0},{"not_picked":["Hidden Blade","Outmaneuver"],"picked":"Doppelganger","floor":8.0},{"not_picked":["Masterful Stab","Skewer"],"picked":"Tactician","floor":12.0},{"not_picked":["Blade Dance","ReplayTheSpireMod:Shiv Toss"],"picked":"Toxin Wave","floor":14.0},{"not_picked":["After Image+1","A Thousand Cuts+1"],"picked":"Envenom+1","floor":16.0},{"not_picked":["Sucker Punch","Deflect"],"picked":"Fluid Movement+1","floor":18.0},{"not_picked":["Crippling Poison","ReplayTheSpireMod:Shiv Toss+1"],"picked":"Caltrops+1","floor":19.0},{"not_picked":["Sneak Up","Cloak And Dagger"],"picked":"Blade Dance","floor":22.0},{"not_picked":["Prepared+1","Flying Knee+1"],"picked":"Noxious Fumes+1","floor":24.0},{"not_picked":["Masterful Stab","Expertise+1"],"picked":"Accuracy+1","floor":25},{"not_picked":["Dodge and Roll+1","Concentrate"],"picked":"Blade Dance","floor":27},{"not_picked":["Flechettes","Acrobatics+1"],"picked":"Catalyst","floor":29},{"not_picked":["PiercingWail+1","Leg Sweep"],"picked":"Outmaneuver+1","floor":31},{"not_picked":["ReplayTheSpireMod:Shiv Toss","Reflex+1"],"picked":"Accuracy+1","floor":32},{"not_picked":["Slice+1","PiercingWail+1"],"picked":"Cloak And Dagger+1","floor":37},{"not_picked":["Quick Slash","Calculated Gamble+1"],"picked":"Infinite Blades+1","floor":39},{"not_picked":["Well Laid Plans+1","Quick Slash+1"],"picked":"Poisoned Stab","floor":43},{"not_picked":["Quick Slash+1","ReplayTheSpireMod:Necrosis"],"picked":"Prepared+1","floor":46},{"not_picked":["Poisoned Stab+1","PiercingWail"],"picked":"Toxin Wave+1","floor":47},{"not_picked":["Underhanded Strike","Reflex"],"picked":"Catalyst","floor":50}],"player_experience":272958,"relics_obtained":[{"floor":6.0,"key":"Blue Candle"},{"floor":8.0,"key":"Happy Flower"},{"floor":9.0,"key":"Frozen Egg 2"},{"floor":12.0,"key":"Odd Mushroom"},{"floor":14.0,"key":"Basket Of Snakes"},{"floor":25,"key":"Strawberry"},{"floor":28,"key":"Matryoshka"},{"floor":32,"key":"Replay:Bottled Snecko"},{"floor":38,"key":"ReplayTheSpireMod:Ring of Challenge"},{"floor":38,"key":"Ring of Chaos"},{"floor":43,"key":"Sundial"},{"floor":45,"key":"Blood Vial"}],"event_choices":[{"damage_healed":0.0,"max_hp_gain":0.0,"max_hp_loss":0.0,"gold_gain":75.0,"event_name":"World of Goop","player_choice":"Gather Gold","floor":2.0,"gold_loss":0.0,"damage_taken":11.0},{"damage_healed":0.0,"max_hp_gain":0.0,"max_hp_loss":0.0,"gold_gain":0.0,"cards_transformed":["Defend_G"],"event_name":"Living Wall","player_choice":"Change","floor":10.0,"gold_loss":0.0,"damage_taken":0.0,"cards_obtained":["Deflect"]},{"damage_healed":0.0,"max_hp_gain":0.0,"max_hp_loss":0.0,"gold_gain":0.0,"event_name":"Mushrooms","player_choice":"Fought Mushrooms","floor":12.0,"gold_loss":0.0,"damage_taken":0.0},{"damage_healed":0,"gold_gain":0,"cards_transformed":["ReplayTheSpireMod:Shiv Toss"],"player_choice":"Transformed","damage_taken":0,"max_hp_gain":0,"max_hp_loss":0,"event_name":"Transmorgrifier","floor":41,"gold_loss":0,"cards_obtained":["Riddle With Holes"]}],"is_beta":false,"boss_relics":[{"not_picked":["Fusion Hammer","Ring of Chaos"],"picked":"WristBlade"},{"not_picked":["Replay:Bronze Core","SacredBark"],"picked":"Astrolabe"}],"items_purged_floors":[13],"is_endless":false,"potions_floor_spawned":[3,5,8,12,14,16,25,27,29,35,37,39,50],"killed_by":"Shield and Spear","ascension_level":1}}