{"host":"9h1qbmp5h1ch7u4r","time":1611178511,"event":{"mods":["Act Like it!","BaseMod","Hallownest","Minty Spire (QoL Compilation)","StSLib","The Bug Knight"],"gold_per_floor":[113,129,129,139,169,169,169,200,200,212,251,263,5,5,5,108,108,120,120,120,120,131,160,220,249,275,303,315,330,330,330,330,431,431,451,467,467,484,498,498,514,547,573,605,605,634,649,682,682,682,682,682,92,92,92],"floor_reached":54,"language":"ENG","playtime":4377,"items_purged":["HollowMod:NailStrikeStart"],"score":983,"play_id":"44d8ad3e-841a-4a3c-8e1e-41d38e221a13","local_time":"20210120163511","is_ascension_mode":true,"campfire_choices":[{"data":"HollowMod:MothsMistake","floor":6.0,"key":"SMITH"},{"data":"HollowMod:MawleksShell","floor":10.0,"key":"SMITH"},{"data":"HollowMod:LuriensSpire","floor":12.0,"key":"SMITH"},{"data":"Apotheosis","floor":15.0,"key":"SMITH"},{"data":"HollowMod:VoidDash","floor":32.0,"key":"SMITH"},{"data":"HollowMod:CrystalDash","floor":40.0,"key":"SMITH"},{"data":"Hallownest:skillLeafShield","floor":45.0,"key":"SMITH"},{"floor":49,"key":"RECALL"},{"data":"HollowMod:CloakDash","floor":52,"key":"SMITH"}],"circlet_count":0,"master_deck":["HollowMod:FocusHealStart+1","HollowMod:PogoStrike+1","HollowMod:VoidDash+1","HollowMod:MothsMistake+1","HollowMod:MawleksShell+1","HollowMod:LuriensSpire+1","Hallownest:skillLeafShield","Hallownest:skillLeafShield","Hallownest:skillLeafShield","Hallownest:skillLeafShield","Hallownest:skillLeafShield+1","HollowMod:CrystalDash+1","HollowMod:NewGlowingWomb+1","Apotheosis+1","HollowMod:LordofShades+1","HollowMod:HuntersJournal+1","HollowMod:WraithStrike+1","HollowMod:CloakDash+1","HollowMod:VengefulVoid+1","HollowMod:SiblingsSouls+1","HollowMod:WhiteLadysBlessing+1","HollowMod:MonomonsArchive","HollowMod:BlackTendrils+1","HollowMod:CloakDash+1","HollowMod:LuriensSpire+1","Finesse"],"relics":["HollowMod:VesselMask","Dream Catcher","Pear","Gremlin Horn","Mummified Hand","MawBank","Frozen Egg 2","Coffee Dripper","Omamori","Strawberry","Juzu Bracelet","Blood Vial","Busted Crown","HollowMod:MillibellesNoteRelic","Bronze Scales","Regal Pillow","Eternal Feather","War Paint","Whetstone"],"acts_visited":["Exordium","Hallownest:Greenpath","Hallownest:CityofTears","TheEnding"],"potions_floor_usage":[54],"damage_taken":[{"damage":0.0,"enemies":"Hallownest:monsterHuskWarrior","floor":1.0,"turns":3.0},{"damage":0.0,"enemies":"2_ Uuma","floor":2.0,"turns":7.0},{"damage":2.0,"enemies":"Hallownest:2_Baldur","floor":4.0,"turns":5.0},{"damage":11.0,"enemies":"Hallownest:eliteVengeflyKing","floor":5.0,"turns":9.0},{"damage":15.0,"enemies":"Hallownest:eliteVengeflyKing","floor":8.0,"turns":8.0},{"damage":19.0,"enemies":"Hallownest:eliteCrystalGuardian","floor":11.0,"turns":6.0},{"damage":1.0,"enemies":"Hallownest:monsterMarmu","floor":14.0,"turns":7.0},{"damage":18.0,"enemies":"Hallownest:BossBrokenVessel","floor":16.0,"turns":12.0},{"damage":2.0,"enemies":"Hallownest:Guard_and_Sentry","floor":18.0,"turns":5.0},{"damage":23.0,"enemies":"Hallownest:2_Mistakes","floor":22.0,"turns":9.0},{"damage":10.0,"enemies":"Hallownest:eliteWatcherKnight","floor":23.0,"turns":9.0},{"damage":24.0,"enemies":"Hallownest:Glutton_and_Coward","floor":24.0,"turns":5.0},{"damage":5.0,"enemies":"Hallownest:eliteSoulWarrior","floor":25.0,"turns":8.0},{"damage":11.0,"enemies":"Hallownest:eliteWatcherKnight","floor":27.0,"turns":11.0},{"damage":0.0,"enemies":"Hallownest:Master_and_Novice","floor":28.0,"turns":4.0},{"damage":6.0,"enemies":"Hallownest:Warrior_and_Youth","floor":29.0,"turns":6.0},{"damage":11.0,"enemies":"Hallownest:BossSoulMaster","floor":33.0,"turns":9.0},{"damage":23.0,"enemies":"Hallownest:3_Siblings","floor":35.0,"turns":8.0},{"damage":2.0,"enemies":"Hallownest:Shield_Heavy","floor":36.0,"turns":5.0},{"damage":0.0,"enemies":"Hallownest:2_Wandering_and_1_Horned","floor":38.0,"turns":6.0},{"damage":4.0,"enemies":"Hallownest:Xero_Hu_Marmu","floor":39.0,"turns":6.0},{"damage":8.0,"enemies":"Hallownest:monsterPrimalAspid","floor":41.0,"turns":4.0},{"damage":0.0,"enemies":"Hallownest:eliteCollector","floor":42.0,"turns":6.0},{"damage":23.0,"enemies":"Hallownest:eliteHiveKnight","floor":44.0,"turns":7.0},{"damage":7.0,"enemies":"Hallownest:StalkingDevout","floor":46.0,"turns":7.0},{"damage":6.0,"enemies":"Hallownest:2_Wandering_and_1_Horned","floor":47.0,"turns":5.0},{"damage":1,"enemies":"Hallownest:eliteCollector","floor":48,"turns":6},{"damage":52,"enemies":"Hallownest:BossGreyPrinceZote","floor":50,"turns":7},{"damage":90,"enemies":"Shield and Spear","floor":54,"turns":3}],"seed_played":"4380281385256257453","potions_obtained":[{"floor":1.0,"key":"ColorlessPotion"},{"floor":2.0,"key":"Dexterity Potion"},{"floor":18.0,"key":"LiquidBronze"},{"floor":24.0,"key":"Dexterity Potion"},{"floor":29.0,"key":"Energy Potion"},{"floor":33.0,"key":"LiquidMemories"},{"floor":38.0,"key":"SteroidPotion"},{"floor":41.0,"key":"Dexterity Potion"},{"floor":47.0,"key":"LiquidBronze"}],"is_trial":false,"path_per_floor":["M","M","?","M","?","R","?","E","T","R","E","R","$","?","R","B",null,"M","?","$","?","M","E","M","E","T","E","M","M","?","?","R","B",null,"M","M","?","M","M","R","M","E","T","E","R","E","M","E","R","B",null,"R","$","E"],"character_chosen":"THE_BUGKNIGHT","items_purchased":["HollowMod:NewGlowingWomb+1","Apotheosis","HollowMod:LuriensSpire","War Paint","Explosive Potion","Whetstone","Finesse"],"campfire_rested":0,"item_purchase_floors":[13,13,53,53,53,53,53],"current_hp_per_floor":[68,68,50,58,47,47,47,32,32,32,19,19,19,28,28,20,78,78,78,78,78,62,64,50,62,62,63,75,83,83,83,83,80,85,68,74,74,85,85,85,83,85,85,83,83,85,79,85,85,55,85,85,85,0,0],"gold":92,"neow_bonus":"THREE_RARE_CARDS","is_daily":false,"chose_seed":false,"campfire_upgraded":8,"win_rate":0.0,"timestamp":1611178511,"path_taken":["M","M","?","M","?","R","?","E","T","R","E","R","$","?","R","BOSS","M","?","?","?","M","E","M","E","T","E","M","M","?","?","R","BOSS","M","M","?","M","M","R","M","E","T","E","R","E","M","E","R","BOSS","R","$","E"],"items_purchased_type":["Card","Card","Card","Relic","Potion","Relic","Card"],"build_version":"2020-12-22","purchased_purges":1,"victory":false,"max_hp_per_floor":[68,68,78,78,78,78,78,78,78,78,78,78,78,78,78,78,78,78,78,78,78,78,78,78,85,85,85,85,85,85,85,85,85,85,85,85,85,85,85,85,85,85,85,85,85,85,85,85,85,85,85,85,85,85,85],"card_choices":[{"not_picked":["HollowMod:RadiancesLament","HollowMod:Hiveblood"],"picked":"HollowMod:VoidDash","floor":0.0},{"not_picked":["HollowMod:InfectionAssault","HollowMod:ChannelNail","HollowMod:HeavyBlow"],"picked":"SKIP","floor":1.0},{"not_picked":["HollowMod:CornifersMapStart","HollowMod:QuirrelsAssistance"],"picked":"HollowMod:MothsMistake","floor":2.0},{"not_picked":["HollowMod:DoubleDash","HollowMod:GreatSlash"],"picked":"HollowMod:MawleksShell","floor":4.0},{"not_picked":["HollowMod:HowlingWraiths","HollowMod:HeavyBlow"],"picked":"HollowMod:LuriensSpire","floor":5.0},{"not_picked":["HollowMod:SharpenedShadows","HollowMod:InfectedAttack","HollowMod:RecoilStrike"],"picked":"SKIP","floor":8.0},{"not_picked":["HollowMod:VengefulVoid","HollowMod:GrimmsGift"],"picked":"HollowMod:CrystalDash","floor":11.0},{"not_picked":["HollowMod:NewInfectedGuardian","HollowMod:Weaversong+1"],"picked":"HollowMod:LordofShades+1","floor":16.0},{"not_picked":["HollowMod:GoodIntentions","HollowMod:HowlingWraiths"],"picked":"HollowMod:HuntersJournal","floor":18.0},{"not_picked":["HollowMod:MantisMark","HollowMod:AbyssShriek"],"picked":"HollowMod:WraithStrike+1","floor":22.0},{"not_picked":["HollowMod:CycloneSlash","HollowMod:SoulVessel+1"],"picked":"HollowMod:CloakDash+1","floor":23.0},{"not_picked":["HollowMod:MonarchWings","HollowMod:LuriensSpire","HollowMod:SoulSplash"],"picked":"SKIP","floor":24.0},{"not_picked":["HollowMod:FastStrike","HollowMod:SoulSplash","HollowMod:QuirrelsAssistance+1"],"picked":"SKIP","floor":25.0},{"not_picked":["HollowMod:Grubsong+1","HollowMod:GoodIntentions","HollowMod:SoulStrike"],"picked":"SKIP","floor":27.0},{"not_picked":["HollowMod:CycloneSlash+1","HollowMod:AbyssShriek"],"picked":"HollowMod:VengefulVoid+1","floor":28.0},{"not_picked":["HollowMod:ShapeofUnn+1","HollowMod:DescendingDark+1"],"picked":"HollowMod:SiblingsSouls+1","floor":29.0},{"not_picked":["HollowMod:SoulMaster+1","HollowMod:SlysStrikes+1"],"picked":"HollowMod:WhiteLadysBlessing+1","floor":33.0},{"not_picked":[],"picked":"HollowMod:MonomonsArchive","floor":35.0},{"not_picked":["HollowMod:Grubsong+1"],"picked":"SKIP","floor":36.0},{"not_picked":["HollowMod:SoulShaman+1"],"picked":"SKIP","floor":38.0},{"not_picked":["HollowMod:HowlingWraiths"],"picked":"SKIP","floor":39.0},{"not_picked":[],"picked":"HollowMod:BlackTendrils+1","floor":41.0},{"not_picked":["HollowMod:DescendingDark+1"],"picked":"SKIP","floor":42.0},{"not_picked":["HollowMod:ChannelNail+1"],"picked":"SKIP","floor":44.0},{"not_picked":[],"picked":"HollowMod:CloakDash","floor":46.0},{"not_picked":["HollowMod:NewLittleFool+1"],"picked":"SKIP","floor":47.0},{"not_picked":["HollowMod:DreamGate+1"],"picked":"SKIP","floor":48}],"player_experience":925084,"relics_obtained":[{"floor":5.0,"key":"Gremlin Horn"},{"floor":8.0,"key":"Mummified Hand"},{"floor":9.0,"key":"MawBank"},{"floor":11.0,"key":"Frozen Egg 2"},{"floor":23.0,"key":"Omamori"},{"floor":25.0,"key":"Strawberry"},{"floor":26.0,"key":"Juzu Bracelet"},{"floor":27.0,"key":"Blood Vial"},{"floor":42.0,"key":"HollowMod:MillibellesNoteRelic"},{"floor":44.0,"key":"Bronze Scales"},{"floor":46.0,"key":"Regal Pillow"},{"floor":48,"key":"Eternal Feather"}],"event_choices":[],"is_beta":false,"boss_relics":[{"not_picked":["Snecko Eye","Sozu"],"picked":"Coffee Dripper"},{"not_picked":["Runic Dome","Empty Cage"],"picked":"Busted Crown"}],"items_purged_floors":[53],"is_endless":false,"potions_floor_spawned":[1,2,14,18,24,29,33,38,41,42,47],"killed_by":"Shield and Spear","ascension_level":4}}