{"host":"mgwrmgf4x3air4cr","time":1611131048,"event":{"mods":["ATMod(阿瑾Mod)","AchievementEnabler","Act Like it!","BaseMod","Downfall","Friendly Minions","Gensokyo","HololiveMod","KinomotoSakuraMod(木之本樱)","Kiyohime（清姬）","Minty Spire (QoL Compilation)","MostiFishMod","RumiaBox-露米娅的神秘盒子","Shop Mod","StSLib","TestMod","The Servant 0.9.4","Waifu the Spire","WarShipGirlsR/战舰少女R mod","Yakumo Yukari mod","noobMod","【功能Mod】混沌之环修复补丁","【遗物卡牌】REMEMod","篝火指南"],"gold_per_floor":[111,286,298,313,326,361,425,441,441,441,453,296,323,0,0,95,95,105,105,121,133,146,181,29,29,29,29,64,64,77,109,109,214,214,231,231,247,247,259,286,306,323,323,340,340,370,420,420,158,158,158,9,9,43,43],"floor_reached":56,"language":"ZHS","playtime":3873,"items_purged":["KiyohimeMod:Strike","KiyohimeMod:Strike+1","KiyohimeMod:Defend+1"],"score":1711,"play_id":"56dffdaa-bf81-4b57-857e-20d4110970ed","local_time":"20210120162408","is_ascension_mode":false,"campfire_choices":[{"floor":15,"key":"RECALL"},{"data":"KiyohimeMod:Shapeshift","floor":29,"key":"SMITH"},{"data":"KiyohimeMod:FirstPremonition","floor":32,"key":"SMITH"},{"data":"MostiFishMod:EE1D","floor":45,"key":"SMITH"}],"circlet_count":0,"master_deck":["KiyohimeMod:Defend+1","KiyohimeMod:Defend+1","KiyohimeMod:Defend+1","KiyohimeMod:Track+1","KiyohimeMod:FlameKiss+1","KiyohimeMod:Shapeshift+1","Reboot+1","AT_FamilyPortrait+1","KiyohimeMod:HydraDagger+1","Doubt","KiyohimeMod:Preemptive+1","KiyohimeMod:EatSoul+1","KiyohimeMod:BlueBlackKey+1","KiyohimeMod:AVerseOfBurningLoveStory+1","KiyohimeMod:Preemptive+1","KiyohimeMod:RedBlackKey+1","KiyohimeMod:FirstPremonition+1","KiyohimeMod:Barrier+1","KiyohimeMod:Servant_TamamoNoMae+1","KiyohimeMod:RedBlackKey+1","Gensokyo:FourOfAKind+1","Gensokyo:FourOfAKind+1","Gensokyo:FourOfAKind+1","Gensokyo:FourOfAKind+1","KiyohimeMod:LimitedZeroOver+1","KiyohimeMod:SteelTraining+1","KiyohimeMod:Tenacious+1","KiyohimeMod:CommandCard_Quick+1","KiyohimeMod:Berserker+1","KiyohimeMod:ImaginaryNumberMagecraft+1","KiyohimeMod:PrismaCosmos+1","MostiFishMod:EE1D","MostiFishMod:EE1D+1","MostiFishMod:EE1D","KiyohimeMod:CommandCard_Buster+1","KiyohimeMod:CommandCard_Arts+1","Gensokyo:PrivateSquare+1","Pride","KiyohimeMod:FragmentsOf2030+1","KiyohimeMod:PrismaCosmos+1","KiyohimeMod:ImaginaryNumberMagecraft+1","KiyohimeMod:HotSpringOfTheMoon+1","REME_BuildACard+1","KiyohimeMod:ImaginaryNumberMagecraft+1","KiyohimeMod:HotSpringOfTheMoon+1"],"relics":["KiyohimeMod:FireDragon","testmod-TestBox","AT_ATBox","ice","DaveBox","REME_ComplimentaryCards","NeowsBlessing","BirthdayGift-Tetrahedron","testmod-BloodSacrificeSpiritualization","SynthV:TestCard","The Courier","Hololive_LightStick","MerchantsRug","AT_RedNoBalance","MostiFishMod:AdaptiveDefenses","MagicDraw1","Transparent","AT_EbonyIvory","BrkXgEgg","Gensokyo:MosesMiracle","AT_BellDemon","Singing Bowl","testmod-Hope","testmod-Justice","GodSword3","Kunai","testmod-ArcanaOfDestiny","Bottled Tornado","DianPoetry","REME_HandOfSuture","Medical Kit","AT_BellowingDragoncrestRing","testmod-Muramasa"],"acts_visited":["Exordium","Gensokyo:Gensokyoer","Gensokyo:Gensokyoest","TheEnding"],"potions_floor_usage":[6,7,18,41,44,47,50,50],"damage_taken":[{"damage":6,"enemies":"Small Slimes","floor":1,"turns":1},{"damage":6,"enemies":"Jaw Worm","floor":3,"turns":1},{"damage":6,"enemies":"2 Louse","floor":4,"turns":1},{"damage":6,"enemies":"2 Fungi Beasts","floor":5,"turns":1},{"damage":10,"enemies":"Lagavulin","floor":6,"turns":3},{"damage":8,"enemies":"3 Sentries","floor":7,"turns":2},{"damage":8,"enemies":"Looter","floor":8,"turns":2},{"damage":6,"enemies":"3 Louse","floor":11,"turns":1},{"damage":6,"enemies":"Gremlin Nob","floor":13,"turns":2},{"damage":6,"enemies":"Slime Boss","floor":16,"turns":2},{"damage":6,"enemies":"Gensokyo:3_Dogs","floor":18,"turns":1},{"damage":4,"enemies":"Gensokyo:Chomper","floor":20,"turns":1},{"damage":4,"enemies":"Gensokyo:Wraith","floor":21,"turns":2},{"damage":4,"enemies":"Gensokyo:Slime_Group","floor":22,"turns":1},{"damage":4,"enemies":"Gensokyo:Koishi","floor":23,"turns":2},{"damage":4,"enemies":"Gensokyo:Swordslinger","floor":30,"turns":1},{"damage":4,"enemies":"Gensokyo:Reisen","floor":31,"turns":1},{"damage":4,"enemies":"Gensokyo:Eiki","floor":33,"turns":1},{"damage":4,"enemies":"Gensokyo:3_Boulders","floor":35,"turns":2},{"damage":4,"enemies":"Gensokyo:3_Bats","floor":37,"turns":1},{"damage":6,"enemies":"Gensokyo:AtlasGolem","floor":39,"turns":2},{"damage":5,"enemies":"Gensokyo:Kasen","floor":40,"turns":2},{"damage":6,"enemies":"Gensokyo:SeedOfUnknown","floor":41,"turns":2},{"damage":6,"enemies":"Gensokyo:Dusk_and_Dawn","floor":42,"turns":2},{"damage":6,"enemies":"Gensokyo:3_Boulders","floor":44,"turns":1},{"damage":6,"enemies":"Gensokyo:Marisa","floor":46,"turns":1},{"damage":6,"enemies":"Gensokyo:4_Bats","floor":47,"turns":1},{"damage":10,"enemies":"Gensokyo:Scarlet_Devils","floor":50,"turns":2},{"damage":6,"enemies":"Shield and Spear","floor":54,"turns":1},{"damage":24,"enemies":"The Heart","floor":55,"turns":4}],"seed_played":"4041491808851423434","potions_obtained":[{"floor":1,"key":"DistilledChaos"},{"floor":4,"key":"testmod-TestPotion"},{"floor":5,"key":"bronze:BurnAndBuffPotion"},{"floor":16,"key":"FairyPotion"},{"floor":18,"key":"REME_GoldPotion"},{"floor":31,"key":"Energy Potion"},{"floor":37,"key":"bronze:BurnAndBuffPotion"},{"floor":39,"key":"DistilledChaos"},{"floor":40,"key":"Weak Potion"},{"floor":41,"key":"Fire Potion"},{"floor":46,"key":"REME_GoldPotion"},{"floor":47,"key":"Fire Potion"},{"floor":54,"key":"GamblersBrew"}],"is_trial":false,"path_per_floor":["M","?","M","M","M","E","?","M","T","?","M","R","E","$","R","B",null,"M","?","M","M","M","E","COS","?","T","?","$","R","M","E","R","B",null,"M","?","M","?","M","E","M","M","T","M","R","E","M","?","R","B",null,"R","$","E","B",null],"character_chosen":"Kiyohime","items_purchased":["MerchantsRug","MostiFishMod:AdaptiveDefenses","MagicDraw1","REME_BuildACard+1","REME_HandOfSuture","Medical Kit","KiyohimeMod:ImaginaryNumberMagecraft+1","AT_BellowingDragoncrestRing"],"campfire_rested":0,"item_purchase_floors":[12,14,14,49,49,49,49,52],"current_hp_per_floor":[54,54,48,42,36,26,18,10,10,30,24,24,18,18,18,24,60,60,42,42,42,42,42,42,42,42,42,42,42,42,42,42,42,42,49,49,49,49,51,61,63,63,63,63,63,63,65,39,39,65,65,65,65,65,65],"gold":43,"neow_bonus":"THREE_ENEMY_KILL","is_daily":false,"chose_seed":false,"campfire_upgraded":3,"win_rate":0.0,"timestamp":1611131048,"path_taken":["M","?","M","M","M","E","?","M","T","?","?","R","E","$","R","BOSS","M","?","M","M","M","E","COS","?","T","?","$","R","M","E","R","BOSS","M","?","M","?","M","E","M","M","T","M","R","E","M","?","R","BOSS","R","$","E","BOSS"],"items_purchased_type":["Relic","Relic","Relic","Card","Relic","Relic","Card","Relic"],"build_version":"2020-12-22","purchased_purges":3,"victory":true,"max_hp_per_floor":[60,60,60,60,60,60,60,60,60,60,60,60,60,60,60,60,60,60,42,42,42,42,42,42,42,42,42,42,42,42,42,42,42,42,49,49,49,49,51,61,63,63,63,63,63,63,65,65,65,65,65,65,65,65,65],"card_choices":[{"not_picked":["KiyohimeMod:Preemptive","KiyohimeMod:AndSoTheShipConquers"],"picked":"KiyohimeMod:HydraDagger","floor":1},{"not_picked":["KiyohimeMod:AndSoTheShipConquers","KiyohimeMod:HotSpringOfTheMoon","KiyohimeMod:WaterTurn","KiyohimeMod:DivineConstruct"],"picked":"KiyohimeMod:Preemptive","floor":3},{"not_picked":["KiyohimeMod:AndSoTheShipConquers","KiyohimeMod:FragmentsOf2030","KiyohimeMod:Tenacious","KiyohimeMod:RealityMarble"],"picked":"KiyohimeMod:EatSoul","floor":4},{"not_picked":["KiyohimeMod:BeElegant","KiyohimeMod:Berserker","KiyohimeMod:Preemptive","KiyohimeMod:LimitedZeroOver"],"picked":"KiyohimeMod:BlueBlackKey","floor":5},{"not_picked":["KiyohimeMod:WaterTurn","KiyohimeMod:BlueBlackKey","KiyohimeMod:AndSoTheShipConquers","KiyohimeMod:FacelessMoon"],"picked":"KiyohimeMod:AVerseOfBurningLoveStory","floor":6},{"not_picked":["KiyohimeMod:DragonVein","KiyohimeMod:GreenBlackKey","KiyohimeMod:SteelTraining","KiyohimeMod:Berserker"],"picked":"KiyohimeMod:Preemptive","floor":7},{"not_picked":["KiyohimeMod:AndSoTheShipConquers","KiyohimeMod:AgainstMagic","KiyohimeMod:SteelTraining","KiyohimeMod:JeweledSword"],"picked":"KiyohimeMod:RedBlackKey","floor":8},{"not_picked":["KiyohimeMod:LimitedZeroOver","KiyohimeMod:RedBlackKey","KiyohimeMod:Tenacious","KiyohimeMod:Projection"],"picked":"KiyohimeMod:FirstPremonition","floor":11},{"not_picked":["KiyohimeMod:WaterTurn","KiyohimeMod:ExSpicyMapoTofu","KiyohimeMod:RedBlackKey","KiyohimeMod:AndSoTheShipConquers"],"picked":"KiyohimeMod:Barrier","floor":13},{"not_picked":["KiyohimeMod:FragmentsOf2030","KiyohimeMod:JeweledSword","KiyohimeMod:Destruction","KiyohimeMod:AVerseOfBurningLoveStory"],"picked":"KiyohimeMod:Servant_TamamoNoMae","floor":16},{"not_picked":["KiyohimeMod:AndSoTheShipConquers+1","KiyohimeMod:FormalCraft","KiyohimeMod:SteelTraining","KiyohimeMod:Preemptive"],"picked":"KiyohimeMod:RedBlackKey+1","floor":18},{"not_picked":["KiyohimeMod:FormalCraft","KiyohimeMod:BeElegant","KiyohimeMod:RealityMarble","KiyohimeMod:Preemptive"],"picked":"KiyohimeMod:LimitedZeroOver+1","floor":20},{"not_picked":["KiyohimeMod:AndSoTheShipConquers","KiyohimeMod:WaterTurn","KiyohimeMod:RedBlackKey","KiyohimeMod:EatSoul"],"picked":"KiyohimeMod:SteelTraining+1","floor":21},{"not_picked":["KiyohimeMod:Projection+1","KiyohimeMod:HeroCreation","KiyohimeMod:Preemptive","KiyohimeMod:Berserker"],"picked":"KiyohimeMod:Tenacious","floor":22},{"not_picked":["KiyohimeMod:HeroCreation","KiyohimeMod:Berserker","KiyohimeMod:WaterTurn","KiyohimeMod:RedBlackKey"],"picked":"KiyohimeMod:CommandCard_Quick","floor":23},{"not_picked":["KiyohimeMod:BlueBlackKey","KiyohimeMod:WaterTurn","KiyohimeMod:GreenBlackKey","KiyohimeMod:Preemptive"],"picked":"KiyohimeMod:Berserker","floor":30},{"not_picked":["KiyohimeMod:EatSoul+1","KiyohimeMod:RedBlackKey","KiyohimeMod:RealityMarble+1","KiyohimeMod:WaterTurn"],"picked":"KiyohimeMod:ImaginaryNumberMagecraft+1","floor":31},{"not_picked":["KiyohimeMod:CastleOfTheSun+1","KiyohimeMod:HeroCreation+1","KiyohimeMod:ImaginaryNumberMagecraft+1","KiyohimeMod:Servant_TamamoNoMae+1"],"picked":"KiyohimeMod:PrismaCosmos+1","floor":33},{"not_picked":["KiyohimeMod:AndSoTheShipConquers+1","KiyohimeMod:BlueBlackKey","KiyohimeMod:CommandCard_Arts+1","KiyohimeMod:Preemptive"],"picked":"KiyohimeMod:CommandCard_Buster+1","floor":35},{"not_picked":["KiyohimeMod:AgainstMagic","KiyohimeMod:RedBlackKey+1","KiyohimeMod:CommandCard_Buster+1","KiyohimeMod:SteelTraining"],"picked":"KiyohimeMod:CommandCard_Arts+1","floor":37},{"not_picked":["KiyohimeMod:RedBlackKey","KiyohimeMod:BlueBlackKey","KiyohimeMod:SteelTraining","KiyohimeMod:WaterTurn+1","KiyohimeMod:GreenBlackKey+1"],"picked":"Singing Bowl","floor":39},{"not_picked":["KiyohimeMod:CelestialInvertedMoon","KiyohimeMod:CommandCard_Buster+1","KiyohimeMod:SteelTraining+1","KiyohimeMod:AndSoTheShipConquers"],"picked":"KiyohimeMod:FragmentsOf2030+1","floor":40},{"not_picked":["KiyohimeMod:EatSoul+1","KiyohimeMod:AndSoTheShipConquers","KiyohimeMod:Berserker","KiyohimeMod:Fragarach","KiyohimeMod:WaterTurn"],"picked":"Singing Bowl","floor":41},{"not_picked":["KiyohimeMod:BeElegant+1","KiyohimeMod:Preemptive","KiyohimeMod:WaterTurn","KiyohimeMod:HotSpringOfTheMoon+1"],"picked":"KiyohimeMod:PrismaCosmos+1","floor":42},{"not_picked":["KiyohimeMod:AndSoTheShipConquers+1","KiyohimeMod:EatSoul+1","KiyohimeMod:ImaginaryAround","KiyohimeMod:SteelTraining"],"picked":"KiyohimeMod:ImaginaryNumberMagecraft+1","floor":44},{"not_picked":["KiyohimeMod:CommandCard_Buster","KiyohimeMod:RedBlackKey","KiyohimeMod:WaterTurn+1","KiyohimeMod:Grimoire+1"],"picked":"KiyohimeMod:HotSpringOfTheMoon+1","floor":46},{"not_picked":["KiyohimeMod:CommandCard_Arts+1","KiyohimeMod:WaterTurn","KiyohimeMod:AndSoTheShipConquers+1","KiyohimeMod:RedBlackKey+1","KiyohimeMod:Fragarach+1"],"picked":"Singing Bowl","floor":47},{"not_picked":["KiyohimeMod:EatSoul+1","KiyohimeMod:WaterTurn+1","KiyohimeMod:RedBlackKey+1","KiyohimeMod:Destruction+1"],"picked":"KiyohimeMod:HotSpringOfTheMoon+1","floor":54}],"player_experience":98682,"relics_obtained":[{"floor":1,"key":"SynthV:TestCard"},{"floor":6,"key":"The Courier"},{"floor":7,"key":"hexamod:BolsterEngine"},{"floor":9,"key":"Hololive_LightStick"},{"floor":13,"key":"AT_SilverBalance"},{"floor":23,"key":"AT_EbonyIvory"},{"floor":31,"key":"AT_BellDemon"},{"floor":33,"key":"Singing Bowl"},{"floor":33,"key":"Gensokyo:MosesMiracle"},{"floor":35,"key":"Strawberry"},{"floor":37,"key":"testmod-Hope"},{"floor":39,"key":"testmod-Justice"},{"floor":40,"key":"GodSword3"},{"floor":40,"key":"Pear"},{"floor":41,"key":"Kunai"},{"floor":42,"key":"Smiling Mask"},{"floor":43,"key":"testmod-ArcanaOfDestiny"},{"floor":44,"key":"Bottled Tornado"},{"floor":46,"key":"Potion Belt"},{"floor":46,"key":"Bottled Flame"},{"floor":47,"key":"StrikeDummy"},{"floor":54,"key":"testmod-Muramasa"}],"event_choices":[{"damage_healed":0,"gold_gain":175,"player_choice":"AGREE","damage_taken":0,"max_hp_gain":0,"max_hp_loss":0,"event_name":"Liars Game","floor":2,"gold_loss":0,"cards_obtained":["Doubt"]},{"damage_healed":0,"gold_gain":0,"player_choice":"Searched \u00272\u0027 times","damage_taken":0,"max_hp_gain":0,"max_hp_loss":0,"event_name":"Dead Adventurer","floor":7,"gold_loss":0},{"damage_healed":20,"gold_gain":0,"player_choice":"Banana","damage_taken":0,"max_hp_gain":0,"max_hp_loss":0,"event_name":"Big Fish","floor":10,"gold_loss":0}],"is_beta":false,"boss_relics":[{"not_picked":["testmod-IncinerationGenerator","testmod-Temperance"],"picked":"Transparent"},{"not_picked":["REME_ChargedStone","testmod-Fanaticism"],"picked":"EE1DDrone"}],"items_purged_floors":[12,49,52],"is_endless":false,"potions_floor_spawned":[1,4,5,16,18,31,37,39,40,41,46,47,54],"ascension_level":0}}