{"host":"od1vj8rcw76m9syf","time":1611108610,"event":{"mods":["Arknights The Spire","BaseMod","Minty Spire (QoL Compilation)","StSLib"],"gold_per_floor":[113,133,148,148,148,148,177,177,177,32,89,105,133,152,152,251,251,269,281,292,307,307,307,340,340,340,351,450,450,450],"floor_reached":29,"language":"KOR","playtime":1909,"items_purged":[],"score":255,"play_id":"0b73a8b4-eed7-4a99-ad69-c364d65ec4c1","local_time":"20210120111010","is_ascension_mode":false,"campfire_choices":[{"data":"ats:Poison Spread","floor":6.0,"key":"SMITH"},{"data":"ats:Blood Oath","floor":8.0,"key":"SMITH"},{"floor":15.0,"key":"REST"},{"floor":23.0,"key":"REST"},{"floor":25.0,"key":"REST"}],"circlet_count":0,"master_deck":["ats:Strike C","ats:Strike G","ats:Strike S+1","ats:Strike V","ats:Armor Crushing Shot","ats:Defend","ats:Defend","ats:Defend","ats:Defend","ats:Emotion Absorption","ats:Dogmatic Field+1","ats:Charging Defense","ats:Defend Order+1","ats:Poison Spread+1","ats:Blood Oath+1","ats:Very Hot Blade","ats:Overload","ats:Steam Pump","ats:Thorns","ats:Directed Diagnosis","ats:Thermite Blade","ats:Assault Order","ats:Echo Reverb","ats:Curse Doll","ats:Hook Shot+1","ats:Assault Order+1","ats:Flexible Camouflage+1","Necronomicurse","ats:Neurotoxin","ats:Charging Defense","ats:Encircling Forest+1","ats:Revitalization+1"],"relics":["ats:Sanity Plus","ats:Originium","Strawberry","Mercury Hourglass","Dream Catcher","Akabeko","Necronomicon","Kunai","Bronze Scales"],"acts_visited":["Exordium","TheCity"],"potions_floor_usage":[29],"damage_taken":[{"damage":7.0,"enemies":"Jaw Worm","floor":1.0,"turns":5.0},{"damage":0.0,"enemies":"2 Louse","floor":2.0,"turns":3.0},{"damage":0.0,"enemies":"Cultist","floor":3.0,"turns":5.0},{"damage":16.0,"enemies":"Lagavulin","floor":7.0,"turns":7.0},{"damage":30.0,"enemies":"Lagavulin Event","floor":11.0,"turns":5.0},{"damage":7.0,"enemies":"Blue Slaver","floor":12.0,"turns":3.0},{"damage":12.0,"enemies":"3 Sentries","floor":13.0,"turns":7.0},{"damage":3.0,"enemies":"2 Fungi Beasts","floor":14.0,"turns":2.0},{"damage":69.0,"enemies":"Hexaghost","floor":16.0,"turns":10.0},{"damage":5.0,"enemies":"Spheric Guardian","floor":18.0,"turns":3.0},{"damage":14.0,"enemies":"Shell Parasite","floor":19.0,"turns":5.0},{"damage":20.0,"enemies":"Centurion and Healer","floor":20.0,"turns":6.0},{"damage":8.0,"enemies":"Snecko","floor":21.0,"turns":5.0},{"damage":53.0,"enemies":"Slavers","floor":24.0,"turns":5.0},{"damage":20.0,"enemies":"Snake Plant","floor":27.0,"turns":4.0},{"damage":35,"enemies":"Centurion and Healer","floor":29,"turns":5}],"seed_played":"-2535237966308996966","potions_obtained":[{"floor":1.0,"key":"Weak Potion"},{"floor":2.0,"key":"BlessingOfTheForge"},{"floor":12.0,"key":"Fire Potion"},{"floor":14.0,"key":"Fire Potion"},{"floor":18.0,"key":"Swift Potion"},{"floor":21.0,"key":"LiquidMemories"},{"floor":27.0,"key":"SteroidPotion"}],"is_trial":false,"path_per_floor":["M","M","M","?","?","R","E","R","T","$","?","M","E","M","R","B",null,"M","M","M","M","?","R","E","R","T","M","?","M"],"character_chosen":"DOCTOR_CLASS","items_purchased":["ats:Very Hot Blade","ats:Overload"],"campfire_rested":3,"item_purchase_floors":[10,10],"current_hp_per_floor":[65,65,65,65,51,51,42,42,42,42,17,15,16,13,36,9,79,74,65,50,46,30,53,2,25,25,12,12,0,0],"gold":450,"neow_bonus":"ONE_RANDOM_RARE_CARD","is_daily":false,"chose_seed":false,"campfire_upgraded":2,"win_rate":0.0,"timestamp":1611108610,"path_taken":["M","M","M","?","?","R","E","R","T","?","?","M","E","M","R","BOSS","M","M","M","M","?","R","E","R","T","M","?","M"],"items_purchased_type":["Card","Card"],"build_version":"2020-12-22","purchased_purges":0,"victory":false,"max_hp_per_floor":[72,72,72,72,72,72,79,79,79,79,79,79,79,79,79,79,79,79,79,79,79,79,79,79,79,79,79,79,79,79],"card_choices":[{"not_picked":["ats:Collapsing Strike","ats:Childhood Dance"],"picked":"ats:Charging Defense","floor":1.0},{"not_picked":["ats:Assault Order","ats:Cat Scratch"],"picked":"ats:Defend Order","floor":2.0},{"not_picked":["ats:Red Shift","ats:Shell Defense"],"picked":"ats:Poison Spread","floor":3.0},{"not_picked":["ats:Echo Reverb","ats:Flexible Camouflage"],"picked":"ats:Blood Oath","floor":7.0},{"not_picked":["ats:Shell Defense","ats:Counter Healing Mode"],"picked":"ats:Steam Pump","floor":11.0},{"not_picked":["ats:Leaping Hammer","ats:Shadow Raid"],"picked":"ats:Thorns","floor":12.0},{"not_picked":["ats:Beaten Up","ats:Cat Scratch"],"picked":"ats:Directed Diagnosis","floor":13.0},{"not_picked":["ats:Explosion Area Strengthen","ats:Poison Spread"],"picked":"ats:Thermite Blade","floor":14.0},{"not_picked":["ats:Magnetic Hammer","ats:Directed Diagnosis"],"picked":"ats:Assault Order","floor":15.0},{"not_picked":["ats:Disruption Kick","ats:Fractured Body"],"picked":"ats:Echo Reverb","floor":16.0},{"not_picked":["ats:Powerful Strike","ats:Explosion Area Strengthen"],"picked":"ats:Curse Doll","floor":18.0},{"not_picked":["ats:Curse Doll","ats:Healing Drone"],"picked":"ats:Hook Shot+1","floor":19.0},{"not_picked":["ats:Consecutive Shot Auto+1","ats:Flexible Camouflage"],"picked":"ats:Assault Order+1","floor":20.0},{"not_picked":["ats:Consecutive Shot Auto","ats:Shell Defense"],"picked":"ats:Flexible Camouflage+1","floor":21.0},{"not_picked":["ats:Apocalypse","ats:Consecutive Shot Auto+1"],"picked":"ats:Neurotoxin","floor":23.0},{"not_picked":["ats:Flexible Camouflage+1","ats:Guardian Obelisk"],"picked":"ats:Charging Defense","floor":24.0},{"not_picked":["ats:Steam Pump+1","ats:Consecutive Shot Auto"],"picked":"ats:Encircling Forest+1","floor":25.0},{"not_picked":["ats:Explosion Area Strengthen+1","ats:Sword Rain"],"picked":"ats:Revitalization+1","floor":27.0}],"player_experience":619787,"relics_obtained":[{"floor":7.0,"key":"ats:Originium"},{"floor":7.0,"key":"Strawberry"},{"floor":9.0,"key":"Mercury Hourglass"},{"floor":13.0,"key":"Akabeko"},{"floor":13.0,"key":"ats:Originium"},{"floor":22.0,"key":"Necronomicon"},{"floor":24.0,"key":"ats:Originium"},{"floor":24.0,"key":"Kunai"},{"floor":26.0,"key":"Bronze Scales"}],"event_choices":[{"damage_healed":0.0,"max_hp_gain":0.0,"max_hp_loss":0.0,"gold_gain":0.0,"event_name":"Living Wall","player_choice":"Grow","floor":4.0,"gold_loss":0.0,"damage_taken":0.0,"cards_upgraded":["ats:Dogmatic Field"]},{"damage_healed":0.0,"max_hp_gain":0.0,"max_hp_loss":0.0,"gold_gain":0.0,"event_name":"Shining Light","player_choice":"Entered Light","floor":5.0,"gold_loss":0.0,"damage_taken":14.0,"cards_upgraded":["ats:Strike S","ats:Defend Order"]},{"damage_healed":0.0,"max_hp_gain":0.0,"max_hp_loss":0.0,"gold_gain":0.0,"event_name":"Dead Adventurer","player_choice":"Searched \u00272\u0027 times","floor":11.0,"gold_loss":0.0,"damage_taken":0.0,"relics_obtained":["Dream Catcher"]},{"damage_healed":0.0,"max_hp_gain":0.0,"max_hp_loss":0.0,"gold_gain":0.0,"event_name":"Cursed Tome","player_choice":"Obtained Book","floor":22.0,"gold_loss":0.0,"damage_taken":16.0},{"damage_healed":0.0,"max_hp_gain":0.0,"max_hp_loss":0.0,"gold_gain":99.0,"event_name":"Nest","player_choice":"Stole From Cult","floor":28.0,"gold_loss":0.0,"damage_taken":0.0}],"is_beta":false,"boss_relics":[{"not_picked":["SacredBark","Pandora\u0027s Box"],"picked":"ats:Sanity Plus"}],"items_purged_floors":[],"is_endless":false,"potions_floor_spawned":[1,2,12,14,18,21,27],"killed_by":"Centurion and Healer","ascension_level":0}}