{"host":"4zd9qxtdu4r42b0n","time":1611178265,"event":{"mods":["100% Spire Juice","Act Like it!","BaseMod","Beaked The Cultist","Better Third Choice","BetterRewards","ChefMod","Colored Map","Dota2Spire","Elementarium","Hermit","Hubris","Infinite Spire","Jorbs\u0027s Wanderer Trilogy","Koishi","Marisa????????","Menagerie","Minty Spire (QoL Compilation)","Potionbrewer","Rare Cards Sparkle","Relic Stats","Replay The Spire","Robot Space Explorer","Shade Mod","Spicy Shops","StSLib","The Animator","The Caster","The Clintock","The Construct","The Cursed","The Dragon Tamer","The Fake Hero","The Gatherer","The Hayseed","The Jungle","The Marked","The Mystic","The Necromancer","The Runesmith","The Servant 0.9.4","The Spell Scribe","TheFirefly","Wandering Minibosses","thorton","??????REMEMod"],"gold_per_floor":[113,113,113,130,148,180,180,197,222,222,233,264,274,301,301,405,405,418,432,177,177,194,223,237,44,44,79,89,107,107,107,107,204,204,224,224,243,130,142,177,197,197,197,405,425,425,465,489,489,489,489,489,34,72,73,73],"floor_reached":55,"language":"ENG","playtime":3831,"items_purged":["thethorton:Rebalance","theMarked:Defend","hubris:Lust"],"score":966,"play_id":"e9a82823-9198-46cb-b4fb-659be04f3a38","local_time":"20210120163105","is_ascension_mode":false,"campfire_choices":[{"floor":7.0,"key":"REST"},{"floor":15.0,"key":"REST"},{"floor":32.0,"key":"RECALL"},{"floor":42,"key":"REST"},{"data":"theMarked:HeritageOfTheMarked","floor":46,"key":"SMITH"},{"floor":49,"key":"DIG"},{"floor":52,"key":"DIG"}],"circlet_count":0,"master_deck":["theMarked:Strike","theMarked:Strike","theMarked:Strike","theMarked:Strike","theMarked:Defend","theMarked:Defend","theMarked:Defend","theMarked:SoldierOfQuellstein","theMarked:ContemptForTheProud","theMarked:ContemptForTheProud","theMarked:Seal","theMarked:Aftermath","Menagerie:BeastSpirit","theMarked:WardOff","theMarked:HeritageOfTheMarked+1","theMarked:HeightenedSenses","theMarked:WardOff","Doubt","Menagerie:Staggershock","Menagerie:SteelWall","Menagerie:MirarisWake","theMarked:BanishingStrike","theMarked:StartUp","theMarked:EmpowerWeapon","theMarked:UnarmedFury","theMarked:Panic","theMarked:BanishingStrike+1","theMarked:Abjuration","ReplayUltimateDefense","theMarked:StartUp","theMarked:Strike","theMarked:Generate","theMarked:Improvise+1","theMarked:SelfDefenseTraining+1","REME_PuzzleBox","theMarked:WardOff","theMarked:Improvise","REME_ProfessionalPlagiarism","Master of Strategy","theMarked:UnarmedFury","theMarked:WardOff","theMarked:BanishingStrike+1","theMarked:AttractMetal+1","hubris:Greed","ReplayTheSpireMod:Splinters","theMarked:HeritageOfTheMarked+1","theMarked:ComboAttacks+1","theMarked:GodGivenPower+1","theMarked:HeritageOfTheMarked+1","theMarked:ComboAttacks+1","theMarked:MaelstromOfLightning","theMarked:DeterminationOfTheMarked+1"],"relics":["theMarked:ArtifactOfAir","REME_ComplimentaryCards","Membership Card","Ornamental Fan","Blue Doll","hubris:Icosahedron","Strawberry","Dota2Spire:ArcaneBoots","Art of War","Dota2Spire:RefresherOrb","REME_PuzzleBoxRelic","hubris:Towel","infinitespire:CheckeredPen","Lee\u0027s Waffle","Dota2Spire:MaskOfMadness","Pantograph","The Courier","Elementarium:ElementariumTrophy","Black Star","Dota2Spire:AssaultCuirass","ReplayTheSpireMod:CursedCoin","theMarked:DemonDagger","Dota2Spire:AghanimScepter","Frozen Egg 2","Runesmith:Nanobots","Lantern","Shovel","theMarked:NailFile","Replay:Kaleidoscope","thethorton:BankDeed","infinitespire:Satchel","ReplayTheSpireMod:TigerMarble","Dota2Spire:BattleFury","Dota2Spire:Vanguard","hubris:SlimyHat","Oddly Smooth Stone","StoneCalendar"],"acts_visited":["Menagerie:Menagerie","Elementarium:Elementarium","TheBeyond","TheEnding"],"potions_floor_usage":[33,39,47,50,50,55,55,55],"damage_taken":[{"damage":4.0,"enemies":"Menagerie:2_RABBITS","floor":1.0,"turns":3.0},{"damage":0.0,"enemies":"Menagerie:WhisperingWraith","floor":4.0,"turns":3.0},{"damage":0.0,"enemies":"Menagerie:StygianBoar","floor":5.0,"turns":3.0},{"damage":22.0,"enemies":"Menagerie:Hydra","floor":6.0,"turns":4.0},{"damage":0.0,"enemies":"Menagerie:BEAST_MAGE_AND_PROWLING_AMALGAM","floor":8.0,"turns":6.0},{"damage":0.0,"enemies":"Menagerie:MENAGERIE_WILDLIFE","floor":11.0,"turns":3.0},{"damage":11.0,"enemies":"Menagerie:MaskedSummoner","floor":12.0,"turns":6.0},{"damage":1.0,"enemies":"Menagerie:KEEPER_AND_YOUNG_SUNEATER","floor":13.0,"turns":4.0},{"damage":3.0,"enemies":"Menagerie:Hydra","floor":14.0,"turns":5.0},{"damage":34.0,"enemies":"Menagerie:AVATARS","floor":16.0,"turns":5.0},{"damage":7.0,"enemies":"Elementarium:VoidCorruption","floor":18.0,"turns":4.0},{"damage":1.0,"enemies":"Elementarium:2_ELEMENTALS","floor":19.0,"turns":4.0},{"damage":11.0,"enemies":"Elementarium:RubyGolem","floor":22.0,"turns":3.0},{"damage":1.0,"enemies":"Elementarium:FIRE_NOBILITY","floor":23.0,"turns":5.0},{"damage":7.0,"enemies":"Elementarium:3_ELEMENTALS","floor":24.0,"turns":4.0},{"damage":11.0,"enemies":"Elementarium:WarGolem","floor":27.0,"turns":3.0},{"damage":0.0,"enemies":"Elementarium:STONE_GOLEMS","floor":28.0,"turns":2.0},{"damage":10.0,"enemies":"Elementarium:Hydrostalker","floor":29.0,"turns":3.0},{"damage":25,"enemies":"Elementarium:PHOENIXES","floor":33,"turns":10},{"damage":39,"enemies":"3 Shapes","floor":35,"turns":2},{"damage":0,"enemies":"Orb Walker","floor":37,"turns":2},{"damage":5,"enemies":"Transient","floor":39,"turns":5},{"damage":0,"enemies":"Giant Head","floor":40,"turns":3},{"damage":0,"enemies":"3 Darklings","floor":41,"turns":2},{"damage":0,"enemies":"Sphere and 2 Shapes","floor":45,"turns":2},{"damage":6,"enemies":"Reptomancer","floor":47,"turns":3},{"damage":0,"enemies":"Spire Growth","floor":48,"turns":3},{"damage":37,"enemies":"Time Eater","floor":50,"turns":8},{"damage":1,"enemies":"Shield and Spear","floor":54,"turns":4},{"damage":84,"enemies":"The Heart","floor":55,"turns":5}],"seed_played":"1010016236939124587","potions_obtained":[{"floor":5.0,"key":"Strength Potion"},{"floor":8.0,"key":"Swift Potion"},{"floor":12.0,"key":"CultistPotion"},{"floor":16.0,"key":"potionbrewer:BarricadePotion"},{"floor":18.0,"key":"Energy Potion"},{"floor":35,"key":"potionbrewer:DiscountPotion"},{"floor":37,"key":"potionbrewer:EndurancePotion"},{"floor":41,"key":"Explosive Potion"},{"floor":47,"key":"AttackPotion"},{"floor":54,"key":"Dota2Spire:Clarity"}],"is_trial":false,"path_per_floor":["M","?","?","M","M","E","R","M","T","?","M","E","M","E","R","B",null,"M","M","$","?","M","E","M","$","T","E","M","M","?","?","R","B",null,"M","AVR","M","$","M","E","M","R","T","?","M","R","E","M","R","B",null,"R","$","E","B"],"character_chosen":"THE_DEFAULT","items_purchased":["theMarked:ContemptForTheProud","theMarked:Seal","Membership Card","Ornamental Fan","theMarked:ElectricStrings","Blue Doll","theMarked:Abjuration","REME_PuzzleBoxRelic","ReplayUltimateDefense","REME_PuzzleBox","Lee\u0027s Waffle","Dota2Spire:MaskOfMadness","ReplayTheSpireMod:CursedCoin","theMarked:DemonDagger","Dota2Spire:AghanimScepter","PowerPotion","infinitespire:Satchel","theMarked:GodGivenPower+1","theMarked:HeritageOfTheMarked+1","theMarked:ComboAttacks+1","theMarked:MaelstromOfLightning","ReplayTheSpireMod:TigerMarble","Dota2Spire:BattleFury","Dota2Spire:Vanguard","hubris:SlimyHat"],"campfire_rested":3,"item_purchase_floors":[0,0,0,0,0,0,20,20,20,25,25,25,38,38,38,38,53,53,53,53,53,53,53,53,53],"current_hp_per_floor":[52,52,52,52,52,37,59,59,59,59,59,48,47,44,64,30,67,60,59,59,59,48,47,40,74,74,63,63,53,53,53,53,49,74,35,35,35,35,32,32,32,54,54,54,54,54,48,58,58,49,76,76,76,75,0,0],"gold":73,"neow_bonus":"","is_daily":false,"chose_seed":false,"campfire_upgraded":1,"win_rate":0.0,"timestamp":1611178265,"path_taken":["M","?","?","M","M","E","R","M","T","?","M","E","?","E","R","BOSS","M","?","$","?","M","E","M","$","T","E","M","?","?","?","R","BOSS","M","AVR","M","$","M","E","M","R","T","?","M","R","E","M","R","BOSS","R","$","E","BOSS"],"items_purchased_type":["Card","Card","Relic","Relic","Card","Relic","Card","Relic","Card","Card","Relic","Relic","Relic","Relic","Relic","Potion","Relic","Card","Card","Card","Card","Relic","Relic","Relic","Relic"],"build_version":"2020-12-22","purchased_purges":3,"victory":false,"max_hp_per_floor":[70,67,67,67,67,74,74,74,74,67,67,67,67,67,67,67,67,67,67,67,67,67,67,67,74,74,74,74,74,74,74,74,74,74,74,74,74,74,76,76,76,76,76,76,76,76,76,76,76,76,76,76,76,76,76,76],"relic_stats":{"Lee\u0027s Waffle":34,"Shovel":2,"counters":[48,187],"Ornamental Fan":[316],"Pantograph":40,"StoneCalendar":[0],"Art of War":[1],"Black Star":3,"obtain_stats":[{"Dota2Spire:MaskOfMadness":25,"Dota2Spire:ArmletOfMordiggian":23,"Dota2Spire:RefresherOrb":17,"Dota2Spire:CrimsonGuard":14,"Strawberry":6,"thethorton:BankDeed":52,"theMarked:DemonDagger":38,"Moonworks:LittleGull":9,"ReplayTheSpireMod:CursedCoin":38,"Oddly Smooth Stone":54,"Replay:Kaleidoscope":49,"Dota2Spire:AghanimScepter":38,"Elementarium:ElementariumTrophy":33,"Moonworks:Homemark":0,"Onion Ring":6,"Black Star":34,"ReplayTheSpireMod:TigerMarble":53,"Regal Pillow":27,"Lantern":43,"Blue Doll":0,"StoneCalendar":54,"Dota2Spire:Vanguard":53,"hubris:SlimyHat":53,"Dream Catcher":2,"hubris:Icosahedron":3,"Shovel":47,"Pantograph":26,"Replay:Bottled Snecko":21,"Dota2Spire:ArcaneBoots":12,"Dota2Spire:AssaultCuirass":36,"theMarked:NailFile":47,"Lee\u0027s Waffle":25,"Runesmith:Nanobots":40,"NeowsBlessing":0,"The Courier":27,"Dota2Spire:BattleFury":53,"infinitespire:CheckeredPen":23,"hubris:Towel":21,"Frozen Egg 2":40,"theMarked:ArtifactOfAir":0,"infinitespire:WardingShard":8,"Ornamental Fan":0,"infinitespire:Satchel":53,"ChewingGum":17,"Art of War":14,"Membership Card":0,"potionbrewer:Keyblade":30,"REME_PuzzleBoxRelic":20,"wanderingMiniBosses:Inkheart":31,"Moonworks:BrokenBomb":0,"REME_ComplimentaryCards":0},{"Dota2Spire:MaskOfMadness":33,"Dota2Spire:ArmletOfMordiggian":14,"Dota2Spire:RefresherOrb":28,"Dota2Spire:CrimsonGuard":8,"Strawberry":22,"thethorton:BankDeed":46,"theMarked:DemonDagger":39,"Moonworks:LittleGull":3,"ReplayTheSpireMod:CursedCoin":39,"Oddly Smooth Stone":47,"Replay:Kaleidoscope":45,"Dota2Spire:AghanimScepter":39,"Elementarium:ElementariumTrophy":37,"Moonworks:Homemark":0,"Onion Ring":2,"Black Star":37,"ReplayTheSpireMod:TigerMarble":46,"Regal Pillow":15,"Lantern":42,"Blue Doll":18,"StoneCalendar":47,"Dota2Spire:Vanguard":46,"hubris:SlimyHat":46,"Dream Catcher":1,"hubris:Icosahedron":19,"Shovel":44,"Pantograph":33,"Replay:Bottled Snecko":12,"Dota2Spire:ArcaneBoots":25,"Dota2Spire:AssaultCuirass":38,"theMarked:NailFile":44,"Lee\u0027s Waffle":33,"Runesmith:Nanobots":41,"NeowsBlessing":0,"The Courier":34,"Dota2Spire:BattleFury":46,"infinitespire:CheckeredPen":32,"hubris:Towel":30,"Frozen Egg 2":41,"theMarked:ArtifactOfAir":0,"infinitespire:WardingShard":3,"Ornamental Fan":18,"infinitespire:Satchel":46,"ChewingGum":9,"Art of War":27,"Membership Card":18,"potionbrewer:Keyblade":16,"REME_PuzzleBoxRelic":30,"wanderingMiniBosses:Inkheart":17,"Moonworks:BrokenBomb":0,"REME_ComplimentaryCards":0},{"Dota2Spire:MaskOfMadness":131,"Dota2Spire:ArmletOfMordiggian":50,"Dota2Spire:RefresherOrb":111,"Dota2Spire:CrimsonGuard":15,"Strawberry":82,"thethorton:BankDeed":178,"theMarked:DemonDagger":153,"Moonworks:LittleGull":4,"ReplayTheSpireMod:CursedCoin":153,"Oddly Smooth Stone":182,"Replay:Kaleidoscope":171,"Dota2Spire:AghanimScepter":153,"Elementarium:ElementariumTrophy":149,"Moonworks:Homemark":0,"Onion Ring":3,"Black Star":149,"ReplayTheSpireMod:TigerMarble":178,"Regal Pillow":54,"Lantern":163,"Blue Doll":70,"StoneCalendar":182,"Dota2Spire:Vanguard":178,"hubris:SlimyHat":178,"Dream Catcher":1,"hubris:Icosahedron":73,"Shovel":168,"Pantograph":131,"Replay:Bottled Snecko":43,"Dota2Spire:ArcaneBoots":97,"Dota2Spire:AssaultCuirass":151,"theMarked:NailFile":168,"Lee\u0027s Waffle":131,"Runesmith:Nanobots":161,"NeowsBlessing":0,"The Courier":134,"Dota2Spire:BattleFury":178,"infinitespire:CheckeredPen":127,"hubris:Towel":119,"Frozen Egg 2":161,"theMarked:ArtifactOfAir":0,"infinitespire:WardingShard":4,"Ornamental Fan":70,"infinitespire:Satchel":178,"ChewingGum":26,"Art of War":106,"Membership Card":70,"potionbrewer:Keyblade":57,"REME_PuzzleBoxRelic":119,"wanderingMiniBosses:Inkheart":64,"Moonworks:BrokenBomb":0,"REME_ComplimentaryCards":0}]},"card_choices":[{"not_picked":["theMarked:ElectricStrings","theMarked:SelfDefenseTraining"],"picked":"theMarked:Aftermath","floor":1.0},{"not_picked":["theMarked:RogueSparks","theMarked:ResourceFulStrike"],"picked":"theMarked:WardOff","floor":4.0},{"not_picked":["theMarked:BanishingStrike","theMarked:ElectricStrings"],"picked":"theMarked:HeritageOfTheMarked","floor":5.0},{"not_picked":["theMarked:Convert","theMarked:Static"],"picked":"theMarked:HeightenedSenses","floor":6.0},{"not_picked":["theMarked:ChainLightning","theMarked:WastefulDefense"],"picked":"theMarked:WardOff","floor":8.0},{"not_picked":["Menagerie:Foresee","Menagerie:Dismember"],"picked":"Menagerie:Staggershock","floor":10.0},{"not_picked":["Menagerie:LightningBolt","Menagerie:DarkRitual"],"picked":"Menagerie:SteelWall","floor":10.0},{"not_picked":["Menagerie:LoxodonWarhammer","Menagerie:Skullclamp"],"picked":"Menagerie:MirarisWake","floor":10.0},{"not_picked":["theMarked:KeepCalmAndFightOn","theMarked:ChainLightning"],"picked":"theMarked:BanishingStrike","floor":11.0},{"not_picked":["theMarked:Static","theMarked:Indomitable"],"picked":"theMarked:StartUp","floor":12.0},{"not_picked":["theMarked:TakeCover","theMarked:RogueSparks","theMarked:WastefulAttack"],"picked":"SKIP","floor":13.0},{"not_picked":["theMarked:WastefulDefense","theMarked:Frustration"],"picked":"theMarked:EmpowerWeapon","floor":14.0},{"not_picked":["theMarked:Defy","theMarked:DispelDoubt"],"picked":"theMarked:UnarmedFury","floor":16.0},{"not_picked":["theMarked:ChainLightning","theMarked:ElectricStrings+1"],"picked":"theMarked:Panic","floor":18.0},{"not_picked":["theMarked:Frustration+1","theMarked:PowerFlow"],"picked":"theMarked:BanishingStrike+1","floor":19.0},{"not_picked":["theMarked:Parkour","theMarked:SwordAndMagic"],"picked":"theMarked:StartUp","floor":22.0},{"not_picked":["theMarked:RepellingDischarge","theMarked:Frustration"],"picked":"theMarked:Improvise+1","floor":23.0},{"not_picked":["theMarked:SwordAndMagic","theMarked:Parry+1"],"picked":"theMarked:SelfDefenseTraining+1","floor":24.0},{"not_picked":["theMarked:Snap","theMarked:Parry","theMarked:EmpowerWeapon"],"picked":"SKIP","floor":27.0},{"not_picked":["theMarked:HeightenedSenses+1","theMarked:GodGivenPower+1"],"picked":"theMarked:WardOff","floor":28.0},{"not_picked":["theMarked:TwofoldDefense","theMarked:WastefulDefense+1"],"picked":"theMarked:Improvise","floor":29.0},{"not_picked":["REME_MagicPocketWatch","ReplayTheSpireMod:Uncanny Aura"],"picked":"REME_ProfessionalPlagiarism","floor":31.0},{"not_picked":["Panache","ReplayTheSpireMod:Uncanny Aura"],"picked":"Master of Strategy","floor":31.0},{"not_picked":["theMarked:TurnInvisible","theMarked:Snap"],"picked":"theMarked:UnarmedFury","floor":33},{"not_picked":["theMarked:ElementalBlade+1","theMarked:EmpowerWeapon+1"],"picked":"theMarked:WardOff","floor":35},{"not_picked":["theMarked:SwordAndMagic+1","theMarked:ChainLightning"],"picked":"theMarked:BanishingStrike+1","floor":37},{"not_picked":["theMarked:SoldierForm","theMarked:Indomitable+1"],"picked":"theMarked:AttractMetal+1","floor":39},{"not_picked":["theMarked:Improvise","theMarked:WastefulDefense","theMarked:TunnelVision"],"picked":"SKIP","floor":40},{"not_picked":["theMarked:Parkour+1","theMarked:HeightenedSenses","theMarked:Improvise"],"picked":"SKIP","floor":41},{"not_picked":["theMarked:WardOff","theMarked:TwofoldDefense+1"],"picked":"theMarked:HeritageOfTheMarked+1","floor":44},{"not_picked":["theMarked:Static","theMarked:EmpowerWeapon+1","theMarked:Polarize"],"picked":"SKIP","floor":45},{"not_picked":["theMarked:WastefulAttack","theMarked:RepellingDischarge","theMarked:Parkour"],"picked":"SKIP","floor":47},{"not_picked":["theMarked:Improvise+1","theMarked:StartUp"],"picked":"theMarked:ComboAttacks+1","floor":48},{"not_picked":["theMarked:HeightenedSenses+1","theMarked:WastefulAttack"],"picked":"theMarked:DeterminationOfTheMarked+1","floor":54}],"player_experience":1226896,"relics_obtained":[{"floor":6.0,"key":"Strawberry"},{"floor":12.0,"key":"Dota2Spire:ArcaneBoots"},{"floor":14.0,"key":"Art of War"},{"floor":23.0,"key":"infinitespire:CheckeredPen"},{"floor":26.0,"key":"Pantograph"},{"floor":27.0,"key":"The Courier"},{"floor":40,"key":"Frozen Egg 2"},{"floor":40,"key":"Runesmith:Nanobots"},{"floor":43,"key":"Lantern"},{"floor":47,"key":"Shovel"},{"floor":47,"key":"theMarked:NailFile"},{"floor":49,"key":"Replay:Kaleidoscope"},{"floor":52,"key":"thethorton:BankDeed"},{"floor":54,"key":"Oddly Smooth Stone"},{"floor":54,"key":"StoneCalendar"}],"event_choices":[{"damage_healed":0.0,"max_hp_gain":0.0,"max_hp_loss":3.0,"gold_gain":0.0,"event_name":"Menagerie:BeastSpiritShrine","player_choice":"Knelt","floor":2.0,"gold_loss":0.0,"damage_taken":0.0,"cards_obtained":["Menagerie:BeastSpirit"]},{"damage_healed":0.0,"max_hp_gain":0.0,"max_hp_loss":7.0,"gold_gain":0.0,"event_name":"Menagerie:OvergrownLibrary","player_choice":"Read","floor":10.0,"gold_loss":0.0,"damage_taken":0.0,"cards_obtained":["Doubt"]},{"cards_removed":["theMarked:Strike"],"damage_healed":0.0,"max_hp_gain":0.0,"max_hp_loss":0.0,"gold_gain":0.0,"event_name":"Elementarium:LostScrolls","player_choice":"Burn","floor":30.0,"gold_loss":0.0,"damage_taken":0.0},{"damage_healed":0.0,"max_hp_gain":0.0,"max_hp_loss":0.0,"gold_gain":0.0,"event_name":"Elementarium:IncubationChamber","player_choice":"Machinery","floor":31.0,"gold_loss":0.0,"damage_taken":0.0}],"is_beta":false,"boss_relics":[{"not_picked":["Sozu","hubris:RunicObelisk"],"picked":"Dota2Spire:RefresherOrb"},{"not_picked":["REME_ChargedStone","theMarked:Eyepatch"],"picked":"Black Star"}],"items_purged_floors":[0,20,38],"is_endless":false,"potions_floor_spawned":[5,8,12,13,16,18,19,23,27,29,35,37,41,47,54],"killed_by":"The Heart","ascension_level":0}}