{"host":"avjwtc49fhlk6kym","time":1611117260,"event":{"mods":["AchievementEnabler","BaseMod","Better Match","Better Note","Better Third Choice","Colored Map","Colored Powertips","Displayed Cursed Tome","Highlight Path","Minty Spire (QoL Compilation)","Permanent Neow","Quick Restart","StSLib"],"gold_per_floor":[114,128,128,34,51,81,81,106,106,106,106,31,41,60,60,164,164,182,200,200,211,230,230,249,23,48,61,61,78,93,14,14,114,114,127,137,151,20,33,61,79,79,79,79,110,110,126,146,146,146,146],"floor_reached":50,"language":"ENG","playtime":2387,"items_purged":["Strike_P"],"score":620,"play_id":"279fc3ee-ef83-4777-9a73-20e106be7dbb","local_time":"20210119233420","is_ascension_mode":false,"campfire_choices":[{"data":"BattleHymn","floor":7.0,"key":"SMITH"},{"floor":10.0,"key":"REST"},{"data":"CrushJoints","floor":15.0,"key":"SMITH"},{"data":"Judgement","floor":23.0,"key":"SMITH"},{"floor":32.0,"key":"REST"},{"floor":44,"key":"REST"},{"floor":46,"key":"REST"},{"floor":49,"key":"REST"}],"circlet_count":0,"master_deck":["Defend_P+1","Defend_P+1","Defend_P","Eruption","Vigilance","Judgement+1","FearNoEvil","ReachHeaven","Brilliance+1","BattleHymn+1","FlurryOfBlows","ThirdEye+1","ThirdEye","BowlingBash","CrushJoints+1","DeusExMachina+1","ThirdEye+1","ThirdEye+1","Prostrate+1","InnerPeace+1","CarveReality+1","WheelKick","Decay","Swivel+1","DeceiveReality+1","LessonLearned+1","Consecrate","LikeWater","MasterReality","PathToVictory+1","Wireheading","Evaluate+1","Madness+1","Prostrate+1","LikeWater+1","Establishment","Regret","PathToVictory+1","Prostrate+1"],"relics":["PureWater","White Beast Statue","Kunai","Bottled Lightning","Toxic Egg 2","Cursed Key","PreservedInsect","Philosopher\u0027s Stone","Bag of Marbles","Gremlin Horn","Darkstone Periapt"],"acts_visited":["Exordium","TheCity","TheBeyond"],"potions_floor_usage":[39,39,40,41,45,47,48,50,50],"damage_taken":[{"damage":0.0,"enemies":"2 Louse","floor":1.0,"turns":2.0},{"damage":1.0,"enemies":"Cultist","floor":2.0,"turns":3.0},{"damage":3.0,"enemies":"Jaw Worm","floor":5.0,"turns":3.0},{"damage":6.0,"enemies":"Gremlin Nob","floor":6.0,"turns":3.0},{"damage":16.0,"enemies":"Lagavulin","floor":8.0,"turns":4.0},{"damage":0.0,"enemies":"Blue Slaver","floor":13.0,"turns":1.0},{"damage":1.0,"enemies":"Red Slaver","floor":14.0,"turns":3.0},{"damage":0.0,"enemies":"Slime Boss","floor":16.0,"turns":5.0},{"damage":0.0,"enemies":"Shell Parasite","floor":18.0,"turns":3.0},{"damage":0.0,"enemies":"Spheric Guardian","floor":19.0,"turns":1.0},{"damage":0.0,"enemies":"Chosen and Byrds","floor":21.0,"turns":4.0},{"damage":8.0,"enemies":"Shelled Parasite and Fungi","floor":22.0,"turns":5.0},{"damage":9.0,"enemies":"Snake Plant","floor":24.0,"turns":3.0},{"damage":3.0,"enemies":"Chosen and Byrds","floor":27.0,"turns":3.0},{"damage":0.0,"enemies":"Centurion and Healer","floor":29.0,"turns":4.0},{"damage":0.0,"enemies":"Snecko","floor":30.0,"turns":3.0},{"damage":26.0,"enemies":"Collector","floor":33.0,"turns":12.0},{"damage":0.0,"enemies":"3 Shapes","floor":35.0,"turns":3.0},{"damage":0.0,"enemies":"Orb Walker","floor":36.0,"turns":4.0},{"damage":14,"enemies":"Sphere and 2 Shapes","floor":37,"turns":6},{"damage":3,"enemies":"Jaw Worm Horde","floor":39,"turns":3},{"damage":25,"enemies":"Giant Head","floor":40,"turns":7},{"damage":29,"enemies":"Transient","floor":41,"turns":5},{"damage":14,"enemies":"Reptomancer","floor":45,"turns":5},{"damage":25,"enemies":"Spire Growth","floor":47,"turns":4},{"damage":8,"enemies":"3 Darklings","floor":48,"turns":5},{"damage":35,"enemies":"Donu and Deca","floor":50,"turns":4}],"seed_played":"-2339319900489547676","potions_obtained":[{"floor":1.0,"key":"BlessingOfTheForge"},{"floor":5.0,"key":"DistilledChaos"},{"floor":8.0,"key":"Regen Potion"},{"floor":13.0,"key":"LiquidBronze"},{"floor":14.0,"key":"Block Potion"},{"floor":16.0,"key":"ColorlessPotion"},{"floor":18.0,"key":"Dexterity Potion"},{"floor":19.0,"key":"Swift Potion"},{"floor":21.0,"key":"DuplicationPotion"},{"floor":22.0,"key":"Energy Potion"},{"floor":24.0,"key":"FearPotion"},{"floor":27.0,"key":"EssenceOfSteel"},{"floor":29.0,"key":"DuplicationPotion"},{"floor":30.0,"key":"AttackPotion"},{"floor":33.0,"key":"Block Potion"},{"floor":35.0,"key":"Regen Potion"},{"floor":36.0,"key":"Dexterity Potion"},{"floor":37,"key":"BottledMiracle"},{"floor":39,"key":"Swift Potion"},{"floor":40,"key":"Block Potion"},{"floor":41,"key":"PowerPotion"},{"floor":45,"key":"BlessingOfTheForge"},{"floor":47,"key":"Energy Potion"},{"floor":48,"key":"Weak Potion"}],"is_trial":false,"path_per_floor":["M","M","?","$","M","E","R","E","T","R","T","$","M","M","R","B",null,"M","M","?","M","M","R","M","$","T","M","?","M","M","$","R","B",null,"M","M","M","$","M","E","M","?","T","R","E","R","M","M","R","B"],"character_chosen":"WATCHER","items_purchased":["BattleHymn","FlurryOfBlows","PreservedInsect","WheelKick","LikeWater","Madness+1","Prostrate+1"],"campfire_rested":5,"item_purchase_floors":[4,4,25,25,31,38,38],"current_hp_per_floor":[72,71,71,71,68,62,62,46,46,67,67,67,67,72,72,72,72,72,72,72,72,64,64,55,55,55,52,52,52,52,52,72,46,72,72,72,58,58,64,39,10,10,10,31,17,38,13,5,26,0,0],"gold":146,"neow_bonus":"ONE_RANDOM_RARE_CARD","is_daily":false,"chose_seed":false,"campfire_upgraded":3,"win_rate":0.0,"timestamp":1611117260,"path_taken":["M","M","?","?","M","E","R","E","T","R","?","?","M","?","R","BOSS","M","M","?","M","M","R","M","$","T","?","?","M","M","$","R","BOSS","M","M","M","$","M","E","M","?","T","R","E","R","M","M","R","BOSS"],"items_purchased_type":["Card","Card","Relic","Card","Card","Card","Card"],"build_version":"2020-12-22","purchased_purges":1,"victory":false,"max_hp_per_floor":[72,72,72,72,72,72,72,72,72,72,72,72,72,72,72,72,72,72,72,72,72,72,72,72,72,72,72,72,72,72,72,72,72,72,72,72,72,72,72,72,72,72,72,72,72,72,72,72,72,72,72],"card_choices":[{"not_picked":["InnerPeace","Protect"],"picked":"FearNoEvil","floor":1.0},{"not_picked":["EmptyBody","Halt"],"picked":"ReachHeaven","floor":2.0},{"not_picked":["SignatureMove","Nirvana"],"picked":"ThirdEye","floor":5.0},{"not_picked":["Adaptation","Indignation"],"picked":"ThirdEye","floor":6.0},{"not_picked":["WaveOfTheHand","WreathOfFlame","Meditate"],"picked":"SKIP","floor":8.0},{"not_picked":["Pray+1","ThirdEye+1"],"picked":"BowlingBash","floor":13.0},{"not_picked":["JustLucky","SashWhip"],"picked":"CrushJoints","floor":14.0},{"not_picked":["Ragnarok","Brilliance"],"picked":"DeusExMachina+1","floor":16.0},{"not_picked":["EmptyFist+1","Evaluate+1"],"picked":"ThirdEye+1","floor":18.0},{"not_picked":["SashWhip","EmptyFist+1"],"picked":"ThirdEye+1","floor":19.0},{"not_picked":["EmptyFist+1","Evaluate+1"],"picked":"Prostrate+1","floor":21.0},{"not_picked":["Tantrum+1","Halt+1"],"picked":"InnerPeace+1","floor":22.0},{"not_picked":["BowlingBash","EmptyFist+1"],"picked":"CarveReality+1","floor":24.0},{"not_picked":["SashWhip","Wireheading"],"picked":"Swivel+1","floor":27.0},{"not_picked":["FlyingSleeves","EmptyFist"],"picked":"Consecrate","floor":29.0},{"not_picked":["FlyingSleeves","Alpha+1","Halt+1"],"picked":"SKIP","floor":30.0},{"not_picked":["Omniscience+1","Wish+1"],"picked":"MasterReality","floor":33.0},{"not_picked":["Conclude","FollowUp"],"picked":"PathToVictory+1","floor":35.0},{"not_picked":["InnerPeace+1","ThirdEye+1"],"picked":"Wireheading","floor":36.0},{"not_picked":["WheelKick+1","FollowUp"],"picked":"Evaluate+1","floor":37},{"not_picked":["Tantrum","CutThroughFate","FlyingSleeves"],"picked":"SKIP","floor":39},{"not_picked":["Adaptation+1","Swivel+1"],"picked":"LikeWater+1","floor":40},{"not_picked":["Protect+1","BowlingBash"],"picked":"Establishment","floor":41},{"not_picked":["FollowUp+1","EmptyFist"],"picked":"PathToVictory+1","floor":45},{"not_picked":["Protect+1","FlyingSleeves","Conclude+1"],"picked":"SKIP","floor":47},{"not_picked":["EmptyBody+1","Fasting2"],"picked":"Prostrate+1","floor":48}],"player_experience":393955,"relics_obtained":[{"floor":6.0,"key":"White Beast Statue"},{"floor":8.0,"key":"Kunai"},{"floor":9.0,"key":"Bottled Lightning"},{"floor":11.0,"key":"Toxic Egg 2"},{"floor":40,"key":"Bag of Marbles"},{"floor":43,"key":"Gremlin Horn"},{"floor":45,"key":"Darkstone Periapt"}],"event_choices":[{"damage_healed":0.0,"max_hp_gain":0.0,"max_hp_loss":0.0,"gold_gain":0.0,"cards_transformed":["Defend_P"],"event_name":"Transmorgrifier","player_choice":"Transformed","floor":3.0,"gold_loss":0.0,"damage_taken":0.0,"cards_obtained":["Brilliance"]},{"cards_removed":["Defend_P"],"damage_healed":0.0,"max_hp_gain":0.0,"max_hp_loss":0.0,"gold_gain":0.0,"event_name":"betterNote:BetterNote","player_choice":"Give","floor":20.0,"gold_loss":0.0,"damage_taken":0.0,"cards_obtained":["Strike_P"]},{"damage_healed":0.0,"max_hp_gain":0.0,"max_hp_loss":0.0,"gold_gain":0.0,"cards_transformed":["Strike_P","Strike_P"],"event_name":"Drug Dealer","player_choice":"Became Test Subject","floor":28.0,"gold_loss":0.0,"damage_taken":0.0,"cards_obtained":["DeceiveReality","LessonLearned"]},{"cards_removed":["Strike_P"],"damage_healed":0,"gold_gain":0,"player_choice":"Purged","damage_taken":0,"max_hp_gain":0,"max_hp_loss":0,"event_name":"Purifier","floor":42,"gold_loss":0}],"is_beta":false,"boss_relics":[{"not_picked":["Busted Crown","Ectoplasm"],"picked":"Cursed Key"},{"not_picked":["Snecko Eye","Runic Dome"],"picked":"Philosopher\u0027s Stone"}],"items_purged_floors":[12],"is_endless":false,"potions_floor_spawned":[1,5,8,13,14,16,18,19,21,22,24,27,29,30,33,35,36,37,39,40,41,45,47,48],"killed_by":"Donu and Deca","ascension_level":0}}