{"host":"3y2rtlgteqp2nuo3","time":1611140223,"event":{"mods":["2.2 Compatiblity","AchievementEnabler","BaseMod","Colored Map","DeckTracker","Highlight Path","Keyboard Shortcuts","Minty Spire (QoL Compilation)","Permanent Neow","Quick Restart","StSLib","SuperFastMode","everything is the same but u backflip on backflip"],"gold_per_floor":[119,134,149,149,161,161,191,191,214,253,275,287,111,34,34,111,111,129,141,78,78,88,88,98,98,98,108,33,33,62,76,76,154,154,173,224,241,78,94,94,110,110,110,31,50,50,70,85,85,85],"floor_reached":51,"language":"KOR","playtime":1682,"items_purged":["Strike_G","Strike_G","Strike_G","Strike_G","Strike_G"],"score":1116,"play_id":"d2b2ed1a-307f-4965-b0fd-a556068916d1","local_time":"20210120195703","is_ascension_mode":true,"campfire_choices":[{"data":"Poisoned Stab","floor":6.0,"key":"SMITH"},{"data":"Bane","floor":8.0,"key":"SMITH"},{"floor":12.0,"key":"REST"},{"data":"Bouncing Flask","floor":15.0,"key":"SMITH"},{"floor":23.0,"key":"REST"},{"floor":25.0,"key":"REST"},{"data":"Catalyst","floor":29.0,"key":"SMITH"},{"data":"Leg Sweep","floor":32.0,"key":"SMITH"},{"floor":40.0,"key":"REST"},{"data":"Concentrate","floor":46,"key":"SMITH"},{"floor":49,"key":"REST"}],"circlet_count":0,"master_deck":["AscendersBane","Defend_G","Defend_G","Defend_G","Defend_G","Defend_G","Survivor","Neutralize","Poisoned Stab+1","Bane+1","Bouncing Flask+1","Dodge and Roll","After Image","Outmaneuver","Footwork","Deadly Poison","Corpse Explosion","Crippling Poison+1","Backflip","Catalyst+1","Leg Sweep+1","Escape Plan+1","Storm of Steel","Backflip+1","Concentrate+1","Reflex","Malaise","Acrobatics"],"relics":["Ring of the Snake","Ancient Tea Set","MawBank","Odd Mushroom","Membership Card","Runic Pyramid","Gremlin Horn","Lantern","Cursed Key","Torii","TwistedFunnel","Bag of Preparation"],"acts_visited":["Exordium","TheCity","TheBeyond"],"potions_floor_usage":[50,50],"damage_taken":[{"damage":1.0,"enemies":"2 Louse","floor":1.0,"turns":4.0},{"damage":0.0,"enemies":"Jaw Worm","floor":2.0,"turns":4.0},{"damage":0.0,"enemies":"Cultist","floor":3.0,"turns":4.0},{"damage":17.0,"enemies":"2 Fungi Beasts","floor":5.0,"turns":4.0},{"damage":20.0,"enemies":"Lagavulin","floor":7.0,"turns":7.0},{"damage":10.0,"enemies":"The Mushroom Lair","floor":10.0,"turns":4.0},{"damage":14.0,"enemies":"Gremlin Gang","floor":11.0,"turns":5.0},{"damage":2.0,"enemies":"Hexaghost","floor":16.0,"turns":8.0},{"damage":10.0,"enemies":"2 Thieves","floor":18.0,"turns":4.0},{"damage":2.0,"enemies":"3 Byrds","floor":19.0,"turns":2.0},{"damage":25.0,"enemies":"Snake Plant","floor":22.0,"turns":5.0},{"damage":9.0,"enemies":"Shelled Parasite and Fungi","floor":24.0,"turns":5.0},{"damage":0.0,"enemies":"Centurion and Healer","floor":27.0,"turns":5.0},{"damage":4.0,"enemies":"Gremlin Leader","floor":30.0,"turns":4.0},{"damage":3.0,"enemies":"3 Cultists","floor":31.0,"turns":3.0},{"damage":35.0,"enemies":"Automaton","floor":33.0,"turns":12.0},{"damage":21.0,"enemies":"3 Darklings","floor":35.0,"turns":3.0},{"damage":5.0,"enemies":"2 Orb Walkers","floor":36.0,"turns":3.0},{"damage":1.0,"enemies":"3 Shapes","floor":37.0,"turns":4.0},{"damage":0.0,"enemies":"Jaw Worm Horde","floor":39.0,"turns":4.0},{"damage":0,"enemies":"Transient","floor":41,"turns":5},{"damage":2,"enemies":"3 Darklings","floor":45,"turns":4},{"damage":0,"enemies":"Writhing Mass","floor":47,"turns":5},{"damage":11,"enemies":"Sphere and 2 Shapes","floor":48,"turns":3},{"damage":38,"enemies":"Donu and Deca","floor":50,"turns":11}],"seed_played":"-424795817532573046","potions_obtained":[{"floor":1.0,"key":"GamblersBrew"},{"floor":11.0,"key":"Dexterity Potion"},{"floor":16.0,"key":"Weak Potion"},{"floor":18.0,"key":"Energy Potion"},{"floor":24.0,"key":"Energy Potion"},{"floor":30.0,"key":"Weak Potion"},{"floor":37.0,"key":"Block Potion"},{"floor":41,"key":"LiquidMemories"}],"is_trial":false,"path_per_floor":["M","M","M","?","M","R","E","R","T","?","M","R","$","$","R","B",null,"M","M","$","?","M","R","M","R","T","M","$","R","E","M","R","B",null,"M","?","M","$","M","R","M","?","T","$","M","R","M","M","R","B",null],"character_chosen":"THE_SILENT","items_purchased":["Membership Card","Deadly Poison","TwistedFunnel","Bag of Preparation"],"campfire_rested":5,"item_purchase_floors":[13,14,38,44],"current_hp_per_floor":[62,62,62,67,50,50,30,30,30,20,6,28,28,28,28,26,63,53,51,51,51,26,48,39,61,61,61,61,61,57,54,54,19,61,40,35,34,34,34,56,56,56,56,56,54,54,54,43,65,27],"gold":85,"neow_bonus":"THREE_CARDS","is_daily":false,"chose_seed":false,"campfire_upgraded":6,"win_rate":0.0,"timestamp":1611140223,"path_taken":["M","M","M","?","M","R","E","R","T","?","M","R","?","$","R","BOSS","M","M","$","?","M","R","M","R","T","M","$","R","E","M","R","BOSS","M","?","M","$","M","R","M","?","T","$","M","R","?","M","R","BOSS"],"items_purchased_type":["Relic","Card","Relic","Relic"],"build_version":"2020-12-22","purchased_purges":5,"victory":true,"max_hp_per_floor":[70,70,70,75,75,75,75,75,75,75,75,75,75,75,75,75,75,75,75,75,75,75,75,75,75,75,75,75,75,75,75,75,75,75,75,75,75,75,75,75,75,75,75,75,75,75,75,75,75,75],"card_choices":[{"not_picked":["Dash","Bouncing Flask"],"picked":"Poisoned Stab","floor":0.0},{"not_picked":["Terror","Caltrops"],"picked":"Bane","floor":1.0},{"not_picked":["Slice","Quick Slash"],"picked":"Bouncing Flask","floor":2.0},{"not_picked":["Blade Dance","Accuracy","Bane"],"picked":"SKIP","floor":3.0},{"not_picked":["Underhanded Strike","Backflip"],"picked":"Dodge and Roll","floor":5.0},{"not_picked":["Quick Slash","Prepared"],"picked":"After Image","floor":7.0},{"not_picked":["Choke","Bane"],"picked":"Outmaneuver","floor":10.0},{"not_picked":["Masterful Stab","Acrobatics"],"picked":"Footwork","floor":11.0},{"not_picked":["Envenom","Die Die Die"],"picked":"Corpse Explosion","floor":16.0},{"not_picked":["Blade Dance","Distraction"],"picked":"Crippling Poison+1","floor":18.0},{"not_picked":["Dagger Spray","Sucker Punch"],"picked":"Backflip","floor":19.0},{"not_picked":["Dodge and Roll","Blade Dance"],"picked":"Leg Sweep","floor":22.0},{"not_picked":["Sucker Punch+1","Deflect+1","Slice"],"picked":"SKIP","floor":24.0},{"not_picked":["Blade Dance","Phantasmal Killer","Quick Slash"],"picked":"SKIP","floor":27.0},{"not_picked":["Cloak And Dagger","Bane","Terror"],"picked":"SKIP","floor":30.0},{"not_picked":["Flying Knee","Skewer"],"picked":"Escape Plan+1","floor":31.0},{"not_picked":["Night Terror","Grand Finale"],"picked":"Storm of Steel","floor":33.0},{"not_picked":["Acrobatics","Quick Slash"],"picked":"Backflip+1","floor":35.0},{"not_picked":["Concentrate","Footwork","Leg Sweep"],"picked":"SKIP","floor":37.0},{"not_picked":["Footwork","Leg Sweep"],"picked":"Concentrate","floor":37.0},{"not_picked":["Backflip","Well Laid Plans","Distraction"],"picked":"SKIP","floor":39.0},{"not_picked":["Quick Slash+1","Underhanded Strike"],"picked":"Reflex","floor":41},{"not_picked":["Underhanded Strike","Bane+1","Sucker Punch"],"picked":"SKIP","floor":45},{"not_picked":["Sucker Punch","Deadly Poison"],"picked":"Acrobatics","floor":47},{"not_picked":["Caltrops+1","Underhanded Strike+1","Cloak And Dagger+1"],"picked":"SKIP","floor":48}],"player_experience":699161,"relics_obtained":[{"floor":7.0,"key":"Ancient Tea Set"},{"floor":9.0,"key":"MawBank"},{"floor":10.0,"key":"Odd Mushroom"},{"floor":26.0,"key":"Gremlin Horn"},{"floor":30.0,"key":"Lantern"},{"floor":36.0,"key":"Torii"}],"event_choices":[{"damage_healed":0.0,"max_hp_gain":5.0,"max_hp_loss":0.0,"gold_gain":0.0,"event_name":"Big Fish","player_choice":"Donut","floor":4.0,"gold_loss":0.0,"damage_taken":0.0},{"damage_healed":0.0,"max_hp_gain":0.0,"max_hp_loss":0.0,"gold_gain":0.0,"event_name":"Mushrooms","player_choice":"Fought Mushrooms","floor":10.0,"gold_loss":0.0,"damage_taken":0.0},{"damage_healed":0.0,"max_hp_gain":0.0,"max_hp_loss":0.0,"gold_gain":0.0,"event_name":"The Library","player_choice":"Read","floor":21.0,"gold_loss":0.0,"damage_taken":0.0,"cards_obtained":["Catalyst"]},{"damage_healed":0.0,"max_hp_gain":0.0,"max_hp_loss":0.0,"gold_gain":0.0,"event_name":"Mysterious Sphere","player_choice":"Fight","floor":36.0,"gold_loss":0.0,"damage_taken":0.0},{"damage_healed":0,"gold_gain":0,"player_choice":"1 cards matched","damage_taken":0,"max_hp_gain":0,"max_hp_loss":0,"event_name":"Match and Keep!","floor":42,"gold_loss":0,"cards_obtained":["Malaise"]}],"is_beta":false,"boss_relics":[{"not_picked":["Fusion Hammer","Sozu"],"picked":"Runic Pyramid"},{"not_picked":["Black Star","SacredBark"],"picked":"Cursed Key"}],"items_purged_floors":[13,14,20,28,38],"is_endless":false,"potions_floor_spawned":[1,11,16,18,24,30,37,41,45,47,48],"ascension_level":13}}