{"host":"ux8r2oyej5019q8x","time":1611186969,"event":{"mods":["AchievementEnabler","BaseMod","Colored Map","Colored Powertips","GifTheSpireLib","HexUI Lib","Highlight Path","Minty Spire (QoL Compilation)","Rare Cards Sparkle","Relic Stats","StSLib","everything is the same but u backflip on backflip"],"gold_per_floor":[11,27,42,56,10,10,26,53,53,85,104,104,204,233,233,331,331,347,359,459,235,251,251,264,290,363,380,380,391,391,75,75,176,176,195,206,225,242,117,149,149,176,203,203,203,203,214,225,225,225],"floor_reached":51,"language":"ENG","playtime":5146,"items_purged":["Strike_B","Strike_B","Strike_B"],"score":1044,"play_id":"b163d9da-2d4b-4791-b866-de9f26ee8793","local_time":"20210121005609","is_ascension_mode":true,"campfire_choices":[{"data":"Zap","floor":6,"key":"SMITH"},{"floor":12,"key":"REST"},{"data":"Skim","floor":15,"key":"SMITH"},{"data":"Coolheaded","floor":23,"key":"SMITH"},{"floor":28,"key":"REST"},{"data":"Recycle","floor":32,"key":"SMITH"},{"data":"Beam Cell","floor":41,"key":"SMITH"},{"floor":44,"key":"REST"},{"data":"Seek","floor":46,"key":"SMITH"},{"floor":49,"key":"REST"}],"circlet_count":0,"master_deck":["Strike_B","Defend_B","Defend_B","Defend_B","Defend_B","Zap+1","Dualcast","Sweeping Beam","Gash","Steam","Go for the Eyes","Gash","Skim+1","All For One","Gash","Gash","Leap","Genetic Algorithm","All For One","Coolheaded+1","Consume+1","Gash+1","Recycle+1","Skim","Capacitor","Biased Cognition","White Noise+1","Aggregate+1","Beam Cell+1","Gash+1","Seek+1","Steam Power+1","Parasite","Hologram+1","Beam Cell+1"],"relics":["FrozenCore","Ice Cream","Dream Catcher","White Beast Statue","Vajra","Pocketwatch","HandDrill","Unceasing Top","Medical Kit","SlaversCollar","Bag of Preparation","Prayer Wheel","Potion Belt"],"acts_visited":["TheCity","TheBeyond"],"potions_floor_usage":[4,10,11,24,30,33,33,33,48],"damage_taken":[{"damage":0,"enemies":"2 Louse","floor":1,"turns":2},{"damage":1,"enemies":"Cultist","floor":2,"turns":3},{"damage":12,"enemies":"Small Slimes","floor":3,"turns":3},{"damage":10,"enemies":"Exordium Thugs","floor":4,"turns":5},{"damage":0,"enemies":"Large Slime","floor":7,"turns":4},{"damage":10,"enemies":"Lagavulin","floor":8,"turns":5},{"damage":10,"enemies":"3 Sentries","floor":10,"turns":5},{"damage":0,"enemies":"Lots of Slimes","floor":11,"turns":1},{"damage":9,"enemies":"Gremlin Nob","floor":14,"turns":3},{"damage":26,"enemies":"The Guardian","floor":16,"turns":7},{"damage":10,"enemies":"3 Byrds","floor":18,"turns":4},{"damage":5,"enemies":"Spheric Guardian","floor":19,"turns":4},{"damage":0,"enemies":"3 Cultists","floor":22,"turns":4},{"damage":0,"enemies":"Snecko","floor":24,"turns":4},{"damage":24,"enemies":"Gremlin Leader","floor":25,"turns":5},{"damage":0,"enemies":"Shelled Parasite and Fungi","floor":27,"turns":2},{"damage":9,"enemies":"Centurion and Healer","floor":29,"turns":4},{"damage":0,"enemies":"Snecko","floor":30,"turns":2},{"damage":0,"enemies":"Collector","floor":33,"turns":4},{"damage":0,"enemies":"Orb Walker","floor":35,"turns":3},{"damage":9,"enemies":"3 Shapes","floor":36,"turns":3},{"damage":0,"enemies":"Maw","floor":37,"turns":6},{"damage":11,"enemies":"Transient","floor":38,"turns":5},{"damage":12,"enemies":"Nemesis","floor":40,"turns":3},{"damage":30,"enemies":"Reptomancer","floor":42,"turns":3},{"damage":0,"enemies":"Jaw Worm Horde","floor":47,"turns":2},{"damage":0,"enemies":"Writhing Mass","floor":48,"turns":3},{"damage":0,"enemies":"Donu and Deca","floor":50,"turns":3}],"seed_played":"5198518127357308992","potions_obtained":[{"floor":2,"key":"Explosive Potion"},{"floor":3,"key":"Fire Potion"},{"floor":7,"key":"Fire Potion"},{"floor":10,"key":"AttackPotion"},{"floor":11,"key":"SmokeBomb"},{"floor":14,"key":"EntropicBrew"},{"floor":24,"key":"LiquidBronze"},{"floor":27,"key":"CultistPotion"},{"floor":33,"key":"FocusPotion"},{"floor":42,"key":"SmokeBomb"},{"floor":48,"key":"Fruit Juice"}],"is_trial":false,"path_per_floor":["M","M","M","M","$","R","M","E","T","E","M","R","?","E","R","B",null,"M","M","?","$","M","R","M","E","T","M","R","M","M","$","R","B",null,"M","M","M","M","$","E","R","E","T","R","?","R","M","M","R","B",null],"character_chosen":"DEFECT","items_purchased":["Gash","HandDrill","Capacitor","Medical Kit"],"campfire_rested":4,"item_purchase_floors":[5,21,31,31],"current_hp_per_floor":[75,74,62,52,52,52,52,42,42,32,32,54,54,45,45,19,75,65,60,60,60,60,60,60,36,36,36,58,49,49,49,49,49,75,75,66,66,55,55,43,43,13,13,35,35,35,35,40,64,64],"gold":225,"neow_bonus":"ONE_RARE_RELIC","is_daily":false,"chose_seed":false,"campfire_upgraded":6,"win_rate":0.0,"timestamp":1611186969,"path_taken":["M","M","M","M","$","R","M","E","T","E","M","R","?","E","R","BOSS","M","M","?","$","M","R","M","E","T","M","R","M","?","$","R","BOSS","M","M","M","M","$","E","R","E","T","R","?","R","M","M","R","BOSS"],"items_purchased_type":["Card","Relic","Card","Relic"],"build_version":"2020-12-22","purchased_purges":3,"victory":true,"max_hp_per_floor":[75,75,75,75,75,75,75,75,75,75,75,75,75,75,75,75,75,75,75,75,75,75,75,75,75,75,75,75,75,75,75,75,75,75,75,75,75,75,75,75,75,75,75,75,75,75,75,80,80,80],"relic_stats":{"Dream Catcher":4,"counters":[28,102],"Prayer Wheel":2,"HandDrill":[44],"Bag of Preparation":[8],"Medical Kit":[5],"obtain_stats":[{"Ice Cream":0,"Potion Belt":43,"Vajra":10,"Bag of Preparation":40,"Medical Kit":31,"White Beast Statue":9,"FrozenCore":17,"SlaversCollar":34,"Dream Catcher":8,"Prayer Wheel":42,"HandDrill":21,"Cracked Core":0,"Unceasing Top":25,"Pocketwatch":14},{"Ice Cream":0,"Potion Belt":25,"Vajra":7,"Bag of Preparation":24,"Medical Kit":18,"White Beast Statue":6,"FrozenCore":10,"SlaversCollar":19,"Dream Catcher":6,"Prayer Wheel":25,"HandDrill":12,"Cracked Core":0,"Unceasing Top":15,"Pocketwatch":9},{"Ice Cream":0,"Potion Belt":94,"Vajra":27,"Bag of Preparation":91,"Medical Kit":67,"White Beast Statue":22,"FrozenCore":38,"SlaversCollar":71,"Dream Catcher":22,"Prayer Wheel":94,"HandDrill":46,"Cracked Core":0,"Unceasing Top":59,"Pocketwatch":31}],"Unceasing Top":[34],"FrozenCore":[36],"Pocketwatch":[33]},"card_choices":[{"not_picked":["Streamline","Steam"],"picked":"Sweeping Beam","floor":1},{"not_picked":["Barrage","Undo"],"picked":"Gash","floor":2},{"not_picked":["Hello World","Stack"],"picked":"Steam","floor":3},{"not_picked":["Auto Shields","Darkness"],"picked":"Go for the Eyes","floor":4},{"not_picked":["White Noise","Chaos"],"picked":"Skim","floor":7},{"not_picked":["Glacier","Cold Snap"],"picked":"All For One","floor":8},{"not_picked":["Rebound","Sunder"],"picked":"Gash","floor":10},{"not_picked":["Streamline","Rebound"],"picked":"Gash","floor":11},{"not_picked":["Conserve Battery","Redo"],"picked":"Leap","floor":12},{"not_picked":["Echo Form","Conserve Battery"],"picked":"Genetic Algorithm","floor":14},{"not_picked":["Echo Form","Biased Cognition"],"picked":"All For One","floor":16},{"not_picked":["Skim","Turbo"],"picked":"Coolheaded","floor":18},{"not_picked":["Cold Snap","Conserve Battery","Leap"],"picked":"SKIP","floor":19},{"not_picked":["Leap","Coolheaded","Rip and Tear"],"picked":"SKIP","floor":22},{"not_picked":["FTL","Redo"],"picked":"Consume+1","floor":24},{"not_picked":["Hyperbeam","Aggregate"],"picked":"Gash+1","floor":25},{"not_picked":["Turbo","Rip and Tear","Coolheaded"],"picked":"SKIP","floor":27},{"not_picked":["Turbo","Rip and Tear","Coolheaded"],"picked":"SKIP","floor":27},{"not_picked":["Leap","Redo+1"],"picked":"Recycle","floor":28},{"not_picked":["Chill","Blizzard"],"picked":"Skim","floor":29},{"not_picked":["All For One","Fission"],"picked":"Biased Cognition","floor":33},{"not_picked":["Redo","Streamline"],"picked":"White Noise+1","floor":35},{"not_picked":["Streamline","Barrage"],"picked":"Aggregate+1","floor":36},{"not_picked":["Stack+1","Genetic Algorithm","Chill"],"picked":"SKIP","floor":37},{"not_picked":["Rainbow","Sweeping Beam+1"],"picked":"Beam Cell","floor":38},{"not_picked":["Blizzard+1","Hello World+1"],"picked":"Gash+1","floor":40},{"not_picked":["Tempest","Hello World"],"picked":"Seek","floor":42},{"not_picked":["Turbo","Streamline"],"picked":"Steam Power+1","floor":47},{"not_picked":["Barrage+1","Sweeping Beam+1","Turbo"],"picked":"SKIP","floor":47},{"not_picked":["Coolheaded+1","Turbo+1"],"picked":"Hologram+1","floor":48},{"not_picked":["Stack+1","Sweeping Beam+1","Double Energy"],"picked":"SKIP","floor":48},{"not_picked":["White Noise+1","Chaos"],"picked":"Beam Cell+1","floor":49}],"player_experience":178615,"relics_obtained":[{"floor":8,"key":"Dream Catcher"},{"floor":9,"key":"White Beast Statue"},{"floor":10,"key":"Vajra"},{"floor":14,"key":"Pocketwatch"},{"floor":25,"key":"Unceasing Top"},{"floor":40,"key":"Bag of Preparation"},{"floor":42,"key":"Prayer Wheel"},{"floor":43,"key":"Potion Belt"}],"event_choices":[{"damage_healed":0,"gold_gain":100,"player_choice":"Pray","damage_taken":0,"max_hp_gain":0,"max_hp_loss":0,"event_name":"Golden Shrine","floor":13,"gold_loss":0},{"damage_healed":0,"gold_gain":100,"player_choice":"Pray","damage_taken":0,"max_hp_gain":0,"max_hp_loss":0,"event_name":"Golden Shrine","floor":20,"gold_loss":0},{"damage_healed":0,"gold_gain":0,"player_choice":"Ignored","damage_taken":0,"max_hp_gain":0,"max_hp_loss":0,"event_name":"Tomb of Lord Red Mask","floor":45,"gold_loss":0}],"is_beta":false,"boss_relics":[{"not_picked":["Velvet Choker","Nuclear Battery"],"picked":"FrozenCore"},{"not_picked":["Black Star","Snecko Eye"],"picked":"SlaversCollar"}],"items_purged_floors":[21,31,39],"is_endless":false,"potions_floor_spawned":[2,3,7,10,11,14,16,18,19,22,24,25,27,29,30,33,35,36,37,38,40,42,47,48],"ascension_level":4}}