{"host":"7fomwthvpaeu368e","time":1611134286,"event":{"mods":["ATMod(∞¢Ë™Mod)","AchievementEnabler","Act Like it!","Arknights The Spire","Aspiration","Astrologer","BaseMod","Downfall","Gensokyo","Highlight Path","KinomotoSakuraMod(ƒæ÷Æ±æ”£)","KomeijiMod","Marisa£®ÏF”Í°°ƒß¿Ì…≥£©","Minty Spire (QoL Compilation)","Remilia£®¿Ÿ√◊¿Ú—«£©","StSLib","The Administrix","The Alterego","The Bug Knight","The Cursed","The Gatherer","The Hierophant","The Runesmith","The Servant 0.9.4","WarShipGirlsR/’ΩΩ¢…Ÿ≈ÆR mod","Youmu£®ªÍ∆«—˝√Œ£©","Yuri Mod","[IsaacMod]“‘»ˆº‚À˛"],"gold_per_floor":[118,118,130,130,145,179,192,192,215,215,232,232,250,276,276,379,379,395,129,146,146,172,172,198,198,198,198,255,286,307,307],"floor_reached":30,"language":"ZHS","playtime":2041,"items_purged":["Defend_B"],"score":244,"play_id":"c0aae3e4-b966-4a16-8491-d783ebf8315c","local_time":"20210120171806","is_ascension_mode":false,"campfire_choices":[{"data":"Loop","floor":8,"key":"SMITH"},{"data":"Zap","floor":10,"key":"SMITH"},{"floor":15,"key":"REST"},{"data":"AT_ThreeBodyProblem","floor":23,"key":"SMITH"},{"data":"ElectricPowerLearning","floor":25,"key":"SMITH"},{"data":"BettingIsNotGood","floor":27,"key":"SMITH"}],"circlet_count":0,"master_deck":["Strike_B","Strike_B","Strike_B","Defend_B","Defend_B","Defend_B","Zap+1","Dualcast+1","BettingIsNotGood+1","AT_ChampionStep","Melter","Coolheaded","Conserve Battery","Loop+1","Streamline","Genetic Algorithm","Conserve Battery","ElectricPowerLearning+1","Compile Driver","Amplify","Cancel","Beam Cell","Multi-Cast","Doom and Gloom","AT_ThreeBodyProblem+1","Cold Snap","AT_ThunderBolt","Fan","Lockon"],"relics":["Cracked Core","AT_ATBox","HushsDoor","PillsDrop","NeowsBlessing","aspiration:BabyByrd","PreservedInsect","Oddly Smooth Stone","Bottled Lightning","MagicMushroom","SalivaCoin","AnarchistCookbook"],"acts_visited":["Exordium","TheCity"],"potions_floor_usage":[6,6,11],"damage_taken":[{"damage":0,"enemies":"2 Louse","floor":1,"turns":1},{"damage":0,"enemies":"Cultist","floor":3,"turns":1},{"damage":0,"enemies":"Jaw Worm","floor":5,"turns":1},{"damage":2,"enemies":"3 Sentries","floor":6,"turns":5},{"damage":13,"enemies":"Looter","floor":7,"turns":3},{"damage":9,"enemies":"Large Slime","floor":11,"turns":4},{"damage":3,"enemies":"Lots of Slimes","floor":13,"turns":2},{"damage":13,"enemies":"Lagavulin","floor":14,"turns":5},{"damage":28,"enemies":"Slime Boss","floor":16,"turns":9},{"damage":7,"enemies":"Spheric Guardian","floor":18,"turns":3},{"damage":13,"enemies":"2 Thieves","floor":20,"turns":4},{"damage":18,"enemies":"Centurion and Healer","floor":22,"turns":7},{"damage":10,"enemies":"Snake Plant","floor":24,"turns":4},{"damage":19,"enemies":"Chosen and Byrds","floor":28,"turns":3},{"damage":24,"enemies":"Centurion and Healer","floor":29,"turns":8},{"damage":16,"enemies":"Sentry and Sphere","floor":30,"turns":3}],"seed_played":"-6809158913641564825","potions_obtained":[{"floor":3,"key":"Block Potion"},{"floor":5,"key":"FocusPotion"},{"floor":6,"key":"SkillPotion"},{"floor":18,"key":"CalmPotion"},{"floor":20,"key":"Explosive Potion"},{"floor":29,"key":"Regen Potion"}],"is_trial":false,"path_per_floor":["M","?","M","?","M","E","M","R","T","R","M","?","M","E","R","B",null,"M","$","M","?","M","R","M","R","T","R","M","M","M"],"character_chosen":"DEFECT","items_purchased":["Beam Cell","Multi-Cast","Doom and Gloom"],"campfire_rested":1,"item_purchase_floors":[19,19,19],"current_hp_per_floor":[75,75,75,75,75,73,60,60,60,60,54,54,51,38,61,33,85,82,82,75,60,43,43,34,34,34,34,16,10,0,0],"gold":307,"neow_bonus":"THREE_ENEMY_KILL","is_daily":false,"chose_seed":false,"campfire_upgraded":5,"win_rate":0.0,"timestamp":1611134286,"path_taken":["M","?","?","?","M","E","M","R","T","R","M","?","M","E","R","BOSS","M","?","M","?","M","R","?","R","T","R","M","M","M"],"items_purchased_type":["Card","Card","Card"],"build_version":"2020-12-22","purchased_purges":1,"victory":false,"max_hp_per_floor":[75,75,75,75,75,75,75,75,75,75,78,78,78,78,78,78,85,88,88,88,88,88,88,88,88,88,88,88,88,88,88],"card_choices":[{"not_picked":[],"picked":"BettingIsNotGood","floor":0},{"not_picked":["Reprogram","FTL"],"picked":"Melter","floor":1},{"not_picked":["Barrage","AT_HeatAcrobatics"],"picked":"Conserve Battery","floor":3},{"not_picked":["Ball Lightning","Blizzard"],"picked":"Loop","floor":5},{"not_picked":["Buffer","Blizzard"],"picked":"Streamline","floor":6},{"not_picked":["Ball Lightning","Blizzard"],"picked":"Genetic Algorithm","floor":7},{"not_picked":["Hologram","Gash"],"picked":"Conserve Battery","floor":11},{"not_picked":["aspiration:Polymerization","Barrage"],"picked":"ElectricPowerLearning","floor":13},{"not_picked":["Genetic Algorithm","Streamline"],"picked":"Compile Driver","floor":14},{"not_picked":["ElectricPowerLearning","AT_RightCognition"],"picked":"Amplify","floor":16},{"not_picked":["Melter","Steam Power"],"picked":"Cancel","floor":18},{"not_picked":["Streamline+1","Rebound"],"picked":"AT_ThreeBodyProblem","floor":20},{"not_picked":["Reinforced Body","Skim"],"picked":"Cold Snap","floor":22},{"not_picked":["Sweeping Beam","Conserve Battery+1"],"picked":"AT_ThunderBolt","floor":24},{"not_picked":["Barrage","Doom and Gloom"],"picked":"Fan","floor":28},{"not_picked":["Barrage","Distribution"],"picked":"Lockon","floor":29}],"player_experience":27115,"relics_obtained":[{"floor":6,"key":"PreservedInsect"},{"floor":9,"key":"Oddly Smooth Stone"},{"floor":14,"key":"Bottled Lightning"},{"floor":26,"key":"AnarchistCookbook"}],"event_choices":[{"damage_healed":0,"gold_gain":0,"cards_transformed":["Strike_B"],"player_choice":"Transformed","damage_taken":0,"max_hp_gain":0,"max_hp_loss":0,"event_name":"Transmorgrifier","floor":2,"gold_loss":0,"cards_obtained":["Coolheaded"]},{"damage_healed":0,"gold_gain":0,"player_choice":"Grow","damage_taken":0,"max_hp_gain":0,"max_hp_loss":0,"event_name":"Living Wall","floor":12,"gold_loss":0,"cards_upgraded":["Dualcast"]}],"is_beta":false,"boss_relics":[{"not_picked":["Sozu","Fusion Hammer"],"picked":"MagicMushroom"},{"not_picked":[]}],"items_purged_floors":[19],"is_endless":false,"potions_floor_spawned":[3,5,6,18,20,29],"killed_by":"Sentry and Sphere","ascension_level":0}}