{"host":"jfbo3eu2ui08ej1u","time":1611117101,"event":{"mods":["2.2 Compatiblity","AchievementEnabler","Act Like it!","Aspiration","BaseMod","Better Altar","Better Match","Better Note","Better Sensory Stone","Better Skull","Better Third Choice","Block Reminder","Colored Map","Colored Powertips","Conspire","DeckTracker","Displayed Cursed Tome","Energized Spire","Fox Events","GifTheSpireLib","Hubris","Infinite Spire","Marked Mod","Minty Spire (QoL Compilation)","Pale of the Ancients","Poor People Problems","Quick Restart","Relic Filter","Reorder Act Four","Replay The Spire","Shop Mod","Spicy Shops","Spire Arcade","StSLib","Stuff the Spire","The Blue Laboratory","The Disciple","The Forsaken","The Hierophant","The Marked","Uncapped","Unceasing Turn Reminder","Wandering Minibosses"],"gold_per_floor":[119,133,149,167,167,167,200,212,265,265,282,317,317,334,334,407,407,423,71,105,105,30,30,30],"floor_reached":23,"language":"ENG","playtime":849,"items_purged":["Strike_B"],"score":392,"play_id":"45f94b54-3cf6-4c70-b6db-614e8617996f","local_time":"20210119233141","is_ascension_mode":true,"campfire_choices":[{"data":"Hologram","floor":6.0,"key":"SMITH"},{"floor":10.0,"key":"REST"},{"floor":13.0,"key":"REST"},{"floor":15.0,"key":"REST"}],"circlet_count":0,"master_deck":["AscendersBane","Strike_B","Defend_B","Defend_B","Defend_B","Defend_B","Zap","Dualcast","Ball Lightning","Genetic Algorithm","Hologram+1","Turbo","Cold Snap","Auto Shields","Capacitor","Steam Power","Creative AI","Compile Driver","Amplify","Coolheaded","Melter","Sunder","Glacier+1","Panic Button","Defragment","StuffTheSpire:Ambrosia"],"relics":["Cracked Core","Prayer Wheel","Vajra","MealTicket","Prayer Wheel","conspire:Flyswatter","energizedSpire:RedRose","hubris:PeanutButter","Red Mask"],"acts_visited":["Exordium","TheCity"],"potions_floor_usage":[],"damage_taken":[{"damage":7.0,"enemies":"Small Slimes","floor":1.0,"turns":3.0},{"damage":6.0,"enemies":"Jaw Worm","floor":2.0,"turns":3.0},{"damage":3.0,"enemies":"2 Louse","floor":3.0,"turns":3.0},{"damage":5.0,"enemies":"Blue Slaver","floor":4.0,"turns":2.0},{"damage":27.0,"enemies":"Replay:BlueRogue","floor":7.0,"turns":8.0},{"damage":0.0,"enemies":"2 Fungi Beasts","floor":8.0,"turns":2.0},{"damage":3.0,"enemies":"conspire:2 RoseBushes","floor":11.0,"turns":4.0},{"damage":21.0,"enemies":"Lagavulin","floor":12.0,"turns":6.0},{"damage":2.0,"enemies":"3 Louse","floor":14.0,"turns":3.0},{"damage":41.0,"enemies":"The Guardian","floor":16.0,"turns":14.0},{"damage":25.0,"enemies":"2 Thieves","floor":18.0,"turns":5.0},{"damage":25.0,"enemies":"Masked Bandits","floor":20.0,"turns":6.0},{"damage":21,"enemies":"Replay:Snechameleon","floor":23,"turns":8}],"seed_played":"-7656847533348636168","potions_obtained":[{"floor":3.0,"key":"Energy Potion"},{"floor":7.0,"key":"SkillPotion"},{"floor":8.0,"key":"blueLaboratory:BottledHope"},{"floor":14.0,"key":"Strength Potion"},{"floor":16.0,"key":"Fire Potion"}],"is_trial":false,"path_per_floor":["M","M","M","M","?","R","E","M","T","R","M","E","R","M","R","B",null,"M","$","?","?","?","E"],"character_chosen":"DEFECT","items_purchased":["hubris:PeanutButter"],"campfire_rested":3,"item_purchase_floors":[19],"current_hp_per_floor":[57,51,48,43,43,43,16,16,16,37,34,13,34,32,53,12,56,31,46,21,21,21,1,1],"gold":30,"neow_bonus":"THREE_CARDS","is_daily":false,"chose_seed":false,"campfire_upgraded":1,"win_rate":0.0,"timestamp":1611117101,"path_taken":["M","M","M","M","?","R","E","M","T","R","M","E","R","M","R","BOSS","M","$","?","?","?","E"],"items_purchased_type":["Relic"],"build_version":"2020-12-22","purchased_purges":1,"victory":false,"max_hp_per_floor":[71,71,71,71,71,71,71,71,71,71,71,71,71,71,71,71,71,71,71,71,71,71,72,72],"card_choices":[{"not_picked":["Gash","StuffTheSpire:Rend"],"picked":"Ball Lightning","floor":0.0},{"not_picked":["Sweeping Beam","Panic Button"],"picked":"Genetic Algorithm","floor":1.0},{"not_picked":["ReplayTheSpireMod:GoodbyeWorld","Redo"],"picked":"Hologram","floor":2.0},{"not_picked":["Gash","Sweeping Beam"],"picked":"Turbo","floor":3.0},{"not_picked":["Gash","Force Field"],"picked":"ReplayTheSpireMod:Fabricate Wheel","floor":4.0},{"not_picked":["conspire:Rain","Fusion"],"picked":"Cold Snap","floor":7.0},{"not_picked":["Turbo","Redo"],"picked":"Auto Shields","floor":8.0},{"not_picked":["Coolheaded","Compile Driver"],"picked":"Capacitor","floor":8.0},{"not_picked":["Steam","Ball Lightning"],"picked":"Steam Power","floor":11.0},{"not_picked":["Chill","ReplayTheSpireMod:Reroute Power","ReplayTheSpireMod:GoodbyeWorld"],"picked":"SKIP","floor":11.0},{"not_picked":["Redo","Skim"],"picked":"Creative AI","floor":12.0},{"not_picked":["Time Bomb","FTL"],"picked":"Compile Driver","floor":14.0},{"not_picked":["Steam","Beam Cell","Gash"],"picked":"SKIP","floor":14.0},{"not_picked":["Hello World","StuffTheSpire:Rend","Heatsinks"],"picked":"SKIP","floor":14.0},{"not_picked":["Creative AI","All For One"],"picked":"Amplify","floor":16.0},{"not_picked":["BasicCrystalCard","Cold Snap"],"picked":"Coolheaded","floor":18.0},{"not_picked":["StuffTheSpire:LoadUp","Cold Snap"],"picked":"Melter","floor":18.0},{"not_picked":["conspire:SharedLibrary","Recycle"],"picked":"Sunder","floor":18.0},{"not_picked":["Coolheaded","Hologram"],"picked":"Glacier+1","floor":20.0}],"player_experience":1210601,"relics_obtained":[{"floor":7.0,"key":"Vajra"},{"floor":9.0,"key":"MealTicket"},{"floor":12.0,"key":"conspire:Flyswatter"},{"floor":20.0,"key":"Red Mask"}],"event_choices":[{"damage_healed":0.0,"max_hp_gain":0.0,"max_hp_loss":0.0,"gold_gain":0.0,"event_name":"Masked Bandits","player_choice":"Fought Bandits","floor":20.0,"gold_loss":0.0,"damage_taken":0.0},{"damage_healed":0.0,"max_hp_gain":0.0,"max_hp_loss":0.0,"gold_gain":0.0,"cards_transformed":["Strike_B","Strike_B"],"event_name":"Drug Dealer","player_choice":"Became Test Subject","floor":21.0,"gold_loss":0.0,"damage_taken":0.0,"cards_obtained":["Panic Button","Defragment"]}],"is_beta":false,"boss_relics":[{"not_picked":["Pandora\u0027s Box","conspire:RunicOctahedron"],"picked":"energizedSpire:RedRose"}],"items_purged_floors":[19],"is_endless":false,"potions_floor_spawned":[3,7,8,14,16],"killed_by":"Replay:Snechameleon","ascension_level":19}}