{"host":"70zhvo5nwrhp1mbg","time":1611119208,"event":{"mods":["BaseMod","Colored Map","Colored Powertips","Filter the Spire","Highlight Path","Minty Spire (QoL Compilation)","Rare Cards Sparkle","StSLib"],"gold_per_floor":[117,127,127,127,143,468,468,488,488,131,145,161,187,187,187,187,187],"floor_reached":16,"language":"ENG","playtime":1897,"items_purged":[],"score":146,"play_id":"f11c1012-1abb-410b-bce2-a5e1e799432e","local_time":"20210120000648","is_ascension_mode":true,"campfire_choices":[{"data":"Searing Blow","floor":7,"key":"SMITH"},{"floor":15,"key":"REST"}],"circlet_count":0,"master_deck":["Strike_R","Strike_R","Strike_R","Strike_R","Strike_R","Defend_R","Defend_R","Defend_R","Defend_R","Bash","Perfected Strike","Headbutt","Searing Blow+1","Demon Form","Heavy Blade","Anger","Pommel Strike","Anger","Cleave","Flame Barrier"],"relics":["Burning Blood","Meat on the Bone","Old Coin","Turnip","Matryoshka","Lantern"],"acts_visited":["Exordium"],"potions_floor_usage":[6,13,16],"damage_taken":[{"damage":4,"enemies":"Cultist","floor":1,"turns":5},{"damage":4,"enemies":"Small Slimes","floor":2,"turns":4},{"damage":1,"enemies":"2 Louse","floor":5,"turns":3},{"damage":31,"enemies":"Gremlin Nob","floor":6,"turns":4},{"damage":16,"enemies":"Lots of Slimes","floor":8,"turns":5},{"damage":11,"enemies":"Blue Slaver","floor":11,"turns":3},{"damage":16,"enemies":"Gremlin Gang","floor":12,"turns":4},{"damage":53,"enemies":"Lagavulin","floor":13,"turns":6},{"damage":54,"enemies":"Hexaghost","floor":16,"turns":9}],"seed_played":"7722668862749272487","potions_obtained":[{"floor":1,"key":"FearPotion"},{"floor":8,"key":"EssenceOfSteel"},{"floor":13,"key":"Block Potion"}],"is_trial":false,"path_per_floor":["M","M","?","?","M","E","R","M","T","$","M","M","E","?","R","B"],"character_chosen":"IRONCLAD","items_purchased":["Anger","Matryoshka","Pommel Strike"],"campfire_rested":1,"item_purchase_floors":[10,10,10],"current_hp_per_floor":[82,84,81,81,86,61,61,51,51,51,58,60,25,25,51,0,0],"gold":187,"neow_bonus":"TEN_PERCENT_HP_BONUS","is_daily":false,"chose_seed":false,"campfire_upgraded":1,"win_rate":0.0,"timestamp":1611119208,"path_taken":["M","M","?","?","M","E","R","M","T","$","M","M","E","?","R","BOSS"],"items_purchased_type":["Card","Relic","Card"],"build_version":"2020-12-22","purchased_purges":0,"victory":false,"max_hp_per_floor":[88,88,88,88,88,88,88,88,88,88,88,88,88,88,88,88,88],"card_choices":[{"not_picked":["Sever Soul","Body Slam"],"picked":"Perfected Strike","floor":1},{"not_picked":["Perfected Strike","Clothesline"],"picked":"Headbutt","floor":2},{"not_picked":["Iron Wave","Warcry"],"picked":"Searing Blow","floor":5},{"not_picked":["Cleave","Warcry"],"picked":"Demon Form","floor":6},{"not_picked":["Flex","Perfected Strike"],"picked":"Heavy Blade","floor":8},{"not_picked":["Twin Strike","Clothesline"],"picked":"Anger","floor":11},{"not_picked":["Whirlwind","Combust"],"picked":"Cleave","floor":12},{"not_picked":["Hemokinesis","Anger"],"picked":"Flame Barrier","floor":13}],"player_experience":394424,"relics_obtained":[{"floor":6,"key":"Old Coin"},{"floor":9,"key":"Turnip"},{"floor":13,"key":"Lantern"}],"event_choices":[{"damage_healed":0,"gold_gain":0,"player_choice":"Success","damage_taken":3,"relics_obtained":["Meat on the Bone"],"max_hp_gain":0,"max_hp_loss":0,"event_name":"Scrap Ooze","floor":3,"gold_loss":0},{"damage_healed":0,"gold_gain":0,"player_choice":"Ignored","damage_taken":0,"max_hp_gain":0,"max_hp_loss":0,"event_name":"Liars Game","floor":4,"gold_loss":0},{"damage_healed":0,"gold_gain":0,"player_choice":"Ignored","damage_taken":0,"max_hp_gain":0,"max_hp_loss":0,"event_name":"Purifier","floor":14,"gold_loss":0}],"is_beta":false,"boss_relics":[],"items_purged_floors":[],"is_endless":false,"potions_floor_spawned":[1,8,13],"killed_by":"Hexaghost","ascension_level":6}}