{"host":"soyfmymeou4emntr","time":1611164907,"event":{"mods":["BaseMod","BetterRewards","Minty Spire (QoL Compilation)","Relic Sorter","Relic Stats","StSLib"],"gold_per_floor":[115,134,152,122,142,142,174,187,187,198,198,228,50,83,83,83,83],"floor_reached":16,"language":"ENG","playtime":1222,"items_purged":["Strike_R","Strike_R"],"score":244,"play_id":"71b915ea-e2ff-4237-9078-e757456ca9e6","local_time":"20210120104826","is_ascension_mode":true,"campfire_choices":[{"data":"Uppercut","floor":6,"key":"SMITH"},{"floor":11,"key":"REST"},{"data":"True Grit","floor":15,"key":"SMITH"}],"circlet_count":0,"master_deck":["AscendersBane","Strike_R+1","Strike_R","Strike_R","Defend_R","Defend_R","Defend_R","Defend_R","Bash","Uppercut+1","Shrug It Off","Battle Trance","Shockwave","True Grit+1","Evolve","Feed+1","Cleave","Feel No Pain+1","Feel No Pain+1","Second Wind"],"relics":["Burning Blood","Omamori","Matryoshka","Frozen Egg 2","Whetstone"],"acts_visited":["Exordium"],"potions_floor_usage":[3,7,8,12,16],"damage_taken":[{"damage":0,"enemies":"Cultist","floor":1,"turns":3},{"damage":2,"enemies":"2 Louse","floor":2,"turns":3},{"damage":8,"enemies":"Small Slimes","floor":3,"turns":4},{"damage":2,"enemies":"Exordium Wildlife","floor":5,"turns":4},{"damage":22,"enemies":"3 Sentries","floor":7,"turns":8},{"damage":2,"enemies":"3 Louse","floor":8,"turns":3},{"damage":27,"enemies":"Large Slime","floor":10,"turns":8},{"damage":24,"enemies":"Gremlin Nob","floor":12,"turns":4},{"damage":11,"enemies":"3 Sentries","floor":14,"turns":11},{"damage":48,"enemies":"Hexaghost","floor":16,"turns":16}],"seed_played":"-587122468598992066","potions_obtained":[{"floor":1,"key":"SteroidPotion"},{"floor":2,"key":"DistilledChaos"},{"floor":3,"key":"SkillPotion"},{"floor":4,"key":"PowerPotion"},{"floor":10,"key":"AttackPotion"},{"floor":12,"key":"Block Potion"},{"floor":14,"key":"Ancient Potion"}],"is_trial":false,"path_per_floor":["M","M","M","?","M","R","E","M","T","M","R","E","$","E","R","B"],"character_chosen":"IRONCLAD","items_purchased":["Uppercut","Feel No Pain+1"],"campfire_rested":1,"item_purchase_floors":[0,13],"current_hp_per_floor":[74,75,73,73,75,75,59,63,63,45,68,50,50,48,48,0,0],"gold":83,"neow_bonus":"","is_daily":false,"chose_seed":false,"campfire_upgraded":2,"win_rate":0.0,"timestamp":1611164906,"path_taken":["M","M","?","?","M","R","E","M","T","M","R","E","?","E","R","BOSS"],"items_purchased_type":["Card","Card"],"build_version":"2020-12-22","purchased_purges":2,"victory":false,"max_hp_per_floor":[75,75,75,75,75,75,75,75,75,78,78,78,78,81,81,81,81],"relic_stats":{"counters":[17,87],"Whetstone":["Feed","Strike_R"],"obtain_stats":[{"Matryoshka":9,"Snecko Eye":0,"Turnip":9,"Incense Burner":8,"Omamori":7,"Whetstone":14,"Frozen Egg 2":12,"Burning Blood":0,"InkBottle":6},{"Matryoshka":13,"Snecko Eye":0,"Turnip":6,"Incense Burner":6,"Omamori":12,"Whetstone":16,"Frozen Egg 2":15,"Burning Blood":0,"InkBottle":5},{"Matryoshka":48,"Snecko Eye":0,"Turnip":18,"Incense Burner":18,"Omamori":45,"Whetstone":71,"Frozen Egg 2":60,"Burning Blood":0,"InkBottle":13}],"Burning Blood":49},"card_choices":[{"not_picked":["Heavy Blade","Dropkick"],"picked":"Shrug It Off","floor":1},{"not_picked":["Entrench","Rage"],"picked":"Battle Trance","floor":2},{"not_picked":["Infernal Blade","True Grit"],"picked":"Shockwave","floor":3},{"not_picked":["Blood for Blood","Rage"],"picked":"True Grit","floor":5},{"not_picked":["Clothesline","Perfected Strike"],"picked":"Evolve","floor":7},{"not_picked":["Armaments","Heavy Blade"],"picked":"Feed","floor":8},{"not_picked":["Warcry","Headbutt"],"picked":"Cleave","floor":10},{"not_picked":["Anger","Sever Soul"],"picked":"Feel No Pain+1","floor":12},{"not_picked":["Shrug It Off","Clash"],"picked":"Second Wind","floor":14}],"player_experience":2873098,"relics_obtained":[{"floor":7,"key":"Omamori"},{"floor":9,"key":"Matryoshka"},{"floor":12,"key":"Frozen Egg 2"},{"floor":14,"key":"Whetstone"}],"event_choices":[{"damage_healed":0,"gold_gain":0,"player_choice":"Bought 2 Potions","damage_taken":0,"max_hp_gain":0,"max_hp_loss":0,"event_name":"The Woman in Blue","floor":4,"gold_loss":0}],"is_beta":false,"boss_relics":[],"items_purged_floors":[0,13],"is_endless":false,"potions_floor_spawned":[1,2,3,10,12,14],"killed_by":"Hexaghost","ascension_level":20}}