{"host":"zxkjcgzis4pm3za5","time":1611114860,"event":{"mods":["AchievementEnabler","Act Like it!","BaseMod","Colored Map","Colored Powertips","Friendly Minions","GifTheSpireLib","Minty Spire (QoL Compilation)","Quick Restart","RNG Fix","Random Character Button","Relic Sorter","Relic Stats","StSLib"],"gold_per_floor":[113,113,113,132,132,167,182,208,208,208,208,173,192,227,227,301,301,312,288,238,253,263,263,274,303,303,315,315,640,640,655,655,728,728,745,765,765,776,793,793,793],"floor_reached":40,"language":"ENG","playtime":1562,"items_purged":[],"score":941,"play_id":"242f2918-ff8a-4987-9601-acedd985e480","local_time":"20210120092420","is_ascension_mode":true,"campfire_choices":[{"floor":11.0,"key":"REST"},{"data":"Vigilance","floor":15.0,"key":"SMITH"},{"data":"DeusExMachina","floor":23.0,"key":"SMITH"},{"floor":30.0,"key":"REST"},{"floor":32.0,"key":"REST"}],"circlet_count":0,"master_deck":["AscendersBane","Strike_P+1","Strike_P+1","Strike_P","Strike_P","Defend_P","Defend_P","Eruption+1","Vigilance+1","WheelKick","CrushJoints+1","DeusExMachina+1","Brilliance+1","Conclude+1","Worship+1","InnerPeace+1","FlurryOfBlows+1","Consecrate+1","Indignation","CutThroughFate+1","J.A.X.","SashWhip+1","Vault","ThirdEye","Pray+1","FearNoEvil+1","FollowUp+1"],"relics":["Busted Crown","Pen Nib","StrikeDummy","HornCleat","Molten Egg 2","Bottled Lightning","Astrolabe","White Beast Statue","Dead Branch","Old Coin","SlaversCollar"],"acts_visited":["TheCity","TheBeyond"],"potions_floor_usage":[],"damage_taken":[{"damage":1.0,"enemies":"Jaw Worm","floor":1.0,"turns":6.0},{"damage":0.0,"enemies":"Small Slimes","floor":4.0,"turns":3.0},{"damage":8.0,"enemies":"3 Sentries","floor":6.0,"turns":7.0},{"damage":0.0,"enemies":"2 Louse","floor":7.0,"turns":2.0},{"damage":0.0,"enemies":"Lagavulin","floor":8.0,"turns":5.0},{"damage":2.0,"enemies":"Exordium Wildlife","floor":13.0,"turns":2.0},{"damage":7.0,"enemies":"Gremlin Nob","floor":14.0,"turns":4.0},{"damage":24.0,"enemies":"Hexaghost","floor":16.0,"turns":5.0},{"damage":6.0,"enemies":"3 Byrds","floor":18.0,"turns":3.0},{"damage":10.0,"enemies":"2 Thieves","floor":21.0,"turns":2.0},{"damage":0.0,"enemies":"Centurion and Healer","floor":22.0,"turns":3.0},{"damage":0.0,"enemies":"Sentry and Sphere","floor":24.0,"turns":2.0},{"damage":0.0,"enemies":"Gremlin Leader","floor":25.0,"turns":2.0},{"damage":0.0,"enemies":"Snake Plant","floor":27.0,"turns":2.0},{"damage":25.0,"enemies":"Slavers","floor":29.0,"turns":2.0},{"damage":20.0,"enemies":"Snecko","floor":31.0,"turns":5.0},{"damage":18.0,"enemies":"Champ","floor":33.0,"turns":4.0},{"damage":5.0,"enemies":"3 Shapes","floor":35.0,"turns":5.0},{"damage":3.0,"enemies":"3 Darklings","floor":36.0,"turns":3.0},{"damage":30,"enemies":"Sphere and 2 Shapes","floor":38,"turns":6},{"damage":13,"enemies":"Transient","floor":39,"turns":5},{"damage":67,"enemies":"Nemesis","floor":40,"turns":3}],"seed_played":"7870800716128528594","potions_obtained":[{"floor":4.0,"key":"Fire Potion"},{"floor":6.0,"key":"SpeedPotion"},{"floor":14.0,"key":"SteroidPotion"},{"floor":16.0,"key":"FairyPotion"},{"floor":18.0,"key":"Ancient Potion"}],"is_trial":false,"path_per_floor":["M","?","?","M","?","E","M","E","T","$","R","?","M","E","R","B",null,"M","$","$","M","M","R","M","E","T","M","?","E","R","M","R","B",null,"M","M","?","M","M","E"],"character_chosen":"WATCHER","items_purchased":["FlurryOfBlows+1","Consecrate+1"],"campfire_rested":3,"item_purchase_floors":[19,20],"current_hp_per_floor":[60,60,40,40,14,6,6,6,6,6,26,43,41,34,34,10,54,48,48,48,38,38,38,38,38,38,38,38,13,33,13,33,15,55,50,47,47,17,4,0,0],"gold":793,"neow_bonus":"BOSS_RELIC","is_daily":false,"chose_seed":false,"campfire_upgraded":2,"win_rate":0.0,"timestamp":1611114860,"path_taken":["M","?","?","M","?","E","?","E","T","$","R","?","M","E","R","BOSS","M","?","$","?","M","R","M","E","T","M","?","E","R","M","R","BOSS","M","M","?","M","M","E"],"items_purchased_type":["Card","Card"],"build_version":"2020-12-22","purchased_purges":0,"victory":false,"max_hp_per_floor":[68,68,68,68,68,68,68,68,68,68,68,68,68,68,68,68,68,68,68,68,68,68,68,68,68,68,68,68,68,68,68,68,68,68,68,68,68,68,68,68,68],"relic_stats":{"Busted Crown":42,"counters":[22,81],"Astrolabe":["Brilliance","Conclude","Worship"],"Dead Branch":[52],"Pen Nib":[16],"obtain_stats":[{"SlaversCollar":34,"Busted Crown":0,"HornCleat":8,"Astrolabe":17,"Dead Branch":26,"Molten Egg 2":9,"Pen Nib":5,"Bottled Lightning":14,"PureWater":0,"StrikeDummy":6,"White Beast Statue":25,"Old Coin":29},{"SlaversCollar":17,"Busted Crown":0,"HornCleat":5,"Astrolabe":8,"Dead Branch":13,"Molten Egg 2":5,"Pen Nib":2,"Bottled Lightning":7,"PureWater":0,"StrikeDummy":3,"White Beast Statue":13,"Old Coin":15},{"SlaversCollar":59,"Busted Crown":0,"HornCleat":23,"Astrolabe":34,"Dead Branch":46,"Molten Egg 2":23,"Pen Nib":9,"Bottled Lightning":29,"PureWater":0,"StrikeDummy":16,"White Beast Statue":46,"Old Coin":50}]},"card_choices":[{"not_picked":[],"picked":"Crescendo","floor":1.0},{"not_picked":[],"picked":"JustLucky","floor":4.0},{"not_picked":[],"picked":"WheelKick","floor":6.0},{"not_picked":["SignatureMove"],"picked":"SKIP","floor":7.0},{"not_picked":["ReachHeaven"],"picked":"SKIP","floor":8.0},{"not_picked":["Nirvana"],"picked":"SKIP","floor":13.0},{"not_picked":[],"picked":"CrushJoints+1","floor":14.0},{"not_picked":[],"picked":"DeusExMachina","floor":16.0},{"not_picked":[],"picked":"InnerPeace+1","floor":18.0},{"not_picked":["JustLucky+1"],"picked":"SKIP","floor":21.0},{"not_picked":["Collect"],"picked":"SKIP","floor":22.0},{"not_picked":[],"picked":"Indignation","floor":24.0},{"not_picked":["Consecrate+1"],"picked":"SKIP","floor":25.0},{"not_picked":[],"picked":"CutThroughFate+1","floor":27.0},{"not_picked":["ClearTheMind"],"picked":"SKIP","floor":29.0},{"not_picked":[],"picked":"SashWhip+1","floor":31.0},{"not_picked":[],"picked":"Vault","floor":33.0},{"not_picked":[],"picked":"ThirdEye","floor":35.0},{"not_picked":[],"picked":"Pray+1","floor":36.0},{"not_picked":[],"picked":"FearNoEvil+1","floor":38},{"not_picked":[],"picked":"FollowUp+1","floor":39}],"player_experience":244383,"relics_obtained":[{"floor":6.0,"key":"StrikeDummy"},{"floor":8.0,"key":"HornCleat"},{"floor":9.0,"key":"Molten Egg 2"},{"floor":14.0,"key":"Bottled Lightning"},{"floor":25.0,"key":"White Beast Statue"},{"floor":26.0,"key":"Dead Branch"},{"floor":29.0,"key":"Old Coin"}],"event_choices":[{"damage_healed":0.0,"max_hp_gain":0.0,"max_hp_loss":0.0,"gold_gain":0.0,"event_name":"Upgrade Shrine","player_choice":"Upgraded","floor":2.0,"gold_loss":0.0,"damage_taken":0.0,"cards_upgraded":["Eruption"]},{"damage_healed":0.0,"max_hp_gain":0.0,"max_hp_loss":0.0,"gold_gain":0.0,"event_name":"Shining Light","player_choice":"Entered Light","floor":3.0,"gold_loss":0.0,"damage_taken":20.0,"cards_upgraded":["Strike_P","Strike_P"]},{"damage_healed":0.0,"max_hp_gain":0.0,"max_hp_loss":0.0,"gold_gain":0.0,"event_name":"Scrap Ooze","player_choice":"Success","floor":5.0,"gold_loss":0.0,"damage_taken":26.0,"relics_obtained":["Pen Nib"]},{"damage_healed":17.0,"max_hp_gain":0.0,"max_hp_loss":0.0,"gold_gain":0.0,"event_name":"The Cleric","player_choice":"Healed","floor":12.0,"gold_loss":35.0,"damage_taken":0.0},{"damage_healed":0.0,"max_hp_gain":0.0,"max_hp_loss":0.0,"gold_gain":0.0,"event_name":"Drug Dealer","player_choice":"Obtain J.A.X.","floor":28.0,"gold_loss":0.0,"damage_taken":0.0,"cards_obtained":["J.A.X."]},{"cards_removed":["Defend_P"],"damage_healed":0.0,"max_hp_gain":0.0,"max_hp_loss":0.0,"gold_gain":0.0,"event_name":"Falling","player_choice":"Removed Skill","floor":37.0,"gold_loss":0.0,"damage_taken":0.0}],"is_beta":false,"boss_relics":[{"not_picked":["Pandora\u0027s Box","VioletLotus"],"picked":"Astrolabe"},{"not_picked":["Philosopher\u0027s Stone","Snecko Eye"],"picked":"SlaversCollar"}],"items_purged_floors":[],"is_endless":false,"potions_floor_spawned":[4,6,14,16,18,27,29,31,33,35,36,38,39],"killed_by":"Nemesis","ascension_level":16}}