{"host":"d7fiu2yjkssjxoz6","time":1611104724,"event":{"mods":["AchievementEnabler","BaseMod","Duelist Mod","GifTheSpireLib","Minty Spire (QoL Compilation)","StSLib"],"gold_per_floor":[241,258,273,290,290,330,330,24,50,64,79,110,110,123,123,243,243,266,266,266,286,286,286,330,330,353,391,414,452,146,162,162,283,283,296,296,290,290,290,290,275,275],"floor_reached":41,"language":"ENG","playtime":2373,"items_purged":[],"score":997,"play_id":"5b1e6f89-deef-4c14-9949-b1abf0e66569","local_time":"20210119170524","is_ascension_mode":true,"campfire_choices":[{"floor":13,"key":"REST"},{"data":"theDuelist:RarePowerMetronome","floor":15,"key":"SMITH"},{"floor":23,"key":"RECALL"},{"data":"theDuelist:MillenniumGolem","floor":25,"key":"SMITH"},{"floor":32,"key":"REST"},{"floor":40,"key":"REST"}],"circlet_count":0,"master_deck":["theDuelist:BlockMetronome","theDuelist:MagnetMetronome","theDuelist:AttackTheMoon","theDuelist:AttackMetronome","theDuelist:MillenniumGolem+1","theDuelist:EarthGiant+1","theDuelist:BlockMetronome","theDuelist:SkillMetronome","theDuelist:BlockMetronome","theDuelist:TokenMetronome+1","theDuelist:YellowBelliedOni","theDuelist:LegendBlueEyesMetronome","theDuelist:WeepingIdol","theDuelist:PotMetronome+1","theDuelist:SkillMetronome","theDuelist:TrapMetronome","theDuelist:Blockman","theDuelist:RarePowerMetronome+1","theDuelist:UncommonAttackMetronome","theDuelist:SpellcasterMetronome","theDuelist:UndeadMetronome","theDuelist:MonsterReborn","theDuelist:AttackMetronome","theDuelist:EarthquakeGiant","theDuelist:AttackMetronome","theDuelist:RareMonsterMetronome+1","theDuelist:PowerMetronome","theDuelist:EarthquakeGiant","theDuelist:DeltaMagnet","theDuelist:Blockman","theDuelist:BlockGolem","theDuelist:Metronome","theDuelist:AttackMetronome","theDuelist:BlockMetronome","theDuelist:Raigeki+1","theDuelist:UncommonAttackMetronome","theDuelist:CursedBill","theDuelist:MagicalStone","theDuelist:NaturiaMetronome+1"],"relics":["theDuelist:MillenniumPuzzle","theDuelist:CardPoolRelic","theDuelist:CardPoolBasicRelic","theDuelist:BoosterPackPoolRelic","theDuelist:CardPoolAddRelic","theDuelist:CardPoolMinusRelic","theDuelist:CardPoolSaveRelic","theDuelist:CardPoolOptionsRelic","Golden Idol","theDuelist:DuelistTeaSet","theDuelist:MillenniumToken","Bag of Preparation","Mark of Pain","Dream Catcher","theDuelist:SummonAnchorRare","Bronze Scales","theDuelist:BoosterPackHealer","Vajra","ClockworkSouvenir","Happy Flower","Black Star","theDuelist:MillenniumPrayerbook"],"acts_visited":["Exordium","TheCity","TheBeyond"],"potions_floor_usage":[],"damage_taken":[{"damage":6,"enemies":"2 Louse","floor":1,"turns":3},{"damage":0,"enemies":"Small Slimes","floor":2,"turns":4},{"damage":0,"enemies":"Jaw Worm","floor":3,"turns":4},{"damage":0,"enemies":"Blue Slaver","floor":4,"turns":1},{"damage":10,"enemies":"3 Sentries","floor":6,"turns":6},{"damage":12,"enemies":"Looter","floor":10,"turns":4},{"damage":0,"enemies":"Large Slime","floor":11,"turns":5},{"damage":0,"enemies":"Gremlin Nob","floor":12,"turns":4},{"damage":0,"enemies":"3 Louse","floor":14,"turns":4},{"damage":0,"enemies":"Hexaghost","floor":16,"turns":8},{"damage":0,"enemies":"Chosen","floor":18,"turns":3},{"damage":2,"enemies":"3 Byrds","floor":21,"turns":7},{"damage":0,"enemies":"Gremlin Leader","floor":24,"turns":7},{"damage":0,"enemies":"theDuelist:KaibaA2","floor":27,"turns":4},{"damage":0,"enemies":"Cultist and Chosen","floor":28,"turns":5},{"damage":55,"enemies":"Gremlin Leader","floor":29,"turns":8},{"damage":0,"enemies":"3 Cultists","floor":31,"turns":6},{"damage":0,"enemies":"Champ","floor":33,"turns":12},{"damage":19,"enemies":"3 Shapes","floor":35,"turns":4},{"damage":6,"enemies":"Orb Walker","floor":37,"turns":3},{"damage":43,"enemies":"Nemesis","floor":41,"turns":2}],"seed_played":"-9015392202674248620","potions_obtained":[{"floor":3,"key":"Fire Potion"},{"floor":4,"key":"theDuelist:WhiteBottle"},{"floor":6,"key":"theDuelist:VoidBottle"},{"floor":10,"key":"theDuelist:SteelBrew"},{"floor":21,"key":"DistilledChaos"},{"floor":33,"key":"theDuelist:MillenniumElixir"}],"is_trial":false,"path_per_floor":["M","M","M","M","?","E","?","$","T","M","M","E","R","M","R","B",null,"M","?","?","M","?","R","E","R","T","E","M","E","$","M","R","B",null,"M","?","M","?","?","R","E"],"character_chosen":"THE_DUELIST","items_purchased":["theDuelist:MillenniumToken","ClockworkSouvenir","Happy Flower"],"campfire_rested":3,"item_purchase_floors":[8,30,30],"current_hp_per_floor":[66,66,66,66,46,36,36,36,36,24,24,24,46,46,46,46,66,66,66,66,64,64,64,64,64,64,64,62,7,7,7,24,24,48,29,29,27,27,27,42,0,0],"gold":275,"neow_bonus":"HUNDRED_GOLD","is_daily":false,"chose_seed":false,"campfire_upgraded":2,"win_rate":0.0,"timestamp":1611104724,"path_taken":["M","M","M","M","?","E","?","$","T","M","M","E","R","M","R","BOSS","M","?","?","M","?","R","E","R","T","E","M","E","?","M","R","BOSS","M","?","M","?","?","R","E"],"items_purchased_type":["Relic","Relic","Relic"],"build_version":"2020-12-22","purchased_purges":0,"victory":false,"max_hp_per_floor":[80,80,80,80,80,80,80,80,80,80,78,76,76,74,74,72,72,70,70,70,68,68,68,66,66,66,64,62,60,60,58,58,56,56,54,54,52,52,52,52,52,52],"card_choices":[{"not_picked":["theDuelist:GraniteLoyalist","theDuelist:WormWarlord","theDuelist:MillenniumGolem","theDuelist:WormKing"],"picked":"theDuelist:EarthquakeGiant","floor":1},{"not_picked":["theDuelist:UncommonMonsterMetronome","theDuelist:ThalassicMetronome","theDuelist:RareNatureMetronome","theDuelist:MaliciousMetronome"],"picked":"theDuelist:LegendBlueEyesMetronome","floor":2},{"not_picked":["theDuelist:GaiaMidNightSun","theDuelist:MillenniumGolem","theDuelist:WormApocalypse","theDuelist:MagicHoleGolem"],"picked":"theDuelist:BlockGolem","floor":3},{"not_picked":["theDuelist:BattleguardKing","theDuelist:ClearKuriboh","theDuelist:Raigeki","theDuelist:SolemnStrike"],"picked":"theDuelist:Blockman","floor":4},{"not_picked":["theDuelist:BigFire","theDuelist:GaiaMidNightSun","theDuelist:GauntletWarrior","theDuelist:ClearKuriboh"],"picked":"theDuelist:Blockman","floor":6},{"not_picked":["theDuelist:VampireMetronome","theDuelist:Metronome","theDuelist:MegatypeMetronome","theDuelist:BlockSpellMetronome"],"picked":"theDuelist:RarePowerMetronome","floor":10},{"not_picked":["theDuelist:BattleOx","theDuelist:BattleFootballer","theDuelist:BigKoala","theDuelist:GreyGreedOni"],"picked":"theDuelist:AttackTheMoon","floor":11},{"not_picked":["theDuelist:ThalassicMetronome","theDuelist:SpellMetronome","theDuelist:PelagicMetronome","theDuelist:OjamaMetronome"],"picked":"theDuelist:SpellcasterMetronome","floor":12},{"not_picked":["theDuelist:ForbiddenLance","theDuelist:GraniteLoyalist","theDuelist:WormWarlord","theDuelist:SolemnStrike"],"picked":"theDuelist:EarthquakeGiant","floor":14},{"not_picked":["theDuelist:GauntletWarrior","theDuelist:MillenniumGolem","theDuelist:SolemnStrike","theDuelist:WormWarlord"],"picked":"theDuelist:Blockman","floor":16},{"not_picked":["theDuelist:GraniteLoyalist","theDuelist:WormWarlord","theDuelist:MagicHoleGolem","theDuelist:GolemSentry"],"picked":"theDuelist:WeepingIdol","floor":18},{"not_picked":["theDuelist:ZombieMetronome","theDuelist:TrapMetronome","theDuelist:AttackMetronome","theDuelist:AncientMetronome+1"],"picked":"theDuelist:MagnetMetronome","floor":21},{"not_picked":["theDuelist:AttackTheMoon","theDuelist:GraniteLoyalist","theDuelist:BlackPendant+1","theDuelist:PowerWall"],"picked":"theDuelist:MillenniumGolem","floor":24},{"not_picked":["theDuelist:RareSkillMetronome","theDuelist:PredaplantMetronome","theDuelist:OverflowMetronome","theDuelist:ArcaneSpellMetronome"],"picked":"theDuelist:UndeadMetronome","floor":27},{"not_picked":["theDuelist:BattleOx","theDuelist:FuryFire","theDuelist:BlackPendant","theDuelist:RedHeadedOni"],"picked":"theDuelist:EarthGiant+1","floor":28},{"not_picked":["theDuelist:MillenniumGolem","theDuelist:PreventRat","theDuelist:Blockman","theDuelist:Solidarity+1"],"picked":"theDuelist:YellowBelliedOni","floor":29},{"not_picked":["theDuelist:UncommonMonsterMetronome+1","theDuelist:TokenMetronome","theDuelist:NaturiaMetronome","theDuelist:DeskbotMetronome"],"picked":"theDuelist:RareMonsterMetronome+1","floor":31},{"not_picked":["theDuelist:BlockSpellMetronome","theDuelist:FieldMetronome"],"picked":"theDuelist:PotMetronome+1","floor":32},{"not_picked":["theDuelist:AttackTheMoon","theDuelist:DarkFactory+1","theDuelist:SolemnStrike","theDuelist:YellowBelliedOni"],"picked":"theDuelist:Raigeki+1","floor":33},{"not_picked":["theDuelist:WarriorMetronome+1","theDuelist:RoseMetronome","theDuelist:RareSpireMetronome+1","theDuelist:PlantMetronome+1"],"picked":"theDuelist:UncommonAttackMetronome","floor":35},{"not_picked":["theDuelist:EarthquakeGiant+1","theDuelist:GaiaMidNightSun+1","theDuelist:GreyGreedOni+1","theDuelist:PowerWall+1"],"picked":"theDuelist:MagicalStone","floor":37},{"not_picked":["theDuelist:TidalMetronome","theDuelist:RecklessMetronome+1"],"picked":"theDuelist:NaturiaMetronome+1","floor":40}],"player_experience":240917,"relics_obtained":[{"floor":6,"key":"theDuelist:DuelistTeaSet"},{"floor":12,"key":"Bag of Preparation"},{"floor":24,"key":"theDuelist:SummonAnchorRare"},{"floor":26,"key":"Bronze Scales"},{"floor":27,"key":"theDuelist:BoosterPackHealer"},{"floor":29,"key":"Vajra"}],"event_choices":[{"damage_healed":0,"gold_gain":0,"player_choice":"Take Damage","damage_taken":20,"relics_obtained":["Golden Idol"],"max_hp_gain":0,"max_hp_loss":0,"event_name":"Golden Idol","floor":5,"gold_loss":0},{"damage_healed":0,"gold_gain":0,"player_choice":"Delta Electro","duelist":true,"damage_taken":0,"max_hp_gain":0,"max_hp_loss":0,"event_name":"Egyptian Village","floor":7,"gold_loss":0,"cards_obtained":["Delta Electromagnet Warrior"]},{"damage_healed":0,"gold_gain":0,"player_choice":"Stole Relic","damage_taken":0,"relics_obtained":["Dream Catcher"],"max_hp_gain":0,"max_hp_loss":0,"event_name":"Addict","floor":19,"gold_loss":0,"cards_obtained":["Shame"]},{"damage_healed":0,"gold_gain":0,"player_choice":"Leave","duelist":true,"damage_taken":0,"max_hp_gain":0,"max_hp_loss":0,"event_name":"Relic Duplicator","floor":20,"gold_loss":0},{"cards_removed":["Shame"],"damage_healed":0,"gold_gain":0,"player_choice":"Elegance","damage_taken":0,"max_hp_gain":0,"max_hp_loss":0,"event_name":"Back to Basics","floor":22,"gold_loss":0},{"damage_healed":0,"gold_gain":0,"player_choice":"Took item - Received: Millennium Prayerbook","duelist":true,"damage_taken":0,"max_hp_gain":0,"max_hp_loss":0,"event_name":"Millennium Items","floor":36,"gold_loss":0},{"damage_healed":0,"gold_gain":0,"player_choice":"Ignored","damage_taken":0,"max_hp_gain":0,"max_hp_loss":0,"event_name":"Tomb of Lord Red Mask","floor":38,"gold_loss":0},{"cards_removed":["theDuelist:Blockman"],"damage_healed":0,"gold_gain":0,"player_choice":"Removed Attack","damage_taken":0,"max_hp_gain":0,"max_hp_loss":0,"event_name":"Falling","floor":39,"gold_loss":0}],"is_beta":false,"boss_relics":[{"not_picked":["Coffee Dripper","Busted Crown"],"picked":"Mark of Pain"},{"not_picked":["theDuelist:HauntedRelic","SacredBark"],"picked":"Black Star"}],"items_purged_floors":[],"is_endless":false,"potions_floor_spawned":[3,4,6,10,21,24,28,33,37],"killed_by":"Nemesis","ascension_level":9}}