{"host":"fm9e0lfunjlbhzxv","time":1611116386,"event":{"mods":["2.2 Compatiblity","Alarm Clock","Astrologer","BaseMod","Bestiary","Better Match","Better Skull","Better Third Choice","Colored Map","Colored Powertips","Downfall","Energized Spire","Good Game Mod","Googly Eyes","Key Reminder","Koishi","Minty Spire (QoL Compilation)","Permanent Neow","Random Character Button","Rare Cards Sparkle","Relic Stats","Remilia??????","Spicy Shops","StSLib","The Administrix","The Blue Laboratory","The Bug Knight","The Disciple","The Vixen","Trackpad","slay the spire mod where everything is the same but ironclad has a cowboy hat"],"gold_per_floor":[99,116,136,146,146,58,58,68,68,96,96,138,38,38,50,149,149,49,64,78,78,299,327,365,80,80,80,80,80],"floor_reached":27,"language":"ENG","playtime":2267,"items_purged":["sneckomod:Strike"],"score":279,"play_id":"73128308-553d-45c4-8da0-05fd5a44adb0","local_time":"20210119201946","is_ascension_mode":true,"campfire_choices":[{"floor":1,"key":"RECALL"},{"data":"sneckomod:TailWhip","floor":9,"key":"SMITH"},{"floor":13,"key":"REST"},{"data":"sneckomod:UnknownRareAttack","floor":18,"key":"SMITH"},{"floor":26,"key":"REST"}],"circlet_count":0,"master_deck":["sneckomod:Strike","sneckomod:Defend","sneckomod:Defend","sneckomod:Defend","sneckomod:TailWhip+1","sneckomod:SnekBite","sneckomod:Unknown","sneckomod:Unknown","DevaForm","sneckomod:UnknownClassCHRONO_GOLD","sneckomod:UnknownClassDARK_GREEN_COLOR","sneckomod:SnakeSap","sneckomod:UnknownClassREMILIA_COLOR","sneckomod:ImprovisedAttack","sneckomod:UnknownColorless","sneckomod:UnknownUncommonSkill","sneckomod:UnknownRareAttack+1","sneckomod:MorePower","sneckomod:CheapStock+1","sneckomod:Unknown2Cost+1","sneckomod:UnknownRarePower","sneckomod:UnknownUncommonSkill+1","sneckomod:UnknownDraw","sneckomod:UnknownClassBLUE+1","sneckomod:MixItUp","sneckomod:MasterEye","sneckomod:Unknown2Cost"],"relics":["REME:ComplimentaryCards","energizedSpire:DeadBattery","keyreminder:keyreminder","Juzu Bracelet","Shuriken","TheVixenMod:UmbreonRelic","Bag of Marbles","downfall:HeartBlessingBlue","SacredBark","downfall:HeartBlessingRed","MawBank","Anchor"],"acts_visited":["Exordium","TheCity"],"potions_floor_usage":[8,16,23,27,27,27],"damage_taken":[{"damage":6,"enemies":"Cultist","floor":2,"turns":4},{"damage":10,"enemies":"Jaw Worm","floor":3,"turns":3},{"damage":8,"enemies":"2 Louse","floor":4,"turns":2},{"damage":5,"enemies":"downfall:FleeingMerchant","floor":6,"turns":4},{"damage":1,"enemies":"2 Fungi Beasts","floor":8,"turns":3},{"damage":23,"enemies":"HollowMod:MossKnight","floor":10,"turns":5},{"damage":0,"enemies":"HollowMod:MossKnight","floor":11,"turns":3},{"damage":15,"enemies":"Lagavulin","floor":12,"turns":6},{"damage":0,"enemies":"Gremlin Gang","floor":15,"turns":2},{"damage":12,"enemies":"SI_SHIV_ARCHETYPE","floor":16,"turns":9},{"damage":8,"enemies":"3 Byrds","floor":19,"turns":6},{"damage":27,"enemies":"Shell Parasite","floor":20,"turns":6},{"damage":31,"enemies":"Cultist and Chosen","floor":23,"turns":8},{"damage":0,"enemies":"downfall:FleeingMerchant","floor":25,"turns":4},{"damage":52,"enemies":"Book of Stabbing","floor":27,"turns":5}],"seed_played":"-5556735608421741756","potions_obtained":[{"floor":2,"key":"Swift Potion"},{"floor":8,"key":"blueLaboratory:Moonshine"},{"floor":12,"key":"blueLaboratory:PyrophylliteBrew"},{"floor":15,"key":"blueLaboratory:BubblePotion"},{"floor":19,"key":"blueLaboratory:LouseDecoction"}],"is_trial":false,"path_per_floor":["R","M","M","M","?","$","T","M","R","E","?","E","R","?","M","B",null,"R","M","M","?","?","M","T","$","R","E"],"character_chosen":"THE_SNECKO","items_purchased":["Juzu Bracelet","sneckomod:MasterEye","sneckomod:Unknown2Cost","blueLaboratory:FruitPunch","blueLaboratory:FruitPunch"],"campfire_rested":2,"item_purchase_floors":[6,25,25,25,25],"current_hp_per_floor":[90,84,74,66,66,61,61,60,60,37,37,22,62,67,67,55,105,105,105,78,78,36,9,9,9,40,0,0,0],"gold":80,"neow_bonus":"BOSS_RELIC","is_daily":false,"chose_seed":false,"campfire_upgraded":2,"win_rate":0.0,"timestamp":1611116386,"path_taken":["R","M","M","?","?","$","T","M","R","E","?","E","R","?","M","BOSS","R","M","M","?","?","M","T","$","R","E"],"items_purchased_type":["Relic","Card","Card","Potion","Potion"],"build_version":"2020-12-22","purchased_purges":1,"victory":false,"max_hp_per_floor":[90,90,90,90,90,90,90,90,90,90,90,90,100,105,105,105,105,105,105,105,105,105,105,105,105,105,113,113,113],"relic_stats":{"counters":[15,70],"Shuriken":[21],"Juzu Bracelet":0,"MawBank":36,"obtain_stats":[{"downfall:HeartBlessingRed":18,"SacredBark":17,"Juzu Bracelet":6,"sneckomod:SneckoSoul":0,"energizedSpire:DeadBattery":0,"MawBank":22,"keyreminder:keyreminder":1,"Frozen Eye":10,"REME:ComplimentaryCards":0,"Anchor":24,"Shuriken":10,"downfall:HeartBlessingBlue":13,"Bag of Marbles":12,"TheVixenMod:UmbreonRelic":11},{"downfall:HeartBlessingRed":10,"SacredBark":10,"Juzu Bracelet":4,"sneckomod:SneckoSoul":0,"energizedSpire:DeadBattery":0,"MawBank":12,"keyreminder:keyreminder":0,"Frozen Eye":6,"REME:ComplimentaryCards":0,"Anchor":13,"Shuriken":6,"downfall:HeartBlessingBlue":8,"Bag of Marbles":8,"TheVixenMod:UmbreonRelic":6},{"downfall:HeartBlessingRed":41,"SacredBark":41,"Juzu Bracelet":13,"sneckomod:SneckoSoul":0,"energizedSpire:DeadBattery":0,"MawBank":53,"keyreminder:keyreminder":0,"Frozen Eye":17,"REME:ComplimentaryCards":0,"Anchor":61,"Shuriken":21,"downfall:HeartBlessingBlue":30,"Bag of Marbles":30,"TheVixenMod:UmbreonRelic":21}]},"card_choices":[{"not_picked":["sneckomod:UnknownExhaust","sneckomod:UnknownUncommonAttack"],"picked":"sneckomod:UnknownClassCHRONO_GOLD","floor":2},{"not_picked":["sneckomod:UnknownClassCHRONO_GOLD","sneckomod:UnknownClassLichGold"],"picked":"sneckomod:UnknownClassDARK_GREEN_COLOR","floor":3},{"not_picked":["sneckomod:DiceCrush","sneckomod:UnknownClassPURPLE"],"picked":"sneckomod:SnakeSap","floor":4},{"not_picked":["sneckomod:DiceBlock","sneckomod:Unknown1Cost"],"picked":"sneckomod:UnknownClassREMILIA_COLOR","floor":6},{"not_picked":["sneckomod:QuickBite","sneckomod:DiceBlock"],"picked":"sneckomod:ImprovisedAttack","floor":8},{"not_picked":["sneckomod:UnknownBlock","sneckomod:ImprovisedGuard"],"picked":"sneckomod:UnknownColorless","floor":10},{"not_picked":["sneckomod:UnknownClassRED","sneckomod:SnekBeam"],"picked":"sneckomod:UnknownUncommonSkill","floor":12},{"not_picked":["sneckomod:RainOfDice","sneckomod:SoulDraw"],"picked":"sneckomod:UnknownRareAttack","floor":15},{"not_picked":["sneckomod:SerpentMind","sneckomod:SoulExchange"],"picked":"sneckomod:MorePower","floor":16},{"not_picked":["sneckomod:WideSting","sneckomod:UnknownUncommonAttack"],"picked":"sneckomod:CheapStock+1","floor":19},{"not_picked":["sneckomod:UnknownClassSLIMEBOUND+1","sneckomod:UnknownClassLichGold+1"],"picked":"sneckomod:Unknown2Cost+1","floor":20},{"not_picked":["sneckomod:SoulRoll","sneckomod:UnknownCommonSkill"],"picked":"sneckomod:UnknownRarePower","floor":20},{"not_picked":["sneckomod:UnknownCommonSkill+1","sneckomod:UnknownClassHEXA_GHOST_PURPLE+1"],"picked":"sneckomod:UnknownUncommonSkill+1","floor":23},{"not_picked":["sneckomod:DiceBoulder+1","sneckomod:UnknownClassCHRONO_GOLD"],"picked":"sneckomod:UnknownDraw","floor":23},{"not_picked":["sneckomod:UnknownWeak+1","sneckomod:UnknownClassRED+1"],"picked":"sneckomod:UnknownClassBLUE+1","floor":25},{"not_picked":["sneckomod:SlitherStrike","sneckomod:Nope+1"],"picked":"sneckomod:MixItUp","floor":25}],"player_experience":792480,"relics_obtained":[{"floor":10,"key":"Shuriken"},{"floor":12,"key":"Bag of Marbles"},{"floor":24,"key":"Anchor"}],"event_choices":[{"damage_healed":0,"gold_gain":0,"player_choice":"Fight the Beast\u0027s assailants","damage_taken":0,"relics_obtained":["TheVixenMod:UmbreonRelic"],"max_hp_gain":0,"max_hp_loss":0,"event_name":"Creature of the Night","floor":11,"gold_loss":0},{"damage_healed":0,"gold_gain":0,"player_choice":"Donut","damage_taken":0,"max_hp_gain":5,"max_hp_loss":0,"event_name":"Big Fish","floor":14,"gold_loss":0},{"damage_healed":0,"gold_gain":0,"player_choice":"Ignored","damage_taken":0,"max_hp_gain":0,"max_hp_loss":0,"event_name":"Vampires","floor":21,"gold_loss":0},{"damage_healed":0,"gold_gain":221,"player_choice":"GO RE GO ","damage_taken":46,"relics_obtained":["MawBank"],"max_hp_gain":0,"max_hp_loss":0,"event_name":"betterSkull:BetterSkull","floor":22,"gold_loss":0,"cards_upgraded":[]}],"is_beta":false,"boss_relics":[{"not_picked":["energizedSpire:MagnifyingGlass","Velvet Choker"],"picked":"SacredBark"}],"items_purged_floors":[25],"is_endless":false,"potions_floor_spawned":[2,8,11,12,15,19],"killed_by":"Book of Stabbing","ascension_level":3}}