{"host":"3vww328me7evlv6h","time":1611163863,"event":{"mods":["BaseMod","BetterRewards","Minty Spire (QoL Compilation)","Relic Stats","StSLib","SuperFastMode"],"gold_per_floor":[110,130,148,98,98,128,128,155,182,213,238,250,277,303,315,447,459,491,428,456,2,16,16,51,69,69,83,111,111,111,136,136,234,234,253,264,284,303,12,46,61,98,98,98,126,155,175,175,175,175,175,175,125,175,175,175],"floor_reached":55,"language":"ENG","playtime":3559,"items_purged":["Strike_P","Defend_P+1","LessonLearned+1"],"score":1811,"play_id":"d1d042fd-3784-48ea-ad86-2e4854971250","local_time":"20210120183103","is_ascension_mode":true,"campfire_choices":[{"data":"ForeignInfluence","floor":7.0,"key":"SMITH"},{"data":"ForeignInfluence","floor":12.0,"key":"SMITH"},{"data":"Ragnarok","floor":15.0,"key":"SMITH"},{"data":"LessonLearned","floor":23.0,"key":"SMITH"},{"data":"Ragnarok","floor":30.0,"key":"SMITH"},{"data":"Eruption","floor":32.0,"key":"SMITH"},{"data":"Vault","floor":44.0,"key":"SMITH"},{"floor":49.0,"key":"RECALL"},{"data":"Collect","floor":52.0,"key":"SMITH"}],"circlet_count":0,"master_deck":["AscendersBane","Eruption+1","Vigilance+1","ForeignInfluence+1","ForeignInfluence+1","Blasphemy+1","Ragnarok+1","CarveReality+1","Protect+1","Omniscience+1","SpiritShield+1","FlurryOfBlows+1","SandsOfTime+1","Sanctity+1","Ragnarok+1","Sanctity+1","Vault+1","Vault+1","ForeignInfluence+1","Collect+1","Protect+1"],"relics":["PureWater","Dead Branch","ClockworkSouvenir","Shuriken","Toy Ornithopter","PreservedInsect","Nunchaku","MawBank","Astrolabe","Gremlin Horn","Smiling Mask","Frozen Egg 2","Lantern","Eternal Feather","Oddly Smooth Stone","Sozu","HornCleat","Whetstone","CeramicFish","Potion Belt","TeardropLocket"],"acts_visited":["Exordium","TheCity","TheBeyond","TheEnding"],"potions_floor_usage":[55],"damage_taken":[{"damage":0.0,"enemies":"2 Louse","floor":1.0,"turns":2.0},{"damage":0.0,"enemies":"Cultist","floor":2.0,"turns":2.0},{"damage":0.0,"enemies":"Small Slimes","floor":3.0,"turns":2.0},{"damage":12.0,"enemies":"Lagavulin","floor":6.0,"turns":5.0},{"damage":0.0,"enemies":"Gremlin Nob","floor":8.0,"turns":1.0},{"damage":0.0,"enemies":"3 Sentries","floor":10.0,"turns":3.0},{"damage":1.0,"enemies":"Looter","floor":11.0,"turns":2.0},{"damage":0.0,"enemies":"Gremlin Gang","floor":13.0,"turns":3.0},{"damage":0.0,"enemies":"Exordium Thugs","floor":14.0,"turns":1.0},{"damage":0.0,"enemies":"Slime Boss","floor":16.0,"turns":3.0},{"damage":0.0,"enemies":"2 Thieves","floor":18.0,"turns":2.0},{"damage":2.0,"enemies":"Shell Parasite","floor":20.0,"turns":2.0},{"damage":1.0,"enemies":"Centurion and Healer","floor":22.0,"turns":5.0},{"damage":0.0,"enemies":"Slavers","floor":24.0,"turns":1.0},{"damage":0.0,"enemies":"Chosen and Byrds","floor":25.0,"turns":5.0},{"damage":0.0,"enemies":"3 Cultists","floor":27.0,"turns":1.0},{"damage":0.0,"enemies":"Gremlin Leader","floor":28.0,"turns":1.0},{"damage":0.0,"enemies":"Book of Stabbing","floor":31.0,"turns":1.0},{"damage":0.0,"enemies":"Collector","floor":33.0,"turns":1.0},{"damage":2.0,"enemies":"3 Shapes","floor":35.0,"turns":1.0},{"damage":0.0,"enemies":"Orb Walker","floor":36.0,"turns":3.0},{"damage":0.0,"enemies":"Sphere and 2 Shapes","floor":37.0,"turns":2.0},{"damage":0.0,"enemies":"Maw","floor":38.0,"turns":5.0},{"damage":0.0,"enemies":"Nemesis","floor":40.0,"turns":4.0},{"damage":0.0,"enemies":"Writhing Mass","floor":41.0,"turns":3.0},{"damage":0.0,"enemies":"Giant Head","floor":42.0,"turns":4.0},{"damage":0.0,"enemies":"Nemesis","floor":45.0,"turns":3.0},{"damage":0.0,"enemies":"4 Shapes","floor":46.0,"turns":2.0},{"damage":0.0,"enemies":"Maw","floor":47.0,"turns":2.0},{"damage":17.0,"enemies":"Time Eater","floor":50.0,"turns":4.0},{"damage":0.0,"enemies":"Shield and Spear","floor":54.0,"turns":2.0},{"damage":77,"enemies":"The Heart","floor":55,"turns":10}],"seed_played":"1203350826570474111","potions_obtained":[{"floor":3.0,"key":"Swift Potion"},{"floor":6.0,"key":"AttackPotion"},{"floor":10.0,"key":"BottledMiracle"},{"floor":11.0,"key":"PowerPotion"},{"floor":31.0,"key":"PowerPotion"},{"floor":33.0,"key":"Swift Potion"}],"is_trial":false,"path_per_floor":["M","M","M","?","?","E","R","E","T","E","M","R","M","M","R","B",null,"M","?","M","$","M","R","E","M","T","M","E","?","R","E","R","B",null,"M","M","M","M","$","E","M","E","T","R","E","M","M","?","R","B",null,"R","$","E","B"],"character_chosen":"WATCHER","items_purchased":["ForeignInfluence","ClockworkSouvenir","Shuriken","LessonLearned","Sanctity","Gremlin Horn","HornCleat"],"campfire_rested":0,"item_purchase_floors":[0,0,0,21,21,21,39],"current_hp_per_floor":[65,65,65,65,65,53,53,58,58,58,57,57,57,57,57,57,68,68,68,66,66,65,65,65,65,65,65,65,65,72,72,72,72,72,70,70,70,70,70,70,70,70,70,72,72,72,72,72,72,55,68,72,72,72,0,0],"gold":175,"neow_bonus":"","is_daily":false,"chose_seed":false,"campfire_upgraded":8,"win_rate":0.0,"timestamp":1611163863,"path_taken":["M","M","M","?","?","E","R","E","T","E","M","R","?","M","R","BOSS","M","?","M","$","M","R","E","M","T","M","E","?","R","E","R","BOSS","M","M","M","?","$","E","M","E","T","R","E","M","M","?","R","BOSS","R","$","E","BOSS"],"items_purchased_type":["Card","Relic","Relic","Card","Card","Relic","Relic"],"build_version":"2020-12-22","purchased_purges":3,"victory":false,"max_hp_per_floor":[72,72,72,72,72,72,72,72,72,72,72,72,72,72,72,72,72,72,72,72,72,72,72,72,72,72,72,72,72,72,72,72,72,72,72,72,72,72,72,72,72,72,72,72,72,72,72,72,72,72,72,72,72,72,72,72],"relic_stats":{"Gremlin Horn":[12,12],"counters":[76,335],"Dead Branch":[194],"Astrolabe":["SpiritShield","FlurryOfBlows","SandsOfTime"],"CeramicFish":27,"Eternal Feather":13,"PreservedInsect":469,"Whetstone":["Predator","Strike_G"],"MawBank":132,"Smiling Mask":125,"Sozu":4,"Nunchaku":[18],"Shuriken":[42],"obtain_stats":[{"Darkstone Periapt":40,"Regal Pillow":25,"Lantern":28,"Calipers":0,"Torii":6,"Gremlin Horn":21,"CeramicFish":42,"Enchiridion":21,"Vajra":26,"StoneCalendar":0,"Mango":10,"CloakClasp":0,"Ginger":0,"Whetstone":40,"TeardropLocket":54,"Empty Cage":17,"Ancient Tea Set":6,"Smiling Mask":24,"ClockworkSouvenir":19,"Sozu":17,"Dream Catcher":43,"Centennial Puzzle":45,"Nunchaku":27,"HornCleat":8,"Sundial":44,"DollysMirror":0,"Strawberry":36,"MealTicket":9,"Cracked Core":0,"Potion Belt":45,"Dead Branch":0,"Astrolabe":17,"Oddly Smooth Stone":19,"Eternal Feather":23,"PreservedInsect":0,"Pen Nib":19,"Frozen Egg 2":26,"MawBank":25,"Mercury Hourglass":9,"Shuriken":0,"Bronze Scales":0,"Art of War":12,"Coffee Dripper":34,"Bottled Lightning":26,"PureWater":0,"Toy Ornithopter":6},{"Darkstone Periapt":22,"Regal Pillow":14,"Lantern":61,"Calipers":0,"Torii":4,"Gremlin Horn":56,"CeramicFish":70,"Enchiridion":11,"Vajra":42,"StoneCalendar":0,"Mango":6,"CloakClasp":28,"Ginger":0,"Whetstone":68,"TeardropLocket":75,"Empty Cage":9,"Ancient Tea Set":34,"Smiling Mask":58,"ClockworkSouvenir":39,"Sozu":38,"Dream Catcher":23,"Centennial Puzzle":24,"Nunchaku":43,"HornCleat":5,"Sundial":24,"DollysMirror":28,"Strawberry":19,"MealTicket":34,"Cracked Core":0,"Potion Belt":71,"Dead Branch":44,"Astrolabe":54,"Oddly Smooth Stone":39,"Eternal Feather":13,"PreservedInsect":0,"Pen Nib":39,"Frozen Egg 2":59,"MawBank":42,"Mercury Hourglass":5,"Shuriken":44,"Bronze Scales":0,"Art of War":6,"Coffee Dripper":18,"Bottled Lightning":14,"PureWater":0,"Toy Ornithopter":48},{"Darkstone Periapt":123,"Regal Pillow":82,"Lantern":288,"Calipers":0,"Torii":17,"Gremlin Horn":275,"CeramicFish":312,"Enchiridion":61,"Vajra":240,"StoneCalendar":0,"Mango":28,"CloakClasp":163,"Ginger":0,"Whetstone":305,"TeardropLocket":325,"Empty Cage":48,"Ancient Tea Set":180,"Smiling Mask":281,"ClockworkSouvenir":215,"Sozu":209,"Dream Catcher":132,"Centennial Puzzle":139,"Nunchaku":246,"HornCleat":24,"Sundial":139,"DollysMirror":163,"Strawberry":109,"MealTicket":180,"Cracked Core":0,"Potion Belt":315,"Dead Branch":247,"Astrolabe":271,"Oddly Smooth Stone":215,"Eternal Feather":75,"PreservedInsect":0,"Pen Nib":215,"Frozen Egg 2":286,"MawBank":240,"Mercury Hourglass":24,"Shuriken":247,"Bronze Scales":0,"Art of War":28,"Coffee Dripper":106,"Bottled Lightning":82,"PureWater":0,"Toy Ornithopter":258}],"Toy Ornithopter":10},"card_choices":[{"not_picked":["SashWhip","Crescendo"],"picked":"ForeignInfluence","floor":1.0},{"not_picked":["SashWhip","EmptyBody","Consecrate"],"picked":"SKIP","floor":2.0},{"not_picked":["EmptyBody","Crescendo"],"picked":"Protect","floor":3.0},{"not_picked":["Vengeance","EmptyFist","SashWhip"],"picked":"SKIP","floor":6.0},{"not_picked":["WaveOfTheHand","WreathOfFlame"],"picked":"Ragnarok","floor":8.0},{"not_picked":["WreathOfFlame","EmptyBody","Prostrate"],"picked":"SKIP","floor":10.0},{"not_picked":["Fasting2","BowlingBash","CarveReality"],"picked":"SKIP","floor":11.0},{"not_picked":["Fasting2","BowlingBash"],"picked":"CarveReality","floor":11.0},{"not_picked":["LikeWater","Wallop","FlurryOfBlows"],"picked":"SKIP","floor":13.0},{"not_picked":["FlurryOfBlows","Evaluate"],"picked":"Protect","floor":14.0},{"not_picked":["Judgement","Alpha"],"picked":"Omniscience","floor":16.0},{"not_picked":["JustLucky","BowlingBash","CarveReality"],"picked":"SKIP","floor":18.0},{"not_picked":["FollowUp","BowlingBash+1","SignatureMove"],"picked":"SKIP","floor":20.0},{"not_picked":["JustLucky","Consecrate","Pray"],"picked":"SKIP","floor":22.0},{"not_picked":["FlyingSleeves","FearNoEvil"],"picked":"Ragnarok","floor":24.0},{"not_picked":["DeceiveReality","Evaluate","Crescendo+1"],"picked":"SKIP","floor":25.0},{"not_picked":["CrushJoints+1","Fasting2+1","EmptyBody"],"picked":"SKIP","floor":27.0},{"not_picked":["CrushJoints+1","Fasting2+1","EmptyBody"],"picked":"SKIP","floor":27.0},{"not_picked":["FlurryOfBlows","ConjureBlade"],"picked":"Sanctity","floor":28.0},{"not_picked":["CrushJoints","DeceiveReality","PathToVictory"],"picked":"SKIP","floor":31.0},{"not_picked":["MasterReality+1","Blasphemy"],"picked":"Vault","floor":33.0},{"not_picked":["Halt","CrushJoints","Tantrum"],"picked":"SKIP","floor":35.0},{"not_picked":["CrushJoints","Swivel+1","EmptyBody"],"picked":"SKIP","floor":36.0},{"not_picked":["Sanctity+1","Nirvana+1","ThirdEye"],"picked":"SKIP","floor":37.0},{"not_picked":["Sanctity+1","Nirvana+1","ThirdEye"],"picked":"SKIP","floor":37.0},{"not_picked":["DeceiveReality","CrushJoints","Halt"],"picked":"SKIP","floor":38.0},{"not_picked":["DeceiveReality","WaveOfTheHand"],"picked":"Vault","floor":40.0},{"not_picked":["Crescendo+1","SashWhip+1","Worship"],"picked":"SKIP","floor":41.0},{"not_picked":["Prostrate","JustLucky+1"],"picked":"ForeignInfluence+1","floor":42.0},{"not_picked":["SashWhip","EmptyBody+1","Pray"],"picked":"SKIP","floor":45.0},{"not_picked":["BattleHymn+1","JustLucky+1"],"picked":"Collect","floor":46.0},{"not_picked":["Consecrate","Vengeance"],"picked":"Protect+1","floor":47.0},{"not_picked":["Vengeance","Brilliance","Evaluate"],"picked":"SKIP","floor":54.0}],"player_experience":319708,"relics_obtained":[{"floor":6.0,"key":"Toy Ornithopter"},{"floor":8.0,"key":"PreservedInsect"},{"floor":9.0,"key":"Nunchaku"},{"floor":10.0,"key":"MawBank"},{"floor":24.0,"key":"Smiling Mask"},{"floor":26.0,"key":"Frozen Egg 2"},{"floor":28.0,"key":"Lantern"},{"floor":29.0,"key":"Eternal Feather"},{"floor":31.0,"key":"Oddly Smooth Stone"},{"floor":40.0,"key":"Whetstone"},{"floor":42.0,"key":"CeramicFish"},{"floor":45.0,"key":"Potion Belt"},{"floor":54.0,"key":"TeardropLocket"}],"event_choices":[{"cards_removed":["Defend_P"],"damage_healed":0.0,"max_hp_gain":0.0,"max_hp_loss":0.0,"gold_gain":0.0,"event_name":"The Cleric","player_choice":"Card Removal","floor":4.0,"gold_loss":50.0,"damage_taken":0.0},{"damage_healed":0.0,"max_hp_gain":0.0,"max_hp_loss":0.0,"gold_gain":0.0,"event_name":"Match and Keep!","player_choice":"1 cards matched","floor":5.0,"gold_loss":0.0,"damage_taken":0.0,"cards_obtained":["Blasphemy"]},{"cards_removed":["Defend_P"],"damage_healed":0.0,"max_hp_gain":0.0,"max_hp_loss":0.0,"gold_gain":0.0,"event_name":"Beggar","player_choice":"Gave Gold","floor":19.0,"gold_loss":75.0,"damage_taken":0.0},{"damage_healed":0.0,"max_hp_gain":0.0,"max_hp_loss":0.0,"gold_gain":0.0,"event_name":"Wheel of Change","player_choice":"Relic","floor":29.0,"gold_loss":0.0,"damage_taken":0.0},{"cards_removed":["Protect"],"damage_healed":0.0,"max_hp_gain":0.0,"max_hp_loss":0.0,"gold_gain":0.0,"event_name":"Falling","player_choice":"Removed Skill","floor":48.0,"gold_loss":0.0,"damage_taken":0.0}],"is_beta":false,"boss_relics":[{"not_picked":["VioletLotus","Tiny House"],"picked":"Astrolabe"},{"not_picked":["Cursed Key","SacredBark"],"picked":"Sozu"}],"items_purged_floors":[0,39,53],"is_endless":false,"potions_floor_spawned":[3,6,10,11,13,16,22,24,27,31,33,35,41,45,46],"killed_by":"The Heart","ascension_level":12}}