{"host":"u7y6mp3waw4jt65j","time":1611139609,"event":{"mods":["ATMod(°¢èªMod)","Aspiration","BaseMod","Conspire","Dota2Spire","Jedi Mod","Minty Spire (QoL Compilation)","Replay The Spire","StSLib","¡¾ÒÅÎï¿¨ÅÆ¡¿REMEMod"],"gold_per_floor":[360,360,378,32,32,62,62,75,147,160,160,172,204,317,317,417,417,431,431,356,411,425,425,435,435,461,541,541],"floor_reached":27,"language":"ZHS","playtime":1288,"items_purged":["Defend_G"],"score":295,"play_id":"7711271d-5884-4dec-beb8-c720c832d7e5","local_time":"20210120184649","is_ascension_mode":true,"campfire_choices":[{"data":"REME_WheelOfFate","floor":7,"key":"SMITH"},{"data":"Cloak And Dagger","floor":11,"key":"SMITH"},{"floor":15,"key":"REST"},{"floor":23,"key":"REST"},{"floor":25,"key":"REST"}],"circlet_count":0,"master_deck":["Strike_G","Strike_G","Strike_G","Strike_G","Defend_G","Defend_G","Defend_G","Survivor","Neutralize","REME_WheelOfFate+1","AT_FamilyPortrait","Poisoned Stab","AT_TwilightShroud+1","Blade Dance","PiercingWail","Quick Slash","AT_WindFlip","Cloak And Dagger+1","Bane","AT_FocusSwordFire","Cloak And Dagger","Corpse Explosion+1","Hidden Blade+1","Noxious Fumes","Terror","PiercingWail+1","Deadly Poison"],"relics":["Ring of the Snake","AT_ATBox","REME_ComplimentaryCards","Dota2Spire:ArmletOfMordiggian","Snake Skull","TwistedFunnel","Omamori","Letter Opener","AT_ChloranthyRing","Golden Egg","REME_LowDesire","aspiration:HiddenCompartment","Replay:Rubber Ducky","Lantern","ReplayTheSpireMod:Lightbulb","jedi:shrinkray","AT_BellDemon"],"acts_visited":["Exordium","TheCity"],"potions_floor_usage":[14,16,27],"damage_taken":[{"damage":0,"enemies":"Small Slimes","floor":1,"turns":2},{"damage":0,"enemies":"Jaw Worm","floor":3,"turns":3},{"damage":0,"enemies":"Gremlin Nob","floor":6,"turns":3},{"damage":18,"enemies":"conspire:RoseBush","floor":8,"turns":1},{"damage":0,"enemies":"3 Louse","floor":10,"turns":2},{"damage":0,"enemies":"2 Fungi Beasts","floor":12,"turns":1},{"damage":9,"enemies":"3 Sentries","floor":13,"turns":4},{"damage":17,"enemies":"conspire:MimicChest","floor":14,"turns":4},{"damage":9,"enemies":"Fading Forest","floor":16,"turns":11},{"damage":17,"enemies":"conspire:FuzzyDice","floor":18,"turns":2},{"damage":16,"enemies":"2 Thieves","floor":22,"turns":2},{"damage":0,"enemies":"3 Cultists","floor":24,"turns":2},{"damage":64,"enemies":"REME_1_Revenger","floor":27,"turns":2}],"seed_played":"-4008013864804294468","potions_obtained":[{"floor":1,"key":"Block Potion"},{"floor":6,"key":"Venom Potion"},{"floor":8,"key":"Strength Potion"},{"floor":16,"key":"SpeedPotion"},{"floor":21,"key":"Doom Potion"},{"floor":22,"key":"Block Potion"}],"is_trial":false,"path_per_floor":["M","?","M","$","?","E","R","M","T","M","R","M","E","?","R","B",null,"M","?","$","?","M","R","M","R","T","E"],"character_chosen":"THE_SILENT","items_purchased":["Snake Skull","TwistedFunnel","PiercingWail"],"campfire_rested":3,"item_purchase_floors":[4,4,4],"current_hp_per_floor":[63,63,63,63,63,63,63,45,45,45,45,45,36,25,43,34,63,46,46,46,21,5,23,23,41,41,0,0],"gold":541,"neow_bonus":"TWO_FIFTY_GOLD","is_daily":false,"chose_seed":false,"campfire_upgraded":2,"win_rate":0.0,"timestamp":1611139609,"path_taken":["M","?","M","$","?","E","R","M","T","M","R","?","E","?","R","BOSS","M","?","$","?","M","R","M","R","T","E"],"items_purchased_type":["Relic","Relic","Card"],"build_version":"2020-12-22","purchased_purges":1,"victory":false,"max_hp_per_floor":[63,63,63,63,63,63,63,63,63,63,63,63,63,63,63,63,63,63,63,63,63,63,63,63,63,63,63,63],"card_choices":[{"not_picked":["Dagger Throw","Escape Plan"],"picked":"Poisoned Stab","floor":1},{"not_picked":["ReplayTheSpireMod:Exploit Weakness","Dagger Spray"],"picked":"Blade Dance","floor":3},{"not_picked":["Acrobatics","Backflip"],"picked":"Quick Slash","floor":6},{"not_picked":["Acrobatics","Slice"],"picked":"AT_WindFlip","floor":8},{"not_picked":["Heel Hook","Dagger Spray"],"picked":"Cloak And Dagger","floor":10},{"not_picked":["Outmaneuver","Deflect"],"picked":"Bane","floor":12},{"not_picked":["jedi:pocketpoison","Die Die Die"],"picked":"AT_FocusSwordFire","floor":13},{"not_picked":["Acrobatics","Footwork"],"picked":"Cloak And Dagger","floor":14},{"not_picked":["REME_SpectralBlade","Malaise"],"picked":"Corpse Explosion","floor":16},{"not_picked":["Bane","Prepared+1","Bandage Up"],"picked":"Hidden Blade+1","floor":18},{"not_picked":["Predator+1","Dagger Spray+1","The Bomb"],"picked":"Noxious Fumes","floor":21},{"not_picked":["A Thousand Cuts","Distraction","REME_TwoStrings"],"picked":"Terror","floor":21},{"not_picked":["Dagger Spray","Underhanded Strike","Finesse"],"picked":"PiercingWail+1","floor":22},{"not_picked":["AT_FocusSwordFire","AT_WindFlip","Replay:BasicMightCard"],"picked":"Deadly Poison","floor":24}],"player_experience":140794,"relics_obtained":[{"floor":6,"key":"Omamori"},{"floor":9,"key":"Letter Opener"},{"floor":13,"key":"AT_ChloranthyRing"},{"floor":14,"key":"Golden Egg"},{"floor":17,"key":"aspiration:HiddenCompartment"},{"floor":17,"key":"Replay:Rubber Ducky"},{"floor":19,"key":"Lantern"},{"floor":21,"key":"ReplayTheSpireMod:Lightbulb"},{"floor":26,"key":"AT_BellDemon"}],"event_choices":[{"cards_removed":["Defend_G"],"damage_healed":0,"gold_gain":0,"player_choice":"Purged","damage_taken":0,"max_hp_gain":0,"max_hp_loss":0,"event_name":"Purifier","floor":5,"gold_loss":0}],"is_beta":false,"boss_relics":[{"not_picked":["Replay:Grab Bag","Fusion Hammer"],"picked":"REME_LowDesire"}],"items_purged_floors":[20],"is_endless":false,"potions_floor_spawned":[1,6,8,13,16,22],"killed_by":"REME_1_Revenger","ascension_level":4}}