{"host":"l5xpox9cbdko122s","time":1611183149,"event":{"mods":["AchievementEnabler","BaseMod","Better Skull","Colored Map","Colored Powertips","Curses Come First","Displayed Cursed Tome","Hermit","Highlight Path","Minty Spire (QoL Compilation)","Quick Restart","Shop Mod","StSLib"],"gold_per_floor":[167,181,195,270,270,270,296,29,52,71,246,264,276,304,304,304,304],"floor_reached":16,"language":"ENG","playtime":850,"items_purged":[],"score":102,"play_id":"8b2e6c85-900c-46f5-bcef-855d74c610ce","local_time":"20210120175229","is_ascension_mode":false,"campfire_choices":[{"floor":6,"key":"RECALL"},{"data":"hermit:Maintenance","floor":15,"key":"SMITH"}],"circlet_count":0,"master_deck":["hermit:Strike_Hermit","hermit:Strike_Hermit","hermit:Strike_Hermit+1","hermit:Strike_Hermit","hermit:Defend_Hermit","hermit:Defend_Hermit","hermit:Defend_Hermit","hermit:Defend_Hermit","hermit:Snapshot","hermit:Maintenance+1","Doubt"],"relics":["hermit:RyeStalk","MerchantsRug","Lee\u0027s Waffle","Odd Mushroom"],"acts_visited":["Exordium"],"potions_floor_usage":[1,7,12,13],"damage_taken":[{"damage":0,"enemies":"2 Louse","floor":1,"turns":1},{"damage":1,"enemies":"Jaw Worm","floor":2,"turns":4},{"damage":0,"enemies":"Cultist","floor":3,"turns":3},{"damage":10,"enemies":"3 Sentries","floor":7,"turns":7},{"damage":10,"enemies":"Exordium Wildlife","floor":10,"turns":4},{"damage":8,"enemies":"Large Slime","floor":12,"turns":6},{"damage":14,"enemies":"3 Louse","floor":13,"turns":4},{"damage":24,"enemies":"The Mushroom Lair","floor":14,"turns":4},{"damage":32,"enemies":"Slime Boss","floor":16,"turns":7}],"seed_played":"8628104218347709988","potions_obtained":[{"floor":0,"key":"Fire Potion"},{"floor":3,"key":"SteroidPotion"},{"floor":7,"key":"FearPotion"},{"floor":10,"key":"ColorlessPotion"}],"is_trial":false,"path_per_floor":["M","M","M","?","?","R","E","$","T","M","?","M","M","?","R","B"],"character_chosen":"HERMIT","items_purchased":["MerchantsRug","Lee\u0027s Waffle"],"campfire_rested":0,"item_purchase_floors":[8,8],"current_hp_per_floor":[80,79,79,68,68,68,58,87,87,77,77,69,55,31,31,0,0],"gold":304,"neow_bonus":"BOSS_RELIC","is_daily":false,"chose_seed":false,"campfire_upgraded":1,"win_rate":0.0,"timestamp":1611183149,"path_taken":["M","M","M","?","?","R","E","$","T","?","?","M","M","?","R","BOSS"],"items_purchased_type":["Relic","Relic"],"build_version":"2020-12-22","purchased_purges":0,"victory":false,"max_hp_per_floor":[80,80,80,80,80,80,80,87,87,87,87,87,87,87,87,87,87],"card_choices":[{"not_picked":["hermit:Misfire","hermit:LowProfile"],"picked":"hermit:Maintenance","floor":0},{"not_picked":["hermit:Horror","hermit:Dive","hermit:Desperado"],"picked":"SKIP","floor":1},{"not_picked":["hermit:Deadeye","hermit:GoldenBullet","hermit:Virtue"],"picked":"SKIP","floor":2},{"not_picked":["hermit:HoleUp","hermit:Misfire","hermit:Midnight"],"picked":"SKIP","floor":3},{"not_picked":["hermit:GhostlyPresence","hermit:BodyArmor","hermit:ItchyTrigger"],"picked":"SKIP","floor":7},{"not_picked":["hermit:Magnum","hermit:Shortfuse","hermit:LowProfile"],"picked":"SKIP","floor":10},{"not_picked":["hermit:ShadowCloak","hermit:BodyArmor","hermit:SprayPray"],"picked":"SKIP","floor":12},{"not_picked":["hermit:DeadMansHand","hermit:HoleUp","hermit:LuckOfTheDraw"],"picked":"SKIP","floor":13}],"player_experience":163783,"relics_obtained":[{"floor":7,"key":"hermit:RyeStalk"},{"floor":14,"key":"Odd Mushroom"}],"event_choices":[{"damage_healed":0,"gold_gain":75,"player_choice":"Gather Gold","damage_taken":11,"max_hp_gain":0,"max_hp_loss":0,"event_name":"World of Goop","floor":4,"gold_loss":0},{"cards_removed":["hermit:Covet"],"damage_healed":0,"gold_gain":0,"player_choice":"Purged","damage_taken":0,"max_hp_gain":0,"max_hp_loss":0,"event_name":"Purifier","floor":5,"gold_loss":0},{"damage_healed":0,"gold_gain":175,"player_choice":"AGREE","damage_taken":0,"max_hp_gain":0,"max_hp_loss":0,"event_name":"Liars Game","floor":11,"gold_loss":0,"cards_obtained":["Doubt"]},{"damage_healed":0,"gold_gain":0,"player_choice":"Fought Mushrooms","damage_taken":0,"max_hp_gain":0,"max_hp_loss":0,"event_name":"Mushrooms","floor":14,"gold_loss":0}],"is_beta":false,"boss_relics":[],"items_purged_floors":[],"is_endless":false,"potions_floor_spawned":[3,7,10],"killed_by":"Slime Boss","ascension_level":0}}