{"host":"skr63qsdfgeey3it","time":1611131703,"event":{"mods":["BaseMod","Colored Map","Hubris","Minty Spire (QoL Compilation)","Replay The Spire","Spicy Shops","StSLib"],"gold_per_floor":[111,123,139,151,151,183,183,183,234,268,268,268,300,337,337,337,337],"floor_reached":16,"language":"ENG","playtime":729,"items_purged":[],"score":189,"play_id":"0d7a6dbc-48aa-468b-b2ca-23d63160cf2a","local_time":"20210120023503","is_ascension_mode":true,"campfire_choices":[{"data":"Accuracy","floor":7,"key":"SMITH"},{"floor":12,"key":"REST"},{"floor":15,"key":"REST"}],"circlet_count":0,"master_deck":["AscendersBane","Strike_G","Strike_G","Strike_G","Strike_G","Defend_G","Defend_G","Defend_G","Defend_G","Defend_G","Survivor","Neutralize","CurseOfTheBell","Sucker Punch","Accuracy+1","Infinite Blades","Hidden Blade","Night Terror","Clumsy","Blade Dance","Finisher","Footwork"],"relics":["Calling Bell","Tiny Chest","Replay:Bottled Snecko","Thread and Needle","hubris:Icosahedron","Replay:PocketPolymizer","ReplayTheSpireMod:Ring of Collecting","Ring of Panic","ReplayTheSpireMod:Ring of Exchange","Replay:Wax Seal","ReplayTheSpireMod:TigerMarble","Bottled Tornado","MealTicket"],"acts_visited":["Exordium"],"potions_floor_usage":[3,6,13,13],"damage_taken":[{"damage":0,"enemies":"Cultist","floor":1,"turns":4},{"damage":11,"enemies":"Jaw Worm","floor":2,"turns":6},{"damage":0,"enemies":"2 Louse","floor":3,"turns":2},{"damage":6,"enemies":"Looter","floor":4,"turns":4},{"damage":17,"enemies":"Lagavulin","floor":6,"turns":9},{"damage":31,"enemies":"Gremlin Nob","floor":10,"turns":6},{"damage":20,"enemies":"3 Sentries","floor":13,"turns":7},{"damage":35,"enemies":"Fading Forest","floor":16,"turns":11}],"seed_played":"8668429698324071290","potions_obtained":[{"floor":1,"key":"ColorlessPotion"},{"floor":3,"key":"LiquidBronze"},{"floor":6,"key":"Elixir"},{"floor":10,"key":"GhostInAJar"},{"floor":14,"key":"SmokeBomb"}],"is_trial":false,"path_per_floor":["M","M","M","M","?","E","R","?","T","E","T","R","E","?","R","B"],"character_chosen":"THE_SILENT","items_purchased":[],"campfire_rested":2,"item_purchase_floors":[],"current_hp_per_floor":[63,52,52,46,46,53,53,53,53,22,22,43,23,6,27,0,0],"gold":337,"neow_bonus":"BOSS_RELIC","is_daily":false,"chose_seed":false,"campfire_upgraded":1,"win_rate":0.0,"timestamp":1611131703,"path_taken":["M","?","M","M","?","E","R","?","T","E","?","R","E","?","R","BOSS"],"items_purchased_type":[],"build_version":"2020-12-22","purchased_purges":0,"victory":false,"max_hp_per_floor":[70,70,70,70,70,70,70,70,70,70,70,70,70,70,70,70,70],"card_choices":[{"not_picked":["Outmaneuver","Backflip"],"picked":"Sucker Punch","floor":1},{"not_picked":["ReplayTheSpireMod:Exploit Weakness","Dodge and Roll"],"picked":"Accuracy","floor":2},{"not_picked":["Noxious Fumes","Backflip"],"picked":"Infinite Blades","floor":3},{"not_picked":["Footwork","Draining Mist"],"picked":"Hidden Blade","floor":4},{"not_picked":["Underhanded Strike","Replay:Poison Smokescreen","Reflex"],"picked":"SKIP","floor":6},{"not_picked":["Flying Knee","Poisoned Stab"],"picked":"Doppelganger","floor":10},{"not_picked":["Fluid Movement","Slice"],"picked":"Finisher","floor":13},{"not_picked":["Backflip","Dagger Spray"],"picked":"Footwork","floor":14}],"player_experience":773895,"relics_obtained":[{"floor":0,"key":"Tiny Chest"},{"floor":0,"key":"Replay:Bottled Snecko"},{"floor":0,"key":"Thread and Needle"},{"floor":6,"key":"Replay:PocketPolymizer"},{"floor":8,"key":"ReplayTheSpireMod:Ring of Collecting"},{"floor":8,"key":"Ring of Panic"},{"floor":9,"key":"ReplayTheSpireMod:Ring of Exchange"},{"floor":9,"key":"Replay:Wax Seal"},{"floor":10,"key":"ReplayTheSpireMod:TigerMarble"},{"floor":11,"key":"Bottled Tornado"},{"floor":13,"key":"MealTicket"}],"event_choices":[],"is_beta":false,"boss_relics":[],"items_purged_floors":[],"is_endless":false,"potions_floor_spawned":[1,3,6,10],"killed_by":"Fading Forest","ascension_level":12}}