{"host":"xp5rvh2jwe2ejyfm","time":1611103599,"event":{"mods":["BaseMod","Gremlin Mod","Hermit","Minty Spire (QoL Compilation)","Replay The Spire","StSLib","The Blackbeard","The Construct","The Cursed","The Disciple","The Forsaken","The Hierophant","The Necromancer","The Runesmith"],"gold_per_floor":[111,111,122,122,141,219,297,312,312,312],"floor_reached":8,"language":"ENG","playtime":231,"items_purged":[],"score":58,"play_id":"bb09c5ee-2e82-45f0-ab3c-5550cd8f691b","local_time":"20210119194639","is_ascension_mode":false,"campfire_choices":[],"circlet_count":0,"master_deck":["blackbeard:BlackbeardStrike","blackbeard:BlackbeardStrike","blackbeard:BlackbeardStrike","blackbeard:BlackbeardStrike","blackbeard:IntimidatingStrike","blackbeard:BlackbeardDefend","blackbeard:BlackbeardDefend","blackbeard:BlackbeardDefend","blackbeard:BlackbeardDefend","blackbeard:Cutlass","blackbeard:Dagger","blackbeard:Bandana+1","blackbeard:BuriedTreasure","blackbeard:BountyHunter","blackbeard:BrownPants"],"relics":["blackbeard:LoadTheCannons","NeowsBlessing","Boot"],"acts_visited":["Exordium"],"potions_floor_usage":[6,7,8],"damage_taken":[{"damage":0,"enemies":"Small Slimes","floor":1,"turns":1},{"damage":0,"enemies":"Cultist","floor":3,"turns":1},{"damage":0,"enemies":"Jaw Worm","floor":5,"turns":1},{"damage":69,"enemies":"Lagavulin","floor":6,"turns":9},{"damage":12,"enemies":"Red Slaver","floor":7,"turns":3},{"damage":3,"enemies":"Gremlin Nob","floor":8,"turns":2}],"seed_played":"-2509501452486509354","potions_obtained":[{"floor":1,"key":"LiquidMemories"},{"floor":6,"key":"blackbeard:OrangeJuicePotion"},{"floor":7,"key":"LiquidMemories"}],"is_trial":false,"path_per_floor":["M","?","M","?","M","E","M","E"],"character_chosen":"BLACKBEARD_CLASS","items_purchased":[],"campfire_rested":0,"item_purchase_floors":[],"current_hp_per_floor":[75,75,75,75,75,6,2,0,0,0],"gold":312,"neow_bonus":"THREE_ENEMY_KILL","is_daily":false,"chose_seed":false,"campfire_upgraded":0,"win_rate":0.0,"timestamp":1611103599,"path_taken":["M","?","?","?","?","E","M","E"],"items_purchased_type":[],"build_version":"2020-12-22","purchased_purges":0,"victory":false,"max_hp_per_floor":[75,75,75,75,75,75,75,75,75,75],"card_choices":[{"not_picked":["blackbeard:PiratesWill","blackbeard:FieryDefense"],"picked":"blackbeard:Dagger","floor":1},{"not_picked":["blackbeard:ChaoticDefense","blackbeard:JollyRoger"],"picked":"blackbeard:Bandana","floor":3},{"not_picked":["blackbeard:Shrapnel","blackbeard:Dagger"],"picked":"blackbeard:BuriedTreasure","floor":5},{"not_picked":["blackbeard:FishingNets","blackbeard:Recklessness"],"picked":"blackbeard:BountyHunter","floor":6},{"not_picked":["blackbeard:Dagger","blackbeard:Provisioning"],"picked":"blackbeard:BrownPants","floor":7}],"player_experience":261073,"relics_obtained":[{"floor":6,"key":"Boot"}],"event_choices":[{"damage_healed":0,"gold_gain":0,"player_choice":"Ignored","damage_taken":0,"max_hp_gain":0,"max_hp_loss":0,"event_name":"Purifier","floor":2,"gold_loss":0},{"damage_healed":0,"gold_gain":0,"player_choice":"Upgraded","damage_taken":0,"max_hp_gain":0,"max_hp_loss":0,"event_name":"Upgrade Shrine","floor":4,"gold_loss":0,"cards_upgraded":["blackbeard:Bandana"]}],"is_beta":false,"boss_relics":[],"items_purged_floors":[],"is_endless":false,"potions_floor_spawned":[1,6,7],"killed_by":"Gremlin Nob","ascension_level":0}}