{"host":"lv7etzzgwahaenh9","time":1611133461,"event":{"mods":["AchievementEnabler","BaseMod","Colored Map","Colored Powertips","Highlight Path","Minty Spire (QoL Compilation)","Permanent Neow","Quick Restart","Random Character Button","StSLib"],"gold_per_floor":[115,128,138,138,148,148,177,177,224,236,3,59,59,94,94,193,193,203,203,25,25,25,25,51,69,69,79,154,154,174,189,189,189,189],"floor_reached":33,"language":"ENG","playtime":1470,"items_purged":["Defend_G"],"score":415,"play_id":"53c089dc-0635-452a-a043-bb633bcdb9f3","local_time":"20210120010421","is_ascension_mode":true,"campfire_choices":[{"data":"Crippling Poison","floor":6.0,"key":"SMITH"},{"data":"Catalyst","floor":8.0,"key":"SMITH"},{"floor":13.0,"key":"REST"},{"floor":15.0,"key":"REST"},{"floor":23.0,"key":"REST"},{"floor":29,"key":"REST"},{"floor":32,"key":"REST"}],"circlet_count":0,"master_deck":["Defend_G","Defend_G","Survivor","Neutralize","Leg Sweep","Deadly Poison","Crippling Poison+1","Catalyst+1","Deflect","Deadly Poison","Envenom","Acrobatics","Leg Sweep","Malaise","Distraction+1","Bite","Bite","Bite","Bite","Bite","Writhe","Dodge and Roll+1"],"relics":["Ring of the Snake","The Courier","Bag of Marbles","Strange Spoon","Tiny Chest","Fusion Hammer","Juzu Bracelet","Mercury Hourglass","Bottled Tornado","Ornamental Fan","PreservedInsect"],"acts_visited":["Exordium","TheCity"],"potions_floor_usage":[30,33],"damage_taken":[{"damage":1.0,"enemies":"Small Slimes","floor":1.0,"turns":3.0},{"damage":0.0,"enemies":"Jaw Worm","floor":2.0,"turns":6.0},{"damage":0.0,"enemies":"Cultist","floor":3.0,"turns":3.0},{"damage":0.0,"enemies":"2 Fungi Beasts","floor":5.0,"turns":4.0},{"damage":11.0,"enemies":"3 Sentries","floor":7.0,"turns":8.0},{"damage":3.0,"enemies":"Exordium Thugs","floor":10.0,"turns":4.0},{"damage":11.0,"enemies":"Lagavulin Event","floor":12.0,"turns":5.0},{"damage":20.0,"enemies":"Gremlin Nob","floor":14.0,"turns":4.0},{"damage":5.0,"enemies":"The Guardian","floor":16.0,"turns":6.0},{"damage":7.0,"enemies":"3 Byrds","floor":18.0,"turns":4.0},{"damage":23.0,"enemies":"Gremlin Leader","floor":24.0,"turns":6.0},{"damage":4.0,"enemies":"Spheric Guardian","floor":25.0,"turns":5.0},{"damage":0.0,"enemies":"Snake Plant","floor":27.0,"turns":3.0},{"damage":10,"enemies":"Chosen and Byrds","floor":30,"turns":6},{"damage":10,"enemies":"3 Cultists","floor":31,"turns":6},{"damage":83,"enemies":"Champ","floor":33,"turns":14}],"seed_played":"1726014499443942522","potions_obtained":[{"floor":1.0,"key":"GamblersBrew"},{"floor":2.0,"key":"AttackPotion"},{"floor":12.0,"key":"Poison Potion"},{"floor":14.0,"key":"Dexterity Potion"},{"floor":25.0,"key":"Block Potion"},{"floor":27.0,"key":"BlessingOfTheForge"},{"floor":31,"key":"Block Potion"}],"is_trial":false,"path_per_floor":["M","M","M","?","M","R","E","R","T","M","$","?","R","E","R","B",null,"M","?","$","?","T","R","E","M","T","M","?","R","M","M","R","B"],"character_chosen":"THE_SILENT","items_purchased":["Strange Spoon","Envenom","Juzu Bracelet"],"campfire_rested":5,"item_purchase_floors":[11,11,20],"current_hp_per_floor":[62,62,62,49,49,49,38,38,38,35,35,24,42,22,40,37,57,52,52,52,52,52,63,46,48,48,56,50,63,58,52,63,0,0],"gold":189,"neow_bonus":"REMOVE_TWO","is_daily":false,"chose_seed":false,"campfire_upgraded":2,"win_rate":0.0,"timestamp":1611133461,"path_taken":["M","M","M","?","M","R","E","R","T","M","$","?","R","E","R","BOSS","M","?","?","?","?","R","E","M","T","M","?","R","M","M","R","BOSS"],"items_purchased_type":["Relic","Card","Relic"],"build_version":"2020-12-22","purchased_purges":1,"victory":false,"max_hp_per_floor":[63,63,63,63,63,63,63,63,63,63,63,63,63,63,63,63,63,63,63,63,63,63,63,63,63,63,63,63,63,63,63,63,63,63],"card_choices":[{"not_picked":["Tactician","PiercingWail"],"picked":"Leg Sweep","floor":1.0},{"not_picked":["Outmaneuver","Distraction"],"picked":"Deadly Poison","floor":2.0},{"not_picked":["Flying Knee","Underhanded Strike"],"picked":"Crippling Poison","floor":3.0},{"not_picked":["Crippling Poison","Accuracy"],"picked":"Catalyst","floor":5.0},{"not_picked":["Dagger Spray","Dagger Throw"],"picked":"Deflect","floor":7.0},{"not_picked":["Night Terror","Quick Slash"],"picked":"Deadly Poison","floor":10.0},{"not_picked":["Quick Slash","Cloak And Dagger"],"picked":"Acrobatics","floor":12.0},{"not_picked":["Dodge and Roll","Flechettes"],"picked":"Leg Sweep","floor":14.0},{"not_picked":["Die Die Die","Unload"],"picked":"Malaise","floor":16.0},{"not_picked":["Reflex","Well Laid Plans"],"picked":"Distraction+1","floor":18.0},{"not_picked":["Caltrops","Bane","Die Die Die"],"picked":"SKIP","floor":24.0},{"not_picked":["Quick Slash","Concentrate"],"picked":"Dodge and Roll+1","floor":25.0},{"not_picked":["Prepared","Sucker Punch","Bane+1"],"picked":"SKIP","floor":27.0},{"not_picked":["Dagger Throw","PiercingWail","Underhanded Strike+1"],"picked":"SKIP","floor":30},{"not_picked":["Die Die Die","Quick Slash","Expertise"],"picked":"SKIP","floor":31}],"player_experience":288132,"relics_obtained":[{"floor":7.0,"key":"The Courier"},{"floor":9.0,"key":"Bag of Marbles"},{"floor":12.0,"key":"Tiny Chest"},{"floor":14.0,"key":"Blood Vial"},{"floor":22.0,"key":"Bottled Tornado"},{"floor":24.0,"key":"Ornamental Fan"},{"floor":26.0,"key":"PreservedInsect"}],"event_choices":[{"damage_healed":0.0,"max_hp_gain":0.0,"max_hp_loss":0.0,"gold_gain":0.0,"event_name":"Shining Light","player_choice":"Entered Light","floor":4.0,"gold_loss":0.0,"damage_taken":13.0,"cards_upgraded":["Strike_G","Strike_G"]},{"damage_healed":0.0,"max_hp_gain":0.0,"max_hp_loss":0.0,"gold_gain":0.0,"event_name":"Dead Adventurer","player_choice":"Searched \u00272\u0027 times","floor":12.0,"gold_loss":0.0,"damage_taken":0.0},{"damage_healed":0.0,"max_hp_gain":0.0,"max_hp_loss":0.0,"gold_gain":0.0,"event_name":"Vampires","player_choice":"Became a vampire (Vial)","floor":19.0,"relics_lost":["Blood Vial"],"gold_loss":0.0,"damage_taken":0.0,"cards_obtained":["Bite","Bite","Bite","Bite","Bite"]},{"damage_healed":0.0,"max_hp_gain":0.0,"max_hp_loss":0.0,"gold_gain":0.0,"event_name":"The Mausoleum","player_choice":"Opened","floor":21.0,"gold_loss":0.0,"damage_taken":0.0,"relics_obtained":["Mercury Hourglass"],"cards_obtained":["Writhe"]},{"damage_healed":0,"gold_gain":75,"player_choice":"Touch","damage_taken":6,"max_hp_gain":0,"max_hp_loss":0,"event_name":"FaceTrader","floor":28,"gold_loss":0}],"is_beta":false,"boss_relics":[{"not_picked":["Empty Cage","Cursed Key"],"picked":"Fusion Hammer"}],"items_purged_floors":[20],"is_endless":false,"potions_floor_spawned":[1,2,12,14,25,27,31],"killed_by":"Champ","ascension_level":6}}