{"host":"irrizrmw64do51k7","time":1611181516,"event":{"mods":["AchievementEnabler","BaseMod","Better Altar","Better Match","Better Note","Better Sensory Stone","Better Skull","Better Third Choice","BetterRewards","Card Forge","Colored Map","Colored Powertips","Curses Come First","DeckTracker","Good Game Mod","Infinite Spire","Minty Spire (QoL Compilation)","Quick Restart","Relic Stats","Shop Mod","StSLib","The Animator"],"gold_per_floor":[115,125,137,149,159,170,196,196,196,208,208,234,252,268,268,340,390,402,415,426,426,266,266,266,266,266,297,314,325,325,325],"floor_reached":30,"language":"ENG","playtime":1994,"items_purged":[],"score":662,"play_id":"693e032a-7c0a-47aa-8286-8e5bf39dbbcc","local_time":"20210120142516","is_ascension_mode":true,"campfire_choices":[{"floor":11,"key":"REST"},{"floor":15,"key":"REST"},{"floor":23,"key":"REST"},{"floor":25,"key":"REST"}],"circlet_count":0,"master_deck":["AscendersBane","Strike_B","Strike_B","Strike_B","Strike_B","Defend_B","Defend_B","Defend_B+1","Defend_B+1","Zap","Dualcast","White Noise","Ball Lightning","Coolheaded","Melter","Streamline","Stack","Streamline","Auto Shields","Leap","LessonLearned","Stack","White Noise","Glacier","Biased Cognition","Coolheaded","Ball Lightning","Barrage","Glacier","infinitespire:FutureSight","infinitespire:Oblivion","Static Discharge","Electrodynamics","Streamline"],"relics":["Cracked Core","Hammer of Thor","Seething Fire","Anvil of the Gods","REME:ComplimentaryCards","infinitespire:CheckeredPen","Turnip","Ice Cream","Cables","Calipers","CaptainsWheel","infinitespire:EmpoweringShard","Centennial Puzzle","Unceasing Top","infinitespire:Joker Card","Tiny House","Red Mask","infinitespire:Lucky Rock","Bag of Preparation"],"acts_visited":["Exordium","TheCity"],"potions_floor_usage":[7,7,10,12,20,27,29,30,30],"damage_taken":[{"damage":2,"enemies":"Jaw Worm","floor":1,"turns":2},{"damage":0,"enemies":"Cultist","floor":2,"turns":3},{"damage":0,"enemies":"Small Slimes","floor":3,"turns":2},{"damage":10,"enemies":"3 Louse","floor":4,"turns":3},{"damage":18,"enemies":"Large Slime","floor":5,"turns":3},{"damage":2,"enemies":"Red Slaver","floor":6,"turns":3},{"damage":6,"enemies":"Gremlin Nob","floor":7,"turns":4},{"damage":0,"enemies":"Exordium Wildlife","floor":10,"turns":3},{"damage":10,"enemies":"Lagavulin","floor":12,"turns":5},{"damage":2,"enemies":"Gremlin Gang","floor":13,"turns":4},{"damage":11,"enemies":"Lots of Slimes","floor":14,"turns":3},{"damage":11,"enemies":"The Guardian","floor":16,"turns":11},{"damage":52,"enemies":"3 Byrds","floor":18,"turns":6},{"damage":0,"enemies":"Spheric Guardian","floor":19,"turns":4},{"damage":0,"enemies":"Cultist and Chosen","floor":20,"turns":2},{"damage":30,"enemies":"Gremlin Leader","floor":27,"turns":8},{"damage":0,"enemies":"Snecko","floor":28,"turns":5},{"damage":11,"enemies":"Snake Plant","floor":29,"turns":2},{"damage":22,"enemies":"Slavers","floor":30,"turns":2}],"seed_played":"633828629779860598","potions_obtained":[{"floor":3,"key":"Block Potion"},{"floor":6,"key":"DuplicationPotion"},{"floor":7,"key":"PowerPotion"},{"floor":10,"key":"Fruit Juice"},{"floor":14,"key":"BlessingOfTheForge"},{"floor":16,"key":"GamblersBrew"},{"floor":17,"key":"LiquidMemories"},{"floor":19,"key":"DuplicationPotion"},{"floor":27,"key":"PotionOfCapacity"},{"floor":28,"key":"LiquidBronze"},{"floor":29,"key":"Block Potion"}],"is_trial":false,"path_per_floor":["M","M","M","M","M","M","E","?","T","M","R","E","M","M","R","B",null,"M","M","M","?","$","R","AVR","R","T","E","M","M","E"],"character_chosen":"DEFECT","items_purchased":["White Noise","infinitespire:CheckeredPen","Turnip","Cables","infinitespire:Lucky Rock"],"campfire_rested":4,"item_purchase_floors":[0,0,0,0,22],"current_hp_per_floor":[62,62,62,52,34,32,26,2,2,2,23,18,16,5,27,16,66,14,14,14,14,14,38,38,62,62,32,32,21,0,0],"gold":325,"neow_bonus":"","is_daily":false,"chose_seed":false,"campfire_upgraded":0,"win_rate":0.0,"timestamp":1611181516,"path_taken":["M","M","M","M","M","M","E","?","T","M","R","E","M","M","R","BOSS","M","M","M","?","$","R","AVR","R","T","E","M","M","E"],"items_purchased_type":["Card","Relic","Relic","Relic","Relic"],"build_version":"2020-12-22","purchased_purges":0,"victory":false,"max_hp_per_floor":[71,71,71,71,71,71,71,71,71,71,71,76,76,76,76,76,81,81,81,81,81,81,81,81,81,81,81,81,81,81,81],"relic_stats":{"Centennial Puzzle":[24],"counters":[22,80],"Turnip":[6],"Bag of Preparation":[6],"obtain_stats":[{"Ice Cream":0,"Calipers":0,"Tiny House":17,"NeowsBlessing":0,"animator:TheMissingPiece":0,"Hammer of Thor":0,"infinitespire:Joker Card":12,"Bag of Preparation":27,"Seething Fire":0,"infinitespire:CheckeredPen":0,"infinitespire:Lucky Rock":22,"Cables":0,"REME:ComplimentaryCards":0,"CaptainsWheel":0,"Centennial Puzzle":8,"Anvil of the Gods":0,"Gambling Chip":0,"animator:LivingPicture":0,"Turnip":0,"infinitespire:EmpoweringShard":7,"Red Mask":21,"Cracked Core":21,"Unceasing Top":9},{"Ice Cream":3,"Calipers":3,"Tiny House":15,"NeowsBlessing":0,"animator:TheMissingPiece":0,"Hammer of Thor":0,"infinitespire:Joker Card":12,"Bag of Preparation":19,"Seething Fire":0,"infinitespire:CheckeredPen":3,"infinitespire:Lucky Rock":18,"Cables":3,"REME:ComplimentaryCards":0,"CaptainsWheel":3,"Centennial Puzzle":10,"Anvil of the Gods":0,"Gambling Chip":3,"animator:LivingPicture":0,"Turnip":3,"infinitespire:EmpoweringShard":10,"Red Mask":18,"Cracked Core":18,"Unceasing Top":10},{"Ice Cream":5,"Calipers":5,"Tiny House":51,"NeowsBlessing":0,"animator:TheMissingPiece":0,"Hammer of Thor":0,"infinitespire:Joker Card":33,"Bag of Preparation":71,"Seething Fire":0,"infinitespire:CheckeredPen":5,"infinitespire:Lucky Rock":63,"Cables":5,"REME:ComplimentaryCards":0,"CaptainsWheel":5,"Centennial Puzzle":25,"Anvil of the Gods":0,"Gambling Chip":5,"animator:LivingPicture":0,"Turnip":5,"infinitespire:EmpoweringShard":25,"Red Mask":63,"Cracked Core":63,"Unceasing Top":25}],"Unceasing Top":[0],"Cables":[60,46,12,2,0]},"card_choices":[{"not_picked":["Chaos","Redo"],"picked":"Ball Lightning","floor":1},{"not_picked":["Scrape","Conserve Battery"],"picked":"Coolheaded","floor":2},{"not_picked":["Reprogram","Consume"],"picked":"Melter","floor":3},{"not_picked":["Consume","Ball Lightning"],"picked":"Streamline","floor":4},{"not_picked":["Hologram","Steam"],"picked":"Stack","floor":5},{"not_picked":["Cold Snap","Force Field"],"picked":"Streamline","floor":6},{"not_picked":["Cold Snap","Barrage"],"picked":"Auto Shields","floor":7},{"not_picked":["Auto Shields","Lockon"],"picked":"Leap","floor":10},{"not_picked":["Ball Lightning","Streamline"],"picked":"Stack","floor":12},{"not_picked":["Gash","Coolheaded"],"picked":"White Noise","floor":13},{"not_picked":["Redo","Tempest"],"picked":"Glacier","floor":14},{"not_picked":["Multi-Cast","Reboot"],"picked":"Biased Cognition","floor":16},{"not_picked":["Sweeping Beam","Stack"],"picked":"Coolheaded","floor":17},{"not_picked":["Aggregate+1","Rebound"],"picked":"Ball Lightning","floor":18},{"not_picked":["Beam Cell","Skim"],"picked":"Barrage","floor":19},{"not_picked":["Compile Driver+1","Beam Cell"],"picked":"Glacier","floor":20},{"not_picked":["infinitespire:Collect","infinitespire:DeathsTouch"],"picked":"infinitespire:FutureSight","floor":21},{"not_picked":["FTL","Ball Lightning"],"picked":"Static Discharge","floor":27},{"not_picked":["Lockon","Barrage"],"picked":"Electrodynamics","floor":28},{"not_picked":["Ball Lightning","Consume"],"picked":"Streamline","floor":29}],"player_experience":475258,"relics_obtained":[{"floor":7,"key":"infinitespire:EmpoweringShard"},{"floor":9,"key":"Unceasing Top"},{"floor":12,"key":"infinitespire:Joker Card"},{"floor":21,"key":"Red Mask"},{"floor":27,"key":"Bag of Preparation"}],"event_choices":[{"damage_healed":0,"gold_gain":1,"player_choice":"Relic ","damage_taken":24,"max_hp_gain":0,"max_hp_loss":0,"event_name":"betterThird:BetterScrap","floor":8,"gold_loss":0,"cards_obtained":["Eviscerate"]}],"is_beta":false,"boss_relics":[{"not_picked":["Empty Cage","SacredBark"],"picked":"Tiny House"}],"items_purged_floors":[],"is_endless":false,"potions_floor_spawned":[3,6,7,10,14,16,19,27,28,29],"killed_by":"Slavers","ascension_level":16}}