{"host":"jyuuog6ydc2s7nd8","time":1611144108,"event":{"mods":["BaseMod","Better Vampires","Minty Spire (QoL Compilation)","Shop Mod","StSLib","The Hierophant","The Servant 0.9.4","TheBandit","[IsaacMod]ÒÔÈö¼âËþ"],"gold_per_floor":[133,133,32,0,18,50,50,83,130,30,30,53,80,80,80,80,80],"floor_reached":16,"language":"ZHS","playtime":396,"items_purged":["Strike_R","Strike_R"],"score":344,"play_id":"4510788f-d38d-4764-97a4-f368cca36b3a","local_time":"20210120200148","is_ascension_mode":true,"campfire_choices":[{"data":"Pommel Strike","floor":7.0,"key":"SMITH"},{"data":"Bash","floor":11.0,"key":"SMITH"},{"data":"Battle Trance","floor":15,"key":"SMITH"}],"circlet_count":0,"master_deck":["AscendersBane","Strike_R","Strike_R","Strike_R","Defend_R","Defend_R","Defend_R","Defend_R","Bash+1","Pommel Strike+1","Battle Trance+1","Bloodletting"],"relics":["HushsDoor","ChampionBelt","UnicornStump","Bronze Scales","Orichalcum","BelialBook","Odd Mushroom","Prayer Wheel"],"acts_visited":["Exordium"],"potions_floor_usage":[16,16],"damage_taken":[{"damage":45.0,"enemies":"3 Sentries","floor":1.0,"turns":14.0},{"damage":0.0,"enemies":"Cultist","floor":5.0,"turns":3.0},{"damage":11.0,"enemies":"Gremlin Nob","floor":6.0,"turns":3.0},{"damage":0.0,"enemies":"3 Sentries","floor":8.0,"turns":1.0},{"damage":4.0,"enemies":"The Mushroom Lair","floor":12.0,"turns":3.0},{"damage":0.0,"enemies":"Lagavulin","floor":13.0,"turns":2.0},{"damage":9,"enemies":"Slime Boss","floor":16,"turns":6}],"seed_played":"4844469038646683129","potions_obtained":[{"floor":12.0,"key":"Energy Potion"},{"floor":13.0,"key":"CultistPotion"}],"is_trial":false,"path_per_floor":["M","?","$","?","M","E","R","E","T","$","R","?","M","?","R","B"],"character_chosen":"IRONCLAD","items_purchased":["Pommel Strike"],"campfire_rested":0,"item_purchase_floors":[3],"current_hp_per_floor":[23,23,23,23,23,12,12,12,12,12,12,8,8,8,8,0,0],"gold":80,"neow_bonus":"BOSS_RELIC","is_daily":false,"chose_seed":false,"campfire_upgraded":3,"win_rate":0.0,"timestamp":1611144108,"path_taken":["M","?","$","?","M","E","R","E","T","$","R","?","?","?","R","BOSS"],"items_purchased_type":["Card"],"build_version":"2020-12-22","purchased_purges":2,"victory":false,"max_hp_per_floor":[75,75,75,75,75,75,75,75,75,75,75,75,75,75,75,75,75],"card_choices":[{"not_picked":["Thunderclap","Pommel Strike"],"picked":"Bomb","floor":1.0},{"not_picked":["Uppercut","Body Slam","Twin Strike"],"picked":"SKIP","floor":5.0},{"not_picked":["Disarm","Flame Barrier"],"picked":"Bomb","floor":6.0},{"not_picked":["Sword Boomerang","Twin Strike","Fiend Fire"],"picked":"SKIP","floor":8.0},{"not_picked":["Flex","Warcry"],"picked":"Battle Trance","floor":12.0},{"not_picked":["Iron Wave","Sword Boomerang"],"picked":"Bloodletting","floor":13.0}],"player_experience":1865180,"relics_obtained":[{"floor":1.0,"key":"Bronze Scales"},{"floor":8.0,"key":"Orichalcum"},{"floor":9.0,"key":"BelialBook"},{"floor":12.0,"key":"Odd Mushroom"},{"floor":13.0,"key":"Prayer Wheel"}],"event_choices":[{"damage_healed":0.0,"max_hp_gain":0.0,"max_hp_loss":0.0,"gold_gain":0.0,"event_name":"Liars Game","player_choice":"Ignored","floor":2.0,"gold_loss":0.0,"damage_taken":0.0},{"damage_healed":0.0,"max_hp_gain":0.0,"max_hp_loss":0.0,"gold_gain":0.0,"event_name":"World of Goop","player_choice":"Left Gold","floor":4.0,"gold_loss":32.0,"damage_taken":0.0},{"damage_healed":0.0,"max_hp_gain":0.0,"max_hp_loss":0.0,"gold_gain":0.0,"event_name":"Mushrooms","player_choice":"Fought Mushrooms","floor":12.0,"gold_loss":0.0,"damage_taken":0.0},{"damage_healed":0,"gold_gain":0,"player_choice":"0 cards matched","damage_taken":0,"max_hp_gain":0,"max_hp_loss":0,"event_name":"Match and Keep!","floor":14,"gold_loss":0,"cards_obtained":[]}],"is_beta":false,"boss_relics":[],"items_purged_floors":[3,10],"is_endless":false,"potions_floor_spawned":[12,13],"killed_by":"Slime Boss","ascension_level":20}}