{"host":"2r1v2z034wsinqnl","time":1611110819,"event":{"mods":["AchievementEnabler","BaseMod","Colored Map","Colored Powertips","Downfall","Minty Spire (QoL Compilation)","Random Character Button","StSLib"],"gold_per_floor":[99,111,131,144,144,319,345,362,9,9,34,19,19,48,67,162,162,162,177,187,187,187,187,233,233,233,260,0,0,13,13,31,126,176,176,193,193,211,100,130,130,130,141,160,60,75,75,90,109,109],"floor_reached":51,"language":"ENG","playtime":4604,"items_purged":["Doubt","downfall:Bewildered"],"score":707,"play_id":"406cd8ee-b504-4438-afbe-eaae8f60440d","local_time":"20210119214659","is_ascension_mode":false,"campfire_choices":[{"data":"Slimebound:Split","floor":1,"key":"SMITH"},{"floor":13,"key":"REST"},{"data":"Slimebound:LevelUp","floor":18,"key":"SMITH"},{"data":"Slimebound:SplitSpecialist","floor":23,"key":"SMITH"},{"floor":26,"key":"REST"},{"floor":29,"key":"REST"},{"data":"Slimebound:Equalize","floor":35,"key":"SMITH"},{"floor":45,"key":"REST"},{"floor":47,"key":"REST"}],"circlet_count":0,"master_deck":["Slimebound:Strike_Slimebound","Slimebound:Strike_Slimebound+1","Slimebound:Tackle","Slimebound:Defend_Slimebound+1","Slimebound:Defend_Slimebound","Slimebound:Defend_Slimebound","Slimebound:Defend_Slimebound","Slimebound:Split+1","Slimebound:CorrosiveSpit+1","Swift Strike","Slimebound:SplitAcid","Slimebound:Schlurp","Slimebound:LevelUp+1","Slimebound:SplitMire","Slimebound:SamplingLick","Slimebound:SplitSpecialist+1","downfall:Malfunctioning","Slimebound:FirmFortitude+1","Slimebound:SplitBruiser+1","Slimebound:Prepare+1","Slimebound:Replication+1","Slimebound:MassRepurpose+1","Slimebound:Repurpose+1","Slimebound:Equalize+1","Slimebound:Darklings+1","Slimebound:Recollect+1","Slimebound:GoopSpray+1","Slimebound:SplitSpecialist+1","Parasite","Slimebound:SplitSpecialist+1"],"relics":["Slimebound:AbsorbEndCombat","InkBottle","Boot","ClockworkSouvenir","Toxic Egg 2","Pen Nib","Busted Crown","sneckomod:BabySnecko","Juzu Bracelet","Mango","Anchor","Tiny House","Membership Card","Du-Vu Doll","Pantograph","Slimebound:AggressiveSlimeRelic","StoneCalendar","downfall:HeartBlessingGreen"],"acts_visited":["Exordium","TheCity","TheBeyond"],"potions_floor_usage":[8,16,20,39,40,48,50,50],"damage_taken":[{"damage":2,"enemies":"2 Louse","floor":2,"turns":3},{"damage":2,"enemies":"Small Slimes","floor":3,"turns":2},{"damage":6,"enemies":"Jaw Worm","floor":4,"turns":3},{"damage":10,"enemies":"Exordium Thugs","floor":8,"turns":4},{"damage":5,"enemies":"downfall:FleeingMerchant","floor":9,"turns":4},{"damage":25,"enemies":"3 Sentries","floor":11,"turns":5},{"damage":6,"enemies":"downfall:FleeingMerchant","floor":12,"turns":4},{"damage":16,"enemies":"Gremlin Nob","floor":14,"turns":3},{"damage":0,"enemies":"3 Louse","floor":15,"turns":2},{"damage":25,"enemies":"SI_SHIV_ARCHETYPE","floor":16,"turns":9},{"damage":10,"enemies":"Spheric Guardian","floor":19,"turns":3},{"damage":11,"enemies":"Snake Plant","floor":20,"turns":3},{"damage":16,"enemies":"Gremlin Leader","floor":27,"turns":5},{"damage":20,"enemies":"downfall:FleeingMerchant","floor":28,"turns":4},{"damage":1,"enemies":"Centurion and Healer","floor":30,"turns":6},{"damage":0,"enemies":"Cultist and Chosen","floor":32,"turns":4},{"damage":38,"enemies":"DF_ARCHETYPE_CLAW","floor":33,"turns":7},{"damage":11,"enemies":"3 Darklings","floor":36,"turns":4},{"damage":6,"enemies":"3 Shapes","floor":38,"turns":3},{"damage":3,"enemies":"downfall:FleeingMerchant","floor":39,"turns":2},{"damage":12,"enemies":"Nemesis","floor":40,"turns":7},{"damage":14,"enemies":"Writhing Mass","floor":43,"turns":5},{"damage":22,"enemies":"3 Darklings","floor":44,"turns":3},{"damage":0,"enemies":"Sphere and 2 Shapes","floor":46,"turns":3},{"damage":9,"enemies":"Jaw Worm Horde","floor":48,"turns":5},{"damage":0,"enemies":"Writhing Mass","floor":49,"turns":4},{"damage":90,"enemies":"IC_BLOCK_ARCHETYPE","floor":50,"turns":12}],"seed_played":"-7054978831834330835","potions_obtained":[{"floor":2,"key":"Fire Potion"},{"floor":3,"key":"Strength Potion"},{"floor":8,"key":"LiquidMemories"},{"floor":16,"key":"Slimebound:SlimyTonguePotion"},{"floor":27,"key":"FearPotion"},{"floor":34,"key":"Swift Potion"},{"floor":36,"key":"DistilledChaos"},{"floor":38,"key":"Energy Potion"},{"floor":44,"key":"FearPotion"},{"floor":48,"key":"Slimebound:SlimyTonguePotion"}],"is_trial":false,"path_per_floor":["R","M","M","M","?","?","T","M","$","?","E","$","R","E","M","B",null,"R","M","M","?","?","R","T","?","R","E","$","R","M","?","M","B",null,"R","M","?","M","$","E","T","?","M","M","R","M","R","M","M","B",null],"character_chosen":"SLIMEBOUND","items_purchased":["Slimebound:SplitSpecialist","ClockworkSouvenir","Swift Potion","Anchor","Membership Card","Du-Vu Doll","Pantograph","SkillPotion"],"campfire_rested":5,"item_purchase_floors":[9,9,9,28,39,39,39,39],"current_hp_per_floor":[65,65,63,61,54,54,54,50,51,51,32,32,51,39,39,22,65,65,55,46,46,46,46,46,46,65,73,61,79,79,79,79,45,84,84,77,77,75,81,72,72,72,60,40,65,65,84,83,84,10],"gold":109,"neow_bonus":"RANDOM_COLORLESS","is_daily":false,"chose_seed":false,"campfire_upgraded":4,"win_rate":0.0,"timestamp":1611110819,"path_taken":["R","M","M","M","?","?","T","M","$","?","E","$","R","E","M","BOSS","R","M","M","?","?","R","T","?","R","E","$","R","M","?","M","BOSS","R","M","?","M","$","E","T","?","M","M","R","M","R","M","M","BOSS"],"items_purchased_type":["Card","Relic","Potion","Relic","Relic","Relic","Relic","Potion"],"build_version":"2020-12-22","purchased_purges":2,"victory":true,"max_hp_per_floor":[65,65,65,65,65,65,65,65,65,65,65,65,65,65,65,65,65,65,65,65,65,65,65,65,65,65,79,79,79,79,79,79,79,84,84,84,84,84,84,84,84,84,84,84,84,84,84,84,84,84],"card_choices":[{"not_picked":["Purity","Flash of Steel"],"picked":"Swift Strike","floor":0},{"not_picked":["Slimebound:TongueLash","Slimebound:SlimeBarrage"],"picked":"Slimebound:SplitAcid","floor":2},{"not_picked":["Slimebound:LeechingTouch","Slimebound:ServeAndProtect"],"picked":"Slimebound:Schlurp","floor":3},{"not_picked":["Slimebound:SplitBruiser","Slimebound:Schlurp"],"picked":"Slimebound:LevelUp","floor":4},{"not_picked":["Slimebound:LivingWall","Slimebound:DisruptingSlam"],"picked":"Slimebound:SplitMire","floor":8},{"not_picked":["Slimebound:SplitAcid","Slimebound:GrowthPunch"],"picked":"Slimebound:SamplingLick","floor":9},{"not_picked":["Slimebound:GrowthPunch","Slimebound:Prepare+1"],"picked":"Slimebound:FirmFortitude+1","floor":11},{"not_picked":["Slimebound:FinishingTackle","Slimebound:FlameTackle"],"picked":"Slimebound:SplitBruiser+1","floor":12},{"not_picked":["Slimebound:Recycling","Slimebound:RollThrough"],"picked":"Slimebound:Prepare+1","floor":14},{"not_picked":["Slimebound:SlimeSpikes+1","Slimebound:RollThrough"],"picked":"Slimebound:Replication+1","floor":15},{"not_picked":["Slimebound:SelfFormingGoo","Slimebound:Teamwork+1"],"picked":"Slimebound:MassRepurpose+1","floor":16},{"not_picked":[],"picked":"Slimebound:Repurpose+1","floor":19},{"not_picked":["Slimebound:PressTheAttack"],"picked":"SKIP","floor":20},{"not_picked":["Slimebound:ViciousTackle"],"picked":"SKIP","floor":27},{"not_picked":["Slimebound:SpikyOuterGoop+1"],"picked":"SKIP","floor":28},{"not_picked":["Slimebound:SplitBruiser+1"],"picked":"SKIP","floor":30},{"not_picked":["Slimebound:Dissolve+1"],"picked":"SKIP","floor":32},{"not_picked":[],"picked":"Slimebound:Darklings+1","floor":33},{"not_picked":[],"picked":"Slimebound:Recollect+1","floor":34},{"not_picked":["Slimebound:FinishingTackle"],"picked":"SKIP","floor":36},{"not_picked":["Slimebound:Prepare+1"],"picked":"SKIP","floor":38},{"not_picked":[],"picked":"Slimebound:GoopSpray+1","floor":39},{"not_picked":[],"picked":"Slimebound:SplitSpecialist+1","floor":40},{"not_picked":[],"picked":"Slimebound:SplitSpecialist+1","floor":43},{"not_picked":["Slimebound:SplitBruiser+1"],"picked":"SKIP","floor":44},{"not_picked":["Slimebound:SplitMire+1"],"picked":"SKIP","floor":46},{"not_picked":["Slimebound:ItLooksTasty+1"],"picked":"SKIP","floor":48},{"not_picked":["Slimebound:SplitMire+1"],"picked":"SKIP","floor":49}],"player_experience":157864,"relics_obtained":[{"floor":7,"key":"Boot"},{"floor":11,"key":"Toxic Egg 2"},{"floor":14,"key":"Pen Nib"},{"floor":24,"key":"Juzu Bracelet"},{"floor":27,"key":"Mango"},{"floor":40,"key":"Slimebound:AggressiveSlimeRelic"},{"floor":41,"key":"StoneCalendar"}],"event_choices":[{"damage_healed":0,"gold_gain":0,"player_choice":"Success","damage_taken":7,"relics_obtained":["InkBottle"],"max_hp_gain":0,"max_hp_loss":0,"event_name":"Scrap Ooze","floor":5,"gold_loss":0},{"damage_healed":0,"gold_gain":0,"player_choice":"Read","damage_taken":0,"max_hp_gain":0,"max_hp_loss":0,"event_name":"The Library","floor":25,"gold_loss":0,"cards_obtained":["Slimebound:Equalize"]},{"damage_healed":0,"gold_gain":0,"player_choice":"Ignored","damage_taken":0,"max_hp_gain":0,"max_hp_loss":0,"event_name":"Mysterious Sphere","floor":37,"gold_loss":0},{"cards_removed":["Slimebound:Strike_Slimebound"],"damage_healed":0,"gold_gain":0,"player_choice":"Removed Attack","damage_taken":0,"max_hp_gain":0,"max_hp_loss":0,"event_name":"Falling","floor":42,"gold_loss":0}],"is_beta":false,"boss_relics":[{"not_picked":["SlaversCollar","Calling Bell"],"picked":"Busted Crown"},{"not_picked":["Philosopher\u0027s Stone","SacredBark"],"picked":"Tiny House"}],"items_purged_floors":[9,28],"is_endless":false,"potions_floor_spawned":[2,3,8,11,16,19,27,30,36,38,44,48],"ascension_level":0}}