{"host":"bq4pt811tk9yrmjl","time":1611173556,"event":{"mods":["AchievementEnabler","BaseMod","Colored Map","Colored Powertips","Defuse TimeMaze Blight","Hermit","Minty Spire (QoL Compilation)","StSLib","SuperFastMode"],"gold_per_floor":[112,187,187,200,53,84,84,109,109,109,120,120,85,36,36,135,135,145,145,70,70,88,88,88,107,131,149,149,249,249,283,283,380,380,392,242,242,257,268,268,296,296,323,323,354,92,108,108,108,108,108],"floor_reached":50,"language":"ENG","playtime":886,"items_purged":["Writhe"],"score":574,"play_id":"8de7f711-ecd2-42ab-baef-984b4437195b","local_time":"20210120181236","is_ascension_mode":true,"campfire_choices":[{"data":"Loop","floor":7,"key":"SMITH"},{"floor":10,"key":"RECALL"},{"data":"Streamline","floor":15,"key":"SMITH"},{"data":"Echo Form","floor":23,"key":"SMITH"},{"data":"Dualcast","floor":28,"key":"SMITH"},{"floor":30,"key":"REST"},{"floor":32,"key":"REST"},{"data":"Ball Lightning","floor":40,"key":"SMITH"},{"floor":42,"key":"REST"},{"floor":44,"key":"REST"},{"floor":49,"key":"REST"}],"circlet_count":0,"master_deck":["Strike_B+1","Strike_B+1","Strike_B+1","Strike_B+1","Defend_B+1","Defend_B+1","Defend_B+1","Defend_B+1","Zap+1","Dualcast+1","Streamline+1","Loop+1","Ball Lightning+1","Echo Form+1","Steam+1","Hologram+1","Go for the Eyes","Consume+1","Core Surge","Panache","Conserve Battery+1","Go for the Eyes+1"],"relics":["Cracked Core","NeowsBlessing","Lee\u0027s Waffle","Akabeko","Blue Candle","Inserter","Dream Catcher","Anchor","Vajra","Eternal Feather","Sozu","Medical Kit","Happy Flower","PreservedInsect","Letter Opener","Pantograph"],"acts_visited":["Exordium","TheCity","TheBeyond"],"potions_floor_usage":[16,31,33,33,45],"damage_taken":[{"damage":0,"enemies":"Jaw Worm","floor":1,"turns":1},{"damage":0,"enemies":"Small Slimes","floor":4,"turns":1},{"damage":0,"enemies":"Lagavulin","floor":6,"turns":1},{"damage":27,"enemies":"Gremlin Nob","floor":8,"turns":4},{"damage":0,"enemies":"Cultist","floor":11,"turns":3},{"damage":28,"enemies":"The Guardian","floor":16,"turns":10},{"damage":5,"enemies":"Chosen","floor":18,"turns":4},{"damage":7,"enemies":"3 Byrds","floor":22,"turns":6},{"damage":14,"enemies":"Cultist and Chosen","floor":25,"turns":6},{"damage":3,"enemies":"Centurion and Healer","floor":27,"turns":6},{"damage":33,"enemies":"Slavers","floor":31,"turns":6},{"damage":91,"enemies":"Automaton","floor":33,"turns":9},{"damage":0,"enemies":"3 Shapes","floor":35,"turns":5},{"damage":7,"enemies":"3 Darklings","floor":38,"turns":5},{"damage":11,"enemies":"Maw","floor":39,"turns":8},{"damage":64,"enemies":"Reptomancer","floor":41,"turns":7},{"damage":43,"enemies":"Giant Head","floor":45,"turns":6},{"damage":28,"enemies":"Writhing Mass","floor":47,"turns":6},{"damage":0,"enemies":"Donu and Deca","floor":50,"turns":1}],"seed_played":"-6010766271324547426","potions_obtained":[{"floor":1,"key":"PotionOfCapacity"},{"floor":4,"key":"LiquidMemories"},{"floor":18,"key":"FairyPotion"},{"floor":31,"key":"Explosive Potion"},{"floor":33,"key":"Strength Potion"}],"is_trial":false,"path_per_floor":["M","?","?","M","$","E","R","E","T","R","M","?","?","$","R","B",null,"M","?","$","?","M","R","T","M","T","M","R","?","R","E","R","B",null,"M","$","?","M","M","R","E","R","T","R","E","$","M","?","R","B"],"character_chosen":"DEFECT","items_purchased":["Lee\u0027s Waffle","PowerPotion","Medical Kit","Pantograph"],"campfire_rested":5,"item_purchase_floors":[5,14,36,46],"current_hp_per_floor":[75,64,69,69,82,82,82,55,55,55,55,55,75,75,75,47,82,77,77,77,77,70,70,70,56,56,53,53,53,77,44,77,24,82,82,82,82,75,64,76,12,48,48,82,39,39,11,11,47,72,72],"gold":108,"neow_bonus":"THREE_ENEMY_KILL","is_daily":false,"chose_seed":false,"campfire_upgraded":5,"win_rate":0.0,"timestamp":1611173556,"path_taken":["M","?","?","?","$","E","R","E","T","R","M","?","?","$","R","BOSS","M","?","$","?","?","R","?","M","T","M","R","?","R","E","R","BOSS","M","?","?","M","M","R","E","R","T","R","E","$","?","?","R","BOSS"],"items_purchased_type":["Relic","Potion","Relic","Relic"],"build_version":"2020-12-22","purchased_purges":1,"victory":false,"max_hp_per_floor":[75,75,75,75,82,82,82,82,82,82,82,82,82,82,82,82,82,82,82,82,82,82,82,82,82,82,82,82,82,82,82,82,82,82,82,82,82,82,82,82,82,82,82,82,82,82,82,82,82,82,82],"card_choices":[{"not_picked":["Chill","Barrage"],"picked":"Conserve Battery","floor":1},{"not_picked":["Gash","Skim"],"picked":"Streamline","floor":4},{"not_picked":["Stack","Chaos"],"picked":"Loop","floor":6},{"not_picked":["Genetic Algorithm","Streamline"],"picked":"Ball Lightning","floor":8},{"not_picked":["Hello World","FTL","Static Discharge"],"picked":"SKIP","floor":11},{"not_picked":["Reboot","Thunder Strike"],"picked":"Echo Form","floor":16},{"not_picked":["Rebound","Leap"],"picked":"Steam+1","floor":18},{"not_picked":["Streamline+1","Leap","Genetic Algorithm"],"picked":"SKIP","floor":22},{"not_picked":["Cold Snap","Steam"],"picked":"Hologram+1","floor":25},{"not_picked":["Scrape","Reprogram","Hologram"],"picked":"SKIP","floor":27},{"not_picked":["Beam Cell","Double Energy"],"picked":"Go for the Eyes","floor":30},{"not_picked":["Genetic Algorithm","Coolheaded"],"picked":"Consume+1","floor":31},{"not_picked":["Multi-Cast","Amplify"],"picked":"Core Surge","floor":33},{"not_picked":["Genetic Algorithm","Heatsinks","Turbo+1"],"picked":"SKIP","floor":35},{"not_picked":["Dramatic Entrance","Chrysalis"],"picked":"Panache","floor":37},{"not_picked":["Sweeping Beam","Chill+1","Conserve Battery"],"picked":"SKIP","floor":38},{"not_picked":["Gash","Ball Lightning+1","Cold Snap+1"],"picked":"SKIP","floor":39},{"not_picked":["Compile Driver","Beam Cell+1"],"picked":"Conserve Battery+1","floor":41},{"not_picked":["Redo","Reboot","Compile Driver+1"],"picked":"SKIP","floor":45},{"not_picked":["Tempest+1","Compile Driver"],"picked":"Go for the Eyes+1","floor":47}],"player_experience":193721,"relics_obtained":[{"floor":6,"key":"Akabeko"},{"floor":8,"key":"Blue Candle"},{"floor":24,"key":"Anchor"},{"floor":26,"key":"Vajra"},{"floor":31,"key":"Eternal Feather"},{"floor":41,"key":"Happy Flower"},{"floor":43,"key":"PreservedInsect"},{"floor":45,"key":"Letter Opener"}],"event_choices":[{"damage_healed":0,"gold_gain":75,"player_choice":"Gather Gold","damage_taken":11,"max_hp_gain":0,"max_hp_loss":0,"event_name":"World of Goop","floor":2,"gold_loss":0},{"cards_removed":["Conserve Battery"],"damage_healed":5,"gold_gain":0,"player_choice":"Offered Common","damage_taken":0,"max_hp_gain":0,"max_hp_loss":0,"event_name":"Bonfire Elementals","floor":3,"gold_loss":0},{"cards_removed":["Conserve Battery"],"damage_healed":5,"gold_gain":0,"player_choice":"Offered Special","damage_taken":0,"max_hp_gain":0,"max_hp_loss":0,"event_name":"Bonfire Elementals","floor":3,"gold_loss":0},{"damage_healed":0,"gold_gain":0,"player_choice":"Grow","damage_taken":0,"max_hp_gain":0,"max_hp_loss":0,"event_name":"Living Wall","floor":12,"gold_loss":0,"cards_upgraded":["Zap"]},{"damage_healed":20,"gold_gain":0,"player_choice":"Healed","damage_taken":0,"max_hp_gain":0,"max_hp_loss":0,"event_name":"The Cleric","floor":13,"gold_loss":35},{"damage_healed":0,"gold_gain":0,"player_choice":"Opened","damage_taken":0,"relics_obtained":["Dream Catcher"],"max_hp_gain":0,"max_hp_loss":0,"event_name":"The Mausoleum","floor":19,"gold_loss":0,"cards_obtained":["Writhe"]},{"damage_healed":0,"gold_gain":0,"player_choice":"Simplicity","damage_taken":0,"max_hp_gain":0,"max_hp_loss":0,"event_name":"Back to Basics","floor":21,"gold_loss":0,"cards_upgraded":["Strike_B","Strike_B","Strike_B","Strike_B","Defend_B","Defend_B","Defend_B","Defend_B"]},{"damage_healed":0,"gold_gain":100,"player_choice":"Pray","damage_taken":0,"max_hp_gain":0,"max_hp_loss":0,"event_name":"Golden Shrine","floor":29,"gold_loss":0},{"damage_healed":0,"gold_gain":0,"player_choice":"Memory 1","damage_taken":0,"max_hp_gain":0,"max_hp_loss":0,"event_name":"SensoryStone","floor":37,"gold_loss":0},{"damage_healed":0,"gold_gain":0,"player_choice":"Ignored","damage_taken":0,"max_hp_gain":0,"max_hp_loss":0,"event_name":"Mysterious Sphere","floor":48,"gold_loss":0}],"is_beta":false,"boss_relics":[{"not_picked":["Ectoplasm","Calling Bell"],"picked":"Inserter"},{"not_picked":["Astrolabe","Philosopher\u0027s Stone"],"picked":"Sozu"}],"items_purged_floors":[20],"is_endless":false,"potions_floor_spawned":[1,4,18,31,33,35,41,45,47],"killed_by":"Donu and Deca","ascension_level":1}}