{"host":"c97twqu0op5dg8i4","time":1611142700,"event":{"mods":["AchievementEnabler","BaseMod","Colored Map","Minty Spire (QoL Compilation)","Permanent Neow"],"gold_per_floor":[113,113,39,39,55,55,68,102,102,128,145,145,155,183,183,283,333,347,357,357,369,109,109,119,146,146,193,203,203,302,52,64,64,166,166,186,186,202,102,0,34,34,34,34,34,48,66,119,52,52,52],"floor_reached":52,"language":"ENG","playtime":2135,"items_purged":["FollowUp","CutThroughFate"],"score":1050,"play_id":"45e147d2-2d05-4d5c-86e2-954a19d07788","local_time":"20210120063820","is_ascension_mode":true,"campfire_choices":[{"data":"Eruption","floor":6,"key":"SMITH"},{"data":"ForeignInfluence","floor":12,"key":"SMITH"},{"data":"FlyingSleeves","floor":15,"key":"SMITH"},{"data":"Bite","floor":23,"key":"SMITH"},{"data":"Bite","floor":29,"key":"SMITH"},{"data":"TalkToTheHand","floor":33,"key":"SMITH"},{"data":"TalkToTheHand","floor":43,"key":"SMITH"},{"data":"Vigilance","floor":45,"key":"SMITH"},{"data":"TalkToTheHand","floor":50,"key":"SMITH"}],"circlet_count":0,"master_deck":["Defend_P+1","Defend_P+1","Defend_P+1","Defend_P+1","Eruption+1","Vigilance+1","Conclude","FollowUp+1","Evaluate+1","ForeignInfluence+1","FlyingSleeves+1","CutThroughFate+1","Tantrum+1","LessonLearned+1","CutThroughFate","BowlingBash+1","TalkToTheHand+1","Bite+1","Bite+1","Bite+1","Bite","Bite+1","Finesse+1","EmptyMind+1","TalkToTheHand+1","TalkToTheHand+1","Doubt","TalkToTheHand+1"],"relics":["Philosopher\u0027s Stone","Sundial","Ornamental Fan","Odd Mushroom","Matryoshka","Tiny House","White Beast Statue","Strawberry","Blood Vial","MealTicket","War Paint","Singing Bowl","Cursed Key","Red Mask","Calipers","Ginger","CaptainsWheel"],"acts_visited":["Exordium","TheCity","TheBeyond"],"potions_floor_usage":[8,18,18,19,22,34,34,34,34,34,34,34,34,38,47,48,51,51],"damage_taken":[{"damage":0,"enemies":"2 Louse","floor":1,"turns":3},{"damage":0,"enemies":"Jaw Worm","floor":5,"turns":2},{"damage":0,"enemies":"Cultist","floor":7,"turns":2},{"damage":0,"enemies":"Gremlin Nob","floor":8,"turns":2},{"damage":6,"enemies":"The Mushroom Lair","floor":10,"turns":3},{"damage":0,"enemies":"Large Slime","floor":11,"turns":2},{"damage":0,"enemies":"2 Fungi Beasts","floor":13,"turns":2},{"damage":0,"enemies":"3 Sentries","floor":14,"turns":4},{"damage":0,"enemies":"Slime Boss","floor":16,"turns":3},{"damage":10,"enemies":"2 Thieves","floor":18,"turns":2},{"damage":1,"enemies":"Chosen","floor":19,"turns":4},{"damage":0,"enemies":"Snake Plant","floor":21,"turns":2},{"damage":0,"enemies":"Centurion and Healer","floor":24,"turns":3},{"damage":20,"enemies":"Slavers","floor":25,"turns":3},{"damage":24,"enemies":"Cultist and Chosen","floor":28,"turns":2},{"damage":16,"enemies":"Snake Plant","floor":32,"turns":4},{"damage":80,"enemies":"Automaton","floor":34,"turns":8},{"damage":19,"enemies":"3 Shapes","floor":36,"turns":3},{"damage":26,"enemies":"3 Darklings","floor":38,"turns":6},{"damage":16,"enemies":"Reptomancer","floor":41,"turns":5},{"damage":0,"enemies":"Transient","floor":46,"turns":5},{"damage":0,"enemies":"Spire Growth","floor":47,"turns":4},{"damage":13,"enemies":"2 Orb Walkers","floor":48,"turns":3},{"damage":149,"enemies":"Donu and Deca","floor":51,"turns":14}],"seed_played":"2278697927954176987","potions_obtained":[{"floor":1,"key":"PowerPotion"},{"floor":4,"key":"FearPotion"},{"floor":4,"key":"Strength Potion"},{"floor":11,"key":"GamblersBrew"},{"floor":16,"key":"Fire Potion"},{"floor":24,"key":"Regen Potion"},{"floor":28,"key":"SkillPotion"},{"floor":32,"key":"EntropicBrew"},{"floor":34,"key":"LiquidMemories"},{"floor":36,"key":"LiquidMemories"},{"floor":38,"key":"Ambrosia"},{"floor":41,"key":"AttackPotion"},{"floor":47,"key":"FairyPotion"},{"floor":48,"key":"BlessingOfTheForge"}],"is_trial":false,"path_per_floor":["M","?","$","?","M","R","M","E","T","?","M","R","M","E","R","B",null,"M","M","?","M","$","R","M","E","T","T","M","R","?","$","M","R","B",null,"M","?","M","$","?","E","$","R","T","R","M","M","?","$","R","B",null],"character_chosen":"WATCHER","items_purchased":["Conclude","Fruit Juice","Finesse","Singing Bowl","TalkToTheHand"],"campfire_rested":0,"item_purchase_floors":[3,22,22,31,49],"current_hp_per_floor":[72,58,58,58,58,58,58,58,58,52,52,52,52,52,52,52,72,62,61,53,53,58,58,58,47,54,54,34,34,34,49,49,49,15,56,47,49,48,63,63,64,75,75,75,75,77,79,68,81,81,14],"gold":52,"neow_bonus":"BOSS_RELIC","is_daily":false,"chose_seed":false,"campfire_upgraded":9,"win_rate":0.0,"timestamp":1611142700,"path_taken":["M","?","$","?","M","R","?","E","T","?","M","R","M","E","R","BOSS","M","M","?","M","$","R","M","E","T","T","M","R","?","$","M","R","BOSS","M","?","M","$","?","E","$","R","T","R","M","M","?","?","R","BOSS"],"items_purchased_type":["Card","Potion","Card","Relic","Card"],"build_version":"2020-12-22","purchased_purges":2,"victory":true,"max_hp_per_floor":[72,72,72,72,72,72,72,72,72,72,72,72,72,72,72,72,77,77,77,53,53,58,58,58,58,65,65,65,65,65,65,67,67,69,69,71,73,75,75,75,75,75,75,75,75,77,79,81,81,81,81],"card_choices":[{"not_picked":["WreathOfFlame","Crescendo"],"picked":"CutThroughFate","floor":1},{"not_picked":["Wireheading","CrushJoints"],"picked":"FollowUp","floor":5},{"not_picked":["ClearTheMind","Prostrate"],"picked":"Evaluate","floor":7},{"not_picked":["Perseverance","Nirvana"],"picked":"FollowUp","floor":8},{"not_picked":["ThirdEye","FlyingSleeves"],"picked":"ForeignInfluence","floor":10},{"not_picked":["Adaptation","SashWhip"],"picked":"FlyingSleeves","floor":11},{"not_picked":["Meditate","Halt"],"picked":"CutThroughFate","floor":13},{"not_picked":["Weave","Protect"],"picked":"Tantrum","floor":14},{"not_picked":["Alpha","Establishment"],"picked":"LessonLearned","floor":16},{"not_picked":["Fasting2","Tantrum"],"picked":"CutThroughFate","floor":17},{"not_picked":["ThirdEye","CutThroughFate"],"picked":"BowlingBash+1","floor":18},{"not_picked":["Prostrate+1","BowlingBash"],"picked":"TalkToTheHand","floor":19},{"not_picked":["Crescendo+1","Adaptation","Halt"],"picked":"SKIP","floor":21},{"not_picked":["Protect","WheelKick"],"picked":"EmptyMind+1","floor":24},{"not_picked":["EmptyMind","Protect+1","DevaForm"],"picked":"SKIP","floor":25},{"not_picked":["ThirdEye","LikeWater"],"picked":"TalkToTheHand","floor":28},{"not_picked":["SandsOfTime+1","Vengeance","Sanctity+1"],"picked":"Singing Bowl","floor":32},{"not_picked":["ConjureBlade","Blasphemy","DevaForm"],"picked":"Singing Bowl","floor":34},{"not_picked":["LikeWater+1","BattleHymn+1","Meditate"],"picked":"Singing Bowl","floor":36},{"not_picked":["HandOfGreed","Forethought","Good Instincts"],"picked":"Singing Bowl","floor":37},{"not_picked":["ForeignInfluence+1","BowlingBash","FlyingSleeves+1"],"picked":"Singing Bowl","floor":38},{"not_picked":["PathToVictory","Evaluate+1"],"picked":"TalkToTheHand+1","floor":41},{"not_picked":["Vengeance+1","ReachHeaven+1","FollowUp"],"picked":"Singing Bowl","floor":46},{"not_picked":["DeceiveReality","ClearTheMind","JustLucky+1"],"picked":"Singing Bowl","floor":47},{"not_picked":["EmptyBody","Worship","Swivel"],"picked":"Singing Bowl","floor":48}],"player_experience":275452,"relics_obtained":[{"floor":8,"key":"Sundial"},{"floor":9,"key":"Ornamental Fan"},{"floor":10,"key":"Odd Mushroom"},{"floor":14,"key":"Matryoshka"},{"floor":25,"key":"White Beast Statue"},{"floor":26,"key":"Strawberry"},{"floor":26,"key":"Blood Vial"},{"floor":27,"key":"MealTicket"},{"floor":27,"key":"War Paint"},{"floor":41,"key":"Calipers"},{"floor":44,"key":"Ginger"},{"floor":48,"key":"CaptainsWheel"}],"event_choices":[{"damage_healed":0,"gold_gain":0,"player_choice":"Entered Light","damage_taken":14,"max_hp_gain":0,"max_hp_loss":0,"event_name":"Shining Light","floor":2,"gold_loss":0,"cards_upgraded":["Defend_P","Strike_P"]},{"damage_healed":0,"gold_gain":0,"player_choice":"Got Potions","damage_taken":0,"max_hp_gain":0,"max_hp_loss":0,"event_name":"Lab","floor":4,"gold_loss":0},{"damage_healed":0,"gold_gain":0,"player_choice":"Fought Mushrooms","damage_taken":0,"max_hp_gain":0,"max_hp_loss":0,"event_name":"Mushrooms","floor":10,"gold_loss":0},{"damage_healed":0,"gold_gain":0,"player_choice":"Became a vampire","damage_taken":0,"max_hp_gain":0,"max_hp_loss":24,"event_name":"Vampires","floor":20,"gold_loss":0,"cards_obtained":["Bite","Bite","Bite","Bite","Bite"]},{"damage_healed":0,"gold_gain":99,"player_choice":"Stole From Cult","damage_taken":0,"max_hp_gain":0,"max_hp_loss":0,"event_name":"Nest","floor":30,"gold_loss":0},{"damage_healed":0,"gold_gain":0,"player_choice":"Memory 1","damage_taken":0,"max_hp_gain":0,"max_hp_loss":0,"event_name":"SensoryStone","floor":37,"gold_loss":0},{"damage_healed":0,"gold_gain":0,"player_choice":"Paid","damage_taken":0,"relics_obtained":["Red Mask"],"max_hp_gain":0,"max_hp_loss":0,"event_name":"Tomb of Lord Red Mask","floor":40,"gold_loss":102},{"damage_healed":0,"gold_gain":0,"player_choice":"Fight","damage_taken":0,"max_hp_gain":0,"max_hp_loss":0,"event_name":"Mysterious Sphere","floor":48,"gold_loss":0}],"is_beta":false,"boss_relics":[{"not_picked":["SacredBark","Coffee Dripper"],"picked":"Tiny House"},{"not_picked":["Runic Pyramid","Fusion Hammer"],"picked":"Cursed Key"}],"items_purged_floors":[22,39],"is_endless":false,"potions_floor_spawned":[1,7,11,14,16,24,28,32,34,36,38,41,46,47,48],"ascension_level":5}}