{"host":"1c17lcvl7acx821p","time":1611102186,"event":{"mods":["AchievementEnabler","BaseMod","Colored Map","Minty Spire (QoL Compilation)","StSLib"],"gold_per_floor":[112,131,131,151,114,148,162,193,218,237,268,268,295,313,313,410,410,425,438,438,438,452,452,479,496,519,519,519,545,545,545,545,644,644,659,659,286,286,301,332,350,377,377,377,96,96,109,134,134,134,134,134,12,45,45],"floor_reached":56,"language":"ENG","playtime":3936,"items_purged":["Strike_P"],"score":1864,"play_id":"5030be01-301e-4f22-a8a9-5e2c7f0c4f81","local_time":"20210120022306","is_ascension_mode":true,"campfire_choices":[{"floor":12,"key":"REST"},{"data":"Eruption","floor":15,"key":"SMITH"},{"data":"LessonLearned","floor":23,"key":"SMITH"},{"data":"LikeWater","floor":27,"key":"SMITH"},{"data":"Pray","floor":30,"key":"SMITH"},{"floor":32,"key":"REST"},{"floor":49,"key":"RECALL"},{"data":"Panacea","floor":52,"key":"SMITH"}],"circlet_count":0,"master_deck":["Strike_P+1","Strike_P+1","Defend_P+1","Defend_P+1","Defend_P+1","Eruption+1","Vigilance+1","Omniscience+1","DeceiveReality+1","FlyingSleeves+1","BowlingBash+1","WindmillStrike+1","LessonLearned+1","Tantrum+1","ClearTheMind+1","Meditate+1","DeusExMachina+1","EmptyBody+1","DeceiveReality+1","LikeWater+1","Pray+1","Brilliance+1","MentalFortress+1","EmptyMind+1","Prostrate+1","Impatience","Panacea+1","DevaForm+1","Pray+1","CutThroughFate+1","Study","Study"],"relics":["PureWater","Thread and Needle","Centennial Puzzle","Oddly Smooth Stone","Potion Belt","CloakClasp","Black Star","Darkstone Periapt","Happy Flower","Art of War","War Paint","Enchiridion","Pen Nib","Gambling Chip","VioletLotus","Sling","Anchor","Du-Vu Doll","Calipers","Mercury Hourglass","Blue Candle","Medical Kit","Orichalcum","Strawberry","CaptainsWheel","Unceasing Top"],"acts_visited":["Exordium","TheCity","TheBeyond","TheEnding"],"potions_floor_usage":[6,11,11,24,29,50,50,54,55,55],"damage_taken":[{"damage":7.0,"enemies":"2 Louse","floor":1.0,"turns":4.0},{"damage":5.0,"enemies":"Small Slimes","floor":2.0,"turns":4.0},{"damage":0.0,"enemies":"Jaw Worm","floor":4.0,"turns":3.0},{"damage":6,"enemies":"3 Sentries","floor":6,"turns":12},{"damage":0,"enemies":"Large Slime","floor":7,"turns":5},{"damage":14,"enemies":"Lagavulin","floor":8,"turns":7},{"damage":0,"enemies":"Blue Slaver","floor":10,"turns":4},{"damage":0,"enemies":"Gremlin Nob","floor":11,"turns":2},{"damage":0,"enemies":"3 Sentries","floor":13,"turns":8},{"damage":0,"enemies":"Exordium Thugs","floor":14,"turns":5},{"damage":0,"enemies":"Slime Boss","floor":16,"turns":13},{"damage":5,"enemies":"Shell Parasite","floor":18,"turns":3},{"damage":0,"enemies":"Chosen","floor":19,"turns":6},{"damage":0,"enemies":"Shelled Parasite and Fungi","floor":22,"turns":11},{"damage":10,"enemies":"Gremlin Leader","floor":24,"turns":9},{"damage":0,"enemies":"Centurion and Healer","floor":25,"turns":6},{"damage":0,"enemies":"Book of Stabbing","floor":29,"turns":4},{"damage":31,"enemies":"Collector","floor":33,"turns":15},{"damage":0,"enemies":"Orb Walker","floor":35,"turns":4},{"damage":0,"enemies":"3 Shapes","floor":39,"turns":5},{"damage":0,"enemies":"Giant Head","floor":40,"turns":6},{"damage":0,"enemies":"Spire Growth","floor":41,"turns":8},{"damage":12,"enemies":"Reptomancer","floor":42,"turns":6},{"damage":0,"enemies":"Maw","floor":47,"turns":8},{"damage":0,"enemies":"Nemesis","floor":48,"turns":7},{"damage":34,"enemies":"Awakened One","floor":50,"turns":8},{"damage":4,"enemies":"Shield and Spear","floor":54,"turns":6},{"damage":39,"enemies":"The Heart","floor":55,"turns":8}],"seed_played":"-4317207039645998425","potions_obtained":[{"floor":1.0,"key":"Dexterity Potion"},{"floor":4.0,"key":"Swift Potion"},{"floor":8,"key":"Ambrosia"},{"floor":11,"key":"Energy Potion"},{"floor":16,"key":"EssenceOfSteel"},{"floor":22,"key":"PowerPotion"},{"floor":24,"key":"Dexterity Potion"},{"floor":25,"key":"Fire Potion"},{"floor":33,"key":"Weak Potion"},{"floor":41,"key":"LiquidMemories"},{"floor":48,"key":"Fruit Juice"}],"is_trial":false,"path_per_floor":["M","M","?","M","?","E","M","E","T","M","E","R","E","M","R","B",null,"M","M","?","?","M","R","E","M","T","R","?","E","R","?","R","B",null,"M","?","$","?","M","E","M","E","T","?","$","?","M","E","R","B",null,"R","$","E","B",null],"character_chosen":"WATCHER","items_purchased":["Sling","Anchor","DevaForm","Medical Kit","Study","SteroidPotion"],"campfire_rested":2,"item_purchase_floors":[37,37,45,45,53,53],"current_hp_per_floor":[58,53,53,53,53,47,47,33,33,33,33,54,54,54,54,54,68,63,63,63,63,63,63,53,53,53,53,37,37,37,37,58,27,61,61,61,61,61,61,61,61,49,49,39,39,39,39,46,46,17,67,67,67,63,24],"gold":45,"neow_bonus":"ONE_RANDOM_RARE_CARD","is_daily":false,"chose_seed":false,"campfire_upgraded":5,"win_rate":0.0,"timestamp":1611102186,"path_taken":["M","M","?","M","?","E","M","E","T","M","E","R","E","M","R","BOSS","M","M","?","?","?","R","E","M","T","R","?","E","R","?","R","BOSS","M","?","$","?","?","E","M","E","T","?","$","?","M","E","R","BOSS","R","$","E","BOSS"],"items_purchased_type":["Relic","Relic","Card","Relic","Card","Potion"],"build_version":"2020-12-22","purchased_purges":1,"victory":true,"max_hp_per_floor":[72,72,72,72,72,72,72,72,72,72,72,72,72,72,72,72,72,72,72,72,72,72,72,72,72,72,72,72,72,72,72,72,72,72,72,72,72,72,72,72,72,72,72,72,72,72,72,79,79,84,84,84,84,84,84],"card_choices":[{"not_picked":["CarveReality","Worship"],"picked":"DeceiveReality","floor":1.0},{"not_picked":["Evaluate","ThirdEye"],"picked":"FlyingSleeves","floor":2.0},{"not_picked":["ThirdEye","SashWhip"],"picked":"BowlingBash","floor":4.0},{"not_picked":["Weave","Study"],"picked":"WindmillStrike","floor":6},{"not_picked":["BowlingBash","ClearTheMind","Pray"],"picked":"SKIP","floor":7},{"not_picked":["Halt","FollowUp"],"picked":"LessonLearned","floor":8},{"not_picked":["WreathOfFlame","Halt","ClearTheMind"],"picked":"SKIP","floor":10},{"not_picked":["Protect","Nirvana"],"picked":"Tantrum","floor":11},{"not_picked":["Judgement","BattleHymn"],"picked":"ClearTheMind","floor":13},{"not_picked":["FlurryOfBlows","Evaluate"],"picked":"Meditate","floor":14},{"not_picked":["LessonLearned","Vault"],"picked":"DeusExMachina","floor":16},{"not_picked":["Weave","FollowUp"],"picked":"EmptyBody+1","floor":18},{"not_picked":["PathToVictory+1","Evaluate"],"picked":"DeceiveReality+1","floor":19},{"not_picked":["CrushJoints","SashWhip","FearNoEvil"],"picked":"SKIP","floor":22},{"not_picked":["Consecrate","Swivel+1"],"picked":"LikeWater","floor":24},{"not_picked":["Halt","JustLucky","BowlingBash"],"picked":"SKIP","floor":25},{"not_picked":["Brilliance","ThirdEye"],"picked":"Pray","floor":29},{"not_picked":["Scrawl","MasterReality"],"picked":"Brilliance","floor":33},{"not_picked":["Protect+1","Crescendo"],"picked":"MentalFortress","floor":35},{"not_picked":["EmptyFist","ReachHeaven"],"picked":"EmptyMind+1","floor":39},{"not_picked":["SashWhip+1","Fasting2+1"],"picked":"Prostrate+1","floor":40},{"not_picked":["Vengeance","Sanctity","Evaluate+1"],"picked":"SKIP","floor":41},{"not_picked":["PathToVictory","ClearTheMind+1","CrushJoints+1"],"picked":"SKIP","floor":42},{"not_picked":["Madness","Trip"],"picked":"Impatience","floor":44},{"not_picked":["Madness","PanicButton"],"picked":"Panacea","floor":44},{"not_picked":["ThirdEye","CarveReality","FearNoEvil+1"],"picked":"SKIP","floor":47},{"not_picked":["Protect","WaveOfTheHand"],"picked":"CutThroughFate","floor":48},{"not_picked":["Protect+1","ThirdEye+1"],"picked":"Study","floor":54}],"player_experience":148071,"relics_obtained":[{"floor":6,"key":"Thread and Needle"},{"floor":8,"key":"Centennial Puzzle"},{"floor":9,"key":"Oddly Smooth Stone"},{"floor":11,"key":"Potion Belt"},{"floor":13,"key":"CloakClasp"},{"floor":24,"key":"Happy Flower"},{"floor":24,"key":"Art of War"},{"floor":26,"key":"War Paint"},{"floor":28,"key":"Enchiridion"},{"floor":29,"key":"Pen Nib"},{"floor":29,"key":"Gambling Chip"},{"floor":40,"key":"Du-Vu Doll"},{"floor":40,"key":"Calipers"},{"floor":42,"key":"Mercury Hourglass"},{"floor":42,"key":"Blue Candle"},{"floor":48,"key":"Orichalcum"},{"floor":48,"key":"Strawberry"},{"floor":54,"key":"CaptainsWheel"},{"floor":54,"key":"Unceasing Top"}],"event_choices":[{"damage_healed":0.0,"max_hp_gain":0.0,"max_hp_loss":0.0,"gold_gain":0.0,"event_name":"Living Wall","player_choice":"Grow","floor":3.0,"gold_loss":0.0,"damage_taken":0.0,"cards_upgraded":["Omniscience"]},{"damage_healed":0.0,"max_hp_gain":0.0,"max_hp_loss":0.0,"gold_gain":0.0,"event_name":"World of Goop","player_choice":"Left Gold","floor":5.0,"gold_loss":37.0,"damage_taken":0.0},{"damage_healed":0,"gold_gain":0,"player_choice":"Opened","damage_taken":0,"relics_obtained":["Darkstone Periapt"],"max_hp_gain":0,"max_hp_loss":0,"event_name":"The Mausoleum","floor":20,"gold_loss":0},{"damage_healed":0,"gold_gain":0,"player_choice":"Ignored","damage_taken":0,"max_hp_gain":0,"max_hp_loss":0,"event_name":"Ghosts","floor":21,"gold_loss":0},{"damage_healed":0,"gold_gain":0,"player_choice":"Obtained Book","damage_taken":16,"max_hp_gain":0,"max_hp_loss":0,"event_name":"Cursed Tome","floor":28,"gold_loss":0},{"cards_removed":["Strike_P"],"damage_healed":0,"gold_gain":0,"player_choice":"Purged","damage_taken":0,"max_hp_gain":0,"max_hp_loss":0,"event_name":"Purifier","floor":31,"gold_loss":0},{"cards_removed":["Defend_P"],"damage_healed":0,"gold_gain":0,"player_choice":"Removed Skill","damage_taken":0,"max_hp_gain":0,"max_hp_loss":0,"event_name":"Falling","floor":36,"gold_loss":0},{"damage_healed":0,"gold_gain":0,"player_choice":"Ignored","damage_taken":0,"max_hp_gain":0,"max_hp_loss":0,"event_name":"Tomb of Lord Red Mask","floor":38,"gold_loss":0},{"damage_healed":0,"gold_gain":0,"player_choice":"Memory 3","damage_taken":10,"max_hp_gain":0,"max_hp_loss":0,"event_name":"SensoryStone","floor":44,"gold_loss":0},{"damage_healed":0,"gold_gain":0,"player_choice":"Copied","damage_taken":0,"max_hp_gain":0,"max_hp_loss":0,"event_name":"Duplicator","floor":46,"gold_loss":0,"cards_obtained":["Pray"]}],"is_beta":false,"boss_relics":[{"not_picked":["Calling Bell","Astrolabe"],"picked":"Black Star"},{"not_picked":["Velvet Choker","Coffee Dripper"],"picked":"VioletLotus"}],"items_purged_floors":[37],"is_endless":false,"potions_floor_spawned":[1,4,8,11,16,22,24,25,33,41,48],"ascension_level":6}}