{"host":"xzk9bt2l7avnb6n5","time":1611115627,"event":{"mods":["Aspiration","BaseMod","Conspire","Downfall","Highlight Path","Infinite Spire","Minty Spire (QoL Compilation)","Shop Mod","StSLib","The Wild Card"],"gold_per_floor":[117,117,133,145,3,3,16,45,124,124,124,144,163,6,6,6,6],"floor_reached":16,"language":"ENG","playtime":794,"items_purged":[],"score":102,"play_id":"47dc042b-a8b0-496e-8555-97973371b8dd","local_time":"20210119210707","is_ascension_mode":false,"campfire_choices":[{"floor":6.0,"key":"RECALL"},{"floor":10.0,"key":"REST"},{"data":"Seeing Red","floor":15,"key":"SMITH"}],"circlet_count":0,"master_deck":["Strike_R","Strike_R","Strike_R","Strike_R","Strike_R","Defend_R","Defend_R","Defend_R","Defend_R","Bash","Iron Wave","Rampage","Iron Wave","Impervious","Thunderclap","Armaments","Seeing Red+1","Intimidate"],"relics":["Burning Blood","aspiration:Nostalgia","theWildCard:VelvetContract","HornCleat","Juzu Bracelet"],"acts_visited":["Exordium"],"potions_floor_usage":[13,16,16],"damage_taken":[{"damage":8.0,"enemies":"2 Louse","floor":1.0,"turns":3.0},{"damage":1.0,"enemies":"Cultist","floor":3.0,"turns":3.0},{"damage":4.0,"enemies":"Small Slimes","floor":4.0,"turns":4.0},{"damage":5.0,"enemies":"Looter","floor":7.0,"turns":3.0},{"damage":41.0,"enemies":"3 Sentries","floor":8.0,"turns":9.0},{"damage":4.0,"enemies":"3 Louse","floor":12.0,"turns":5.0},{"damage":2,"enemies":"Blue Slaver","floor":13,"turns":3},{"damage":82,"enemies":"The Guardian","floor":16,"turns":16}],"seed_played":"9176065541006306250","potions_obtained":[{"floor":1.0,"key":"DistilledChaos"},{"floor":2.0,"key":"ColorlessPotion"},{"floor":2.0,"key":"Regen Potion"},{"floor":8.0,"key":"ColorlessPotion"},{"floor":13,"key":"SkillPotion"}],"is_trial":false,"path_per_floor":["M","?","M","M","$","R","M","E","T","R","?","M","M","$","R","B"],"character_chosen":"IRONCLAD","items_purchased":["Impervious","Juzu Bracelet"],"campfire_rested":1,"item_purchase_floors":[5,14],"current_hp_per_floor":[78,78,80,80,80,80,80,52,52,76,76,78,80,80,80,0,0],"gold":6,"neow_bonus":"NOSTALGIA","is_daily":false,"chose_seed":false,"campfire_upgraded":1,"win_rate":0.0,"timestamp":1611115627,"path_taken":["M","?","M","?","$","R","M","E","T","R","?","M","M","$","R","BOSS"],"items_purchased_type":["Card","Relic"],"build_version":"2020-12-22","purchased_purges":0,"victory":false,"max_hp_per_floor":[80,80,80,80,80,80,80,80,80,80,80,80,80,80,80,80,80],"card_choices":[{"not_picked":["Searing Blow","Anger"],"picked":"Iron Wave","floor":1.0},{"not_picked":["Evolve","Havoc"],"picked":"Rampage","floor":3.0},{"not_picked":["Body Slam","Thunderclap"],"picked":"Iron Wave","floor":4.0},{"not_picked":["Clash","Sever Soul"],"picked":"Thunderclap","floor":7.0},{"not_picked":["Warcry","Cleave"],"picked":"Armaments","floor":8.0},{"not_picked":["Rage","Heavy Blade"],"picked":"Seeing Red","floor":12.0},{"not_picked":["Pommel Strike","Clash"],"picked":"Intimidate","floor":13}],"player_experience":478496,"relics_obtained":[{"floor":8.0,"key":"HornCleat"}],"event_choices":[{"damage_healed":0.0,"max_hp_gain":0.0,"max_hp_loss":0.0,"gold_gain":0.0,"event_name":"Lab","player_choice":"Got Potions","floor":2.0,"gold_loss":0.0,"damage_taken":0.0},{"damage_healed":0.0,"max_hp_gain":0.0,"max_hp_loss":0.0,"gold_gain":0.0,"event_name":"conspire:LoneGhost","player_choice":"Disagree","floor":11.0,"gold_loss":0.0,"damage_taken":0.0}],"is_beta":false,"boss_relics":[],"items_purged_floors":[],"is_endless":false,"potions_floor_spawned":[1,8,13],"killed_by":"The Guardian","ascension_level":0}}