{"host":"mlczotyo8j5fj6lt","time":1611151349,"event":{"mods":["AchievementEnabler","BaseMod","Better Third Choice","BetterRewards","Conspire","Defective Defect","Fox Events","Good Game Mod","Googly Eyes","Hubris","Minty Spire (QoL Compilation)","Quick Restart","Replay The Spire","StS++","StSLib","everything is the same but u backflip on backflip"],"gold_per_floor":[115,134,145,164,164,190,265,82,82,82,100,115,115,129,129,231,231,248,248,265,265,364,364,406,406,406,406,426,441,118,129,129,227,277,297,297,313,313,326,326,326],"floor_reached":40,"language":"ENG","playtime":3866,"items_purged":[],"score":565,"play_id":"4083ad7f-8bb8-4dbc-a869-7303d72872a7","local_time":"20210120150229","is_ascension_mode":false,"campfire_choices":[{"floor":10,"key":"REST"},{"floor":13,"key":"REST"},{"data":"Armaments","floor":15,"key":"SMITH"},{"floor":23,"key":"REST"},{"floor":25,"key":"REST"},{"data":"Impervious","floor":27,"key":"SMITH"},{"floor":32,"key":"REST"}],"circlet_count":0,"master_deck":["Strike_R","Strike_R","Strike_R","Strike_R","Strike_R+1","Defend_R","Defend_R","Defend_R","Defend_R","Bash+1","Dark Embrace","Run Through","Heavy Blade+1","Havoc+1","Shrug It Off","ReplayTheSpireMod:Stacked","Cleave","Armaments+1","Impervious+1","Replay:Undeath\u0027s Touch","Juggernaut","Headbutt+1","StSpp:Sprint+1","Ghostly Armor","Thunderclap","StSpp:Succumb","StSpp:Jab+1","Twin Strike+1","Flame Barrier","Body Slam","Feel No Pain","Entrench","Juggernaut","Bludgeon","Inflame","Shockwave+1","ReplayTheSpireMod:Muscle Training+1","Shrug It Off+1"],"relics":["Burning Blood","REME:ComplimentaryCards","NeowsBlessing","Replay:Bottled Flurry","Whetstone","Prayer Wheel","Velvet Choker","Red Skull","Iron Hammer","conspire:BottledYoYo","Tiny House"],"acts_visited":["Exordium","TheCity","TheBeyond"],"potions_floor_usage":[16,16,16,33,37,40],"damage_taken":[{"damage":0,"enemies":"Cultist","floor":1,"turns":1},{"damage":0,"enemies":"2 Louse","floor":2,"turns":1},{"damage":0,"enemies":"conspire:RoseBush","floor":3,"turns":1},{"damage":22,"enemies":"Exordium Wildlife","floor":4,"turns":7},{"damage":42,"enemies":"3 Sentries","floor":6,"turns":11},{"damage":1,"enemies":"Large Slime","floor":11,"turns":6},{"damage":8,"enemies":"3 Louse","floor":12,"turns":4},{"damage":7,"enemies":"Blue Slaver","floor":14,"turns":4},{"damage":48,"enemies":"The Guardian","floor":16,"turns":17},{"damage":41,"enemies":"Spheric Guardian","floor":18,"turns":6},{"damage":8,"enemies":"conspire:FuzzyDice","floor":20,"turns":10},{"damage":26,"enemies":"conspire:MimicChest","floor":24,"turns":9},{"damage":38,"enemies":"3 Cultists","floor":28,"turns":6},{"damage":7,"enemies":"conspire:HollyBat","floor":29,"turns":9},{"damage":0,"enemies":"Snake Plant","floor":31,"turns":2},{"damage":40,"enemies":"Pondfish","floor":33,"turns":13},{"damage":4,"enemies":"Orb Walker","floor":35,"turns":4},{"damage":0,"enemies":"3 Darklings","floor":37,"turns":6},{"damage":30,"enemies":"Sphere and 2 Shapes","floor":39,"turns":8},{"damage":102,"enemies":"Giant Head","floor":40,"turns":10}],"seed_played":"-9043792512766695103","potions_obtained":[{"floor":2,"key":"conspire:TimeTravelPotion"},{"floor":3,"key":"Dexterity Potion"},{"floor":12,"key":"Explosive Potion"},{"floor":20,"key":"Explosive Potion"},{"floor":24,"key":"ColorlessPotion"},{"floor":34,"key":"Doom Potion"},{"floor":39,"key":"Elixir"}],"is_trial":false,"path_per_floor":["M","M","M","M","?","E","?","$","T","R","M","M","R","M","R","B",null,"M","?","M","?","?","R","?","R","T","R","M","M","$","M","R","B",null,"M","$","M","?","M","E"],"character_chosen":"IRONCLAD","items_purchased":["Havoc+1","Whetstone","Feel No Pain","conspire:BottledYoYo"],"campfire_rested":5,"item_purchase_floors":[8,8,30,30],"current_hp_per_floor":[80,80,80,64,64,28,17,17,17,41,46,44,68,67,67,36,80,45,45,43,43,43,63,43,63,63,63,31,30,30,36,56,22,73,73,73,73,73,49,0,0],"gold":326,"neow_bonus":"THREE_ENEMY_KILL","is_daily":false,"chose_seed":false,"campfire_upgraded":2,"win_rate":0.0,"timestamp":1611151349,"path_taken":["M","?","M","M","?","E","?","?","T","R","?","M","R","M","R","BOSS","M","?","M","?","?","R","?","R","T","R","M","M","$","M","R","BOSS","M","$","M","?","M","E"],"items_purchased_type":["Card","Relic","Card","Relic"],"build_version":"2020-12-22","purchased_purges":0,"victory":false,"max_hp_per_floor":[80,80,80,80,80,80,80,80,80,80,80,80,80,80,80,80,80,80,80,80,68,68,68,68,68,68,68,68,68,68,68,68,68,73,73,73,73,73,73,73,73],"card_choices":[{"not_picked":["hubris:ReadiedAction","Shrug It Off"],"picked":"Dark Embrace","floor":1},{"not_picked":["True Grit","ReplayTheSpireMod:Muscle Training"],"picked":"Run Through","floor":2},{"not_picked":["Wild Strike","hubris:ReadiedAction","Perfected Strike"],"picked":"SKIP","floor":3},{"not_picked":["conspire:Purge","True Grit"],"picked":"Heavy Blade","floor":4},{"not_picked":["Barricade","Warcry","StSpp:CounterStrike"],"picked":"SKIP","floor":6},{"not_picked":["Sword Boomerang","Body Slam"],"picked":"Shrug It Off","floor":11},{"not_picked":["Whirlwind","Shockwave"],"picked":"ReplayTheSpireMod:Stacked","floor":11},{"not_picked":["Warcry","hubris:CleavingFinish"],"picked":"Cleave","floor":12},{"not_picked":["StSpp:Sprint","StSpp:TheBiggerTheyAre"],"picked":"Armaments","floor":12},{"not_picked":["Heavy Blade","Pommel Strike"],"picked":"Impervious","floor":14},{"not_picked":["StSpp:Sprint","Shrug It Off"],"picked":"Replay:Undeath\u0027s Touch","floor":14},{"not_picked":["Immolate","StSpp:Betrayal"],"picked":"Juggernaut","floor":16},{"not_picked":["Spot Weakness+1","Warcry+1"],"picked":"Headbutt","floor":18},{"not_picked":["hubris:ReadiedAction","ReplayTheSpireMod:Limb From Limb"],"picked":"StSpp:Sprint+1","floor":18},{"not_picked":["Anger","Clothesline"],"picked":"Thunderclap","floor":20},{"not_picked":["Headbutt","Warcry"],"picked":"StSpp:Succumb","floor":20},{"not_picked":["ReplayTheSpireMod:LeadingStrike","Shrug It Off+1"],"picked":"StSpp:Jab+1","floor":28},{"not_picked":["Cleave","Dark Embrace+1"],"picked":"Twin Strike+1","floor":28},{"not_picked":["Clothesline","Demon Form"],"picked":"Flame Barrier","floor":29},{"not_picked":["Shrug It Off","Anger"],"picked":"Body Slam","floor":29},{"not_picked":["Wild Strike","True Grit+1"],"picked":"Entrench","floor":31},{"not_picked":["Warcry","Body Slam+1"],"picked":"Juggernaut","floor":31},{"not_picked":["Double Tap","Offering"],"picked":"Bludgeon","floor":33},{"not_picked":["Twin Strike+1","Armaments+1"],"picked":"Inflame","floor":34},{"not_picked":["StSpp:CounterStrike+1","Hemogenesis"],"picked":"Shockwave+1","floor":35},{"not_picked":["StSpp:Succumb","Sword Boomerang","Wild Strike+1"],"picked":"SKIP","floor":35},{"not_picked":["StSpp:Succumb","Sword Boomerang","Wild Strike+1"],"picked":"SKIP","floor":35},{"not_picked":["Warcry+1","StSpp:Succumb"],"picked":"ReplayTheSpireMod:Muscle Training+1","floor":37},{"not_picked":["Intimidate","Rage+1","Pommel Strike+1"],"picked":"SKIP","floor":37},{"not_picked":["Second Wind","Bloodletting+1"],"picked":"Shrug It Off+1","floor":39},{"not_picked":["Iron Wave+1","Anger","StSpp:Succumb+1"],"picked":"SKIP","floor":39}],"player_experience":200731,"relics_obtained":[{"floor":6,"key":"Replay:Bottled Flurry"},{"floor":9,"key":"Prayer Wheel"},{"floor":24,"key":"Red Skull"},{"floor":26,"key":"Iron Hammer"}],"event_choices":[{"damage_healed":0,"gold_gain":0,"player_choice":"Grow","damage_taken":0,"max_hp_gain":0,"max_hp_loss":0,"event_name":"Living Wall","floor":5,"gold_loss":0,"cards_upgraded":["Bash"]},{"damage_healed":0,"gold_gain":75,"player_choice":"Gold","damage_taken":11,"max_hp_gain":0,"max_hp_loss":0,"event_name":"betterThird:BetterGoop","floor":7,"gold_loss":0},{"damage_healed":0,"gold_gain":99,"player_choice":"Steal","damage_taken":0,"max_hp_gain":0,"max_hp_loss":0,"event_name":"betterThird:BetterNest","floor":22,"gold_loss":0}],"is_beta":false,"boss_relics":[{"not_picked":["StSpp:PileOfSugar","Runic Cube"],"picked":"Velvet Choker"},{"not_picked":["Fusion Hammer","Runic Dome"],"picked":"Tiny House"}],"items_purged_floors":[],"is_endless":false,"potions_floor_spawned":[2,3,12,20,24,29,31,35,39],"killed_by":"Giant Head","ascension_level":0}}