{"host":"sc0o2qwpf9j16a4i","time":1611149848,"event":{"mods":["AchievementEnabler","BaseMod","BetterRewards","Block Reminder","Colored Map","Colored Powertips","Custom Start","Highlight Path","Minty Spire (QoL Compilation)","Relic Stats"],"gold_per_floor":[119,130,130,130,151,151,201,235,235,235,278,278,325,341,341,448,448,482,504,394,15,24,74,74,106,106,106,31,44,53,86,86,86,86],"floor_reached":33,"language":"ENG","playtime":1446,"items_purged":["Normality"],"score":786,"play_id":"b533e65e-ed95-4559-97a5-9543a3a29d6f","local_time":"20210120153728","is_ascension_mode":true,"campfire_choices":[{"data":"Noxious Fumes","floor":6.0,"key":"SMITH"},{"floor":10,"key":"REST"},{"floor":15,"key":"REST"},{"floor":27,"key":"REST"},{"floor":32,"key":"REST"}],"circlet_count":0,"master_deck":["AscendersBane","Strike_G","Strike_G+1","Strike_G","Strike_G","Defend_G","Defend_G","Defend_G","Defend_G","Defend_G","Survivor","Neutralize","Noxious Fumes+1","Bane+1","Footwork","Predator","Well Laid Plans","Dagger Throw","Catalyst","Deflect+1","Adrenaline","Dodge and Roll","PiercingWail","Envenom","Concentrate","Crippling Poison"],"relics":["Ring of the Snake","Potion Belt","Letter Opener","OrangePellets","Ninja Scroll","Lee\u0027s Waffle","Tiny Chest","Golden Idol","CeramicFish","Toy Ornithopter","Odd Mushroom","Paper Crane","Bottled Tornado","Cursed Key","Oddly Smooth Stone","Medical Kit","Ornamental Fan","Eternal Feather"],"acts_visited":["Exordium","TheCity"],"potions_floor_usage":[7,8,16,16,23,25,29,31],"damage_taken":[{"damage":0.0,"enemies":"Small Slimes","floor":1.0,"turns":3.0},{"damage":0.0,"enemies":"Jaw Worm","floor":2.0,"turns":4.0},{"damage":0.0,"enemies":"Cultist","floor":5.0,"turns":3.0},{"damage":8,"enemies":"Lagavulin","floor":7,"turns":7},{"damage":8,"enemies":"Large Slime","floor":8,"turns":4},{"damage":9,"enemies":"The Mushroom Lair","floor":11,"turns":4},{"damage":9,"enemies":"3 Sentries","floor":13,"turns":8},{"damage":6,"enemies":"Lots of Slimes","floor":14,"turns":4},{"damage":13,"enemies":"The Guardian","floor":16,"turns":9},{"damage":8,"enemies":"Spheric Guardian","floor":18,"turns":6},{"damage":4,"enemies":"Chosen","floor":19,"turns":5},{"damage":14,"enemies":"Slavers","floor":23,"turns":9},{"damage":38,"enemies":"Sentry and Sphere","floor":25,"turns":9},{"damage":4,"enemies":"3 Cultists","floor":29,"turns":6},{"damage":33,"enemies":"Gremlin Leader","floor":31,"turns":8},{"damage":58,"enemies":"Automaton","floor":33,"turns":10}],"seed_played":"-6407209142372890382","potions_obtained":[{"floor":1.0,"key":"ColorlessPotion"},{"floor":2.0,"key":"Weak Potion"},{"floor":11,"key":"DistilledChaos"},{"floor":13,"key":"DistilledChaos"},{"floor":19,"key":"Fruit Juice"},{"floor":25,"key":"Weak Potion"},{"floor":29,"key":"SpeedPotion"}],"is_trial":false,"path_per_floor":["M","M","?","?","M","R","E","M","T","R","?","T","E","M","R","B",null,"M","M","?","$","T","E","$","M","T","R","$","M","?","E","R","B"],"character_chosen":"THE_SILENT","items_purchased":["Potion Belt","Letter Opener","Noxious Fumes","OrangePellets","Ninja Scroll","Lee\u0027s Waffle","Tiny Chest","Bane","Oddly Smooth Stone","Medical Kit","PowerPotion"],"campfire_rested":4,"item_purchase_floors":[0,0,0,0,0,0,0,0,21,21,21],"current_hp_per_floor":[73,73,51,51,51,51,43,35,35,54,45,45,36,30,49,46,61,53,49,49,49,49,40,40,12,12,33,33,34,34,6,42,0,0],"gold":86,"neow_bonus":"","is_daily":false,"chose_seed":false,"campfire_upgraded":1,"win_rate":0.0,"timestamp":1611149848,"path_taken":["M","M","?","?","M","R","E","M","T","R","?","?","E","?","R","BOSS","M","M","?","?","?","E","$","?","T","R","?","M","?","E","R","BOSS"],"items_purchased_type":["Relic","Relic","Card","Relic","Relic","Relic","Relic","Card","Relic","Relic","Potion"],"build_version":"2020-12-22","purchased_purges":1,"victory":false,"max_hp_per_floor":[73,73,73,66,66,66,66,66,66,66,66,66,66,66,66,66,66,66,66,66,66,66,66,66,71,71,71,71,71,71,71,71,71,71],"relic_stats":{"Lee\u0027s Waffle":55,"counters":[175,935],"Golden Idol":272,"CeramicFish":99,"Eternal Feather":15,"Letter Opener":[392],"Cursed Key":2,"Medical Kit":[9],"OrangePellets":[29],"Ornamental Fan":[44],"Tiny Chest":2,"obtain_stats":[{"TwistedFunnel":0,"Gremlin Horn":12,"CeramicFish":7,"Vajra":6,"Whetstone":13,"Ginger":17,"Bottled Tornado":13,"Boot":20,"Sling":0,"Blood Vial":20,"Strawberry":7,"MealTicket":0,"Philosopher\u0027s Stone":34,"Prayer Wheel":36,"Kunai":26,"Toxic Egg 2":39,"Pear":45,"Happy Flower":26,"Blue Candle":9,"Astrolabe":17,"Velvet Choker":17,"Oddly Smooth Stone":9,"Eternal Feather":28,"Pen Nib":13,"Letter Opener":7,"War Paint":6,"Paper Crane":9,"Akabeko":4,"WarpedTongs":29,"Du-Vu Doll":12,"OrangePellets":20,"Shuriken":9,"Bronze Scales":9,"Pandora\u0027s Box":17,"Molten Egg 2":42,"Nloth\u0027s Gift":19,"Regal Pillow":9,"Lantern":7,"Mango":28,"StoneCalendar":0,"Snake Skull":10,"Bag of Preparation":11,"Cursed Key":17,"Ancient Tea Set":9,"ClockworkSouvenir":0,"Tough Bandages":0,"Matryoshka":30,"Ninja Scroll":14,"Tiny Chest":30,"WingedGreaves":7,"Chemical X":11,"InkBottle":17,"Ring of the Snake":0,"Runic Pyramid":34,"Potion Belt":0,"Lee\u0027s Waffle":0,"NeowsBlessing":0,"The Specimen":0,"Golden Idol":13,"Thread and Needle":13,"PreservedInsect":14,"The Courier":27,"Omamori":11,"Frozen Egg 2":7,"Odd Mushroom":11,"MawBank":7,"Medical Kit":0,"White Beast Statue":9,"Mercury Hourglass":10,"Calling Bell":17,"Peace Pipe":36,"Strange Spoon":0,"Busted Crown":34,"Ornamental Fan":28,"Bloody Idol":22,"Orrery":29,"Turnip":9,"Art of War":24,"Bag of Marbles":0,"Bottled Lightning":29,"Membership Card":37,"Toy Ornithopter":24,"FossilizedHelix":37,"TungstenRod":45},{"TwistedFunnel":20,"Gremlin Horn":17,"CeramicFish":163,"Vajra":142,"Whetstone":41,"Ginger":124,"Bottled Tornado":166,"Boot":8,"Sling":13,"Blood Vial":112,"Strawberry":120,"MealTicket":13,"Philosopher\u0027s Stone":94,"Prayer Wheel":154,"Kunai":149,"Toxic Egg 2":66,"Pear":100,"Happy Flower":9,"Blue Candle":15,"Astrolabe":43,"Velvet Choker":6,"Oddly Smooth Stone":55,"Eternal Feather":47,"Pen Nib":77,"Letter Opener":24,"War Paint":15,"Paper Crane":107,"Akabeko":22,"WarpedTongs":10,"Du-Vu Doll":33,"OrangePellets":126,"Shuriken":32,"Bronze Scales":25,"Pandora\u0027s Box":58,"Molten Egg 2":67,"Nloth\u0027s Gift":59,"Regal Pillow":39,"Lantern":55,"Mango":10,"StoneCalendar":50,"Snake Skull":108,"Bag of Preparation":5,"Cursed Key":88,"Ancient Tea Set":142,"ClockworkSouvenir":116,"Tough Bandages":138,"Matryoshka":92,"Ninja Scroll":19,"Tiny Chest":11,"WingedGreaves":4,"Chemical X":56,"InkBottle":124,"Ring of the Snake":0,"Runic Pyramid":64,"Potion Belt":159,"Lee\u0027s Waffle":50,"NeowsBlessing":0,"The Specimen":102,"Golden Idol":5,"Thread and Needle":122,"PreservedInsect":87,"The Courier":129,"Omamori":32,"Frozen Egg 2":106,"Odd Mushroom":165,"MawBank":38,"Medical Kit":102,"White Beast Statue":85,"Mercury Hourglass":85,"Calling Bell":124,"Peace Pipe":133,"Strange Spoon":102,"Busted Crown":152,"Ornamental Fan":150,"Bloody Idol":8,"Orrery":62,"Turnip":4,"Art of War":128,"Bag of Marbles":138,"Bottled Lightning":48,"Membership Card":133,"Toy Ornithopter":9,"FossilizedHelix":155,"TungstenRod":157},{"TwistedFunnel":130,"Gremlin Horn":111,"CeramicFish":853,"Vajra":761,"Whetstone":225,"Ginger":650,"Bottled Tornado":869,"Boot":40,"Sling":86,"Blood Vial":588,"Strawberry":629,"MealTicket":86,"Philosopher\u0027s Stone":494,"Prayer Wheel":813,"Kunai":796,"Toxic Egg 2":368,"Pear":533,"Happy Flower":47,"Blue Candle":97,"Astrolabe":239,"Velvet Choker":28,"Oddly Smooth Stone":307,"Eternal Feather":267,"Pen Nib":405,"Letter Opener":149,"War Paint":97,"Paper Crane":559,"Akabeko":142,"WarpedTongs":53,"Du-Vu Doll":204,"OrangePellets":662,"Shuriken":199,"Bronze Scales":153,"Pandora\u0027s Box":325,"Molten Egg 2":374,"Nloth\u0027s Gift":328,"Regal Pillow":220,"Lantern":307,"Mango":53,"StoneCalendar":284,"Snake Skull":565,"Bag of Preparation":18,"Cursed Key":455,"Ancient Tea Set":761,"ClockworkSouvenir":613,"Tough Bandages":749,"Matryoshka":475,"Ninja Scroll":121,"Tiny Chest":62,"WingedGreaves":11,"Chemical X":310,"InkBottle":650,"Ring of the Snake":0,"Runic Pyramid":361,"Potion Belt":836,"Lee\u0027s Waffle":284,"NeowsBlessing":0,"The Specimen":541,"Golden Idol":18,"Thread and Needle":637,"PreservedInsect":448,"The Courier":680,"Omamori":199,"Frozen Egg 2":554,"Odd Mushroom":861,"MawBank":218,"Medical Kit":541,"White Beast Statue":438,"Mercury Hourglass":438,"Calling Bell":650,"Peace Pipe":711,"Strange Spoon":541,"Busted Crown":808,"Ornamental Fan":799,"Bloody Idol":40,"Orrery":343,"Turnip":11,"Art of War":676,"Bag of Marbles":749,"Bottled Lightning":273,"Membership Card":711,"Toy Ornithopter":47,"FossilizedHelix":818,"TungstenRod":826}],"Toy Ornithopter":30,"Ring of the Snake":[214]},"card_choices":[{"not_picked":["Deflect","Dagger Spray"],"picked":"Footwork","floor":1.0},{"not_picked":["Masterful Stab","Tactician","Underhanded Strike"],"picked":"SKIP","floor":2.0},{"not_picked":["Concentrate","Quick Slash"],"picked":"Predator","floor":5.0},{"not_picked":["Acrobatics","Endless Agony"],"picked":"Well Laid Plans","floor":7},{"not_picked":["Underhanded Strike","Riddle With Holes"],"picked":"Dagger Throw","floor":8},{"not_picked":["Reflex","Escape Plan"],"picked":"Catalyst","floor":11},{"not_picked":["Sucker Punch","Quick Slash"],"picked":"Deflect","floor":13},{"not_picked":["Deflect","Riddle With Holes","Backflip"],"picked":"SKIP","floor":14},{"not_picked":["After Image","Glass Knife"],"picked":"Adrenaline","floor":16},{"not_picked":["Blur","Footwork"],"picked":"Dodge and Roll","floor":18},{"not_picked":["Deadly Poison","Flying Knee"],"picked":"PiercingWail","floor":19},{"not_picked":["Outmaneuver","Bane"],"picked":"Envenom","floor":23},{"not_picked":["Slice","Deflect"],"picked":"Concentrate","floor":25},{"not_picked":["Setup","Endless Agony","Bouncing Flask"],"picked":"SKIP","floor":29},{"not_picked":["Cloak And Dagger","Eviscerate","Poisoned Stab"],"picked":"SKIP","floor":31}],"player_experience":785184,"relics_obtained":[{"floor":7,"key":"CeramicFish"},{"floor":9,"key":"Toy Ornithopter"},{"floor":11,"key":"Odd Mushroom"},{"floor":12,"key":"Paper Crane"},{"floor":13,"key":"Bottled Tornado"},{"floor":23,"key":"Ornamental Fan"},{"floor":31,"key":"Eternal Feather"}],"event_choices":[{"damage_healed":0.0,"max_hp_gain":0.0,"max_hp_loss":0.0,"gold_gain":0.0,"event_name":"Shining Light","player_choice":"Entered Light","floor":3.0,"gold_loss":0.0,"damage_taken":22.0,"cards_upgraded":["Bane","Strike_G"]},{"damage_healed":0.0,"max_hp_gain":0.0,"max_hp_loss":7.0,"gold_gain":0.0,"event_name":"Golden Idol","player_choice":"Lose Max HP","floor":4.0,"gold_loss":0.0,"damage_taken":0.0,"relics_obtained":["Golden Idol"]},{"damage_healed":0,"gold_gain":0,"player_choice":"Fought Mushrooms","damage_taken":0,"max_hp_gain":0,"max_hp_loss":0,"event_name":"Mushrooms","floor":11,"gold_loss":0},{"cards_removed":["Strike_G"],"damage_healed":0,"gold_gain":0,"player_choice":"Upgrade and Remove","damage_taken":0,"max_hp_gain":0,"max_hp_loss":0,"event_name":"Designer","floor":20,"gold_loss":110,"cards_upgraded":["Deflect"]},{"damage_healed":0,"gold_gain":0,"player_choice":"Read","damage_taken":0,"max_hp_gain":0,"max_hp_loss":0,"event_name":"The Library","floor":30,"gold_loss":0,"cards_obtained":["Crippling Poison"]}],"is_beta":false,"boss_relics":[{"not_picked":["Ring of the Serpent","Tiny House"],"picked":"Cursed Key"}],"items_purged_floors":[28],"is_endless":false,"potions_floor_spawned":[1,2,11,13,19,25,29],"killed_by":"Automaton","ascension_level":20}}