{"host":"hw9lt6p3yhr90vz0","time":1611124008,"event":{"mods":["BaseMod","DeckTracker","Minty Spire (QoL Compilation)","Relic Stats"],"gold_per_floor":[113,288,238,254,254,254,269,269,338,338,369,388,406,422,422,422,422],"floor_reached":16,"language":"ENG","playtime":992,"items_purged":[],"score":122,"play_id":"479c1ec4-0736-4175-85c6-dc9492c42f10","local_time":"20210120012648","is_ascension_mode":true,"campfire_choices":[{"floor":6,"key":"REST"},{"floor":10,"key":"RECALL"},{"data":"Blasphemy","floor":15,"key":"SMITH"}],"circlet_count":0,"master_deck":["Strike_P","Strike_P","Strike_P+1","Defend_P","Defend_P","Defend_P","Defend_P","Eruption+1","Vigilance","Indignation","FearNoEvil","ClearTheMind","Dark Shackles","Brilliance","Blasphemy+1","Adaptation","Swivel","FollowUp"],"relics":["PureWater","Mummified Hand","Omamori"],"acts_visited":["Exordium"],"potions_floor_usage":[],"damage_taken":[{"damage":14,"enemies":"Small Slimes","floor":1,"turns":7},{"damage":2,"enemies":"Jaw Worm","floor":4,"turns":4},{"damage":0,"enemies":"Cultist","floor":7,"turns":2},{"damage":5,"enemies":"Gremlin Nob","floor":11,"turns":3},{"damage":14,"enemies":"Lots of Slimes","floor":12,"turns":6},{"damage":3,"enemies":"Looter","floor":13,"turns":3},{"damage":6,"enemies":"Blue Slaver","floor":14,"turns":4},{"damage":100033,"enemies":"Hexaghost","floor":16,"turns":8}],"seed_played":"341559875155095805","potions_obtained":[{"floor":12,"key":"Explosive Potion"},{"floor":14,"key":"BottledMiracle"}],"is_trial":false,"path_per_floor":["M","?","?","M","?","R","M","?","T","R","E","M","M","M","R","B"],"character_chosen":"WATCHER","items_purchased":[],"campfire_rested":1,"item_purchase_floors":[],"current_hp_per_floor":[58,58,58,56,42,63,63,63,63,63,58,44,41,35,35,0,0],"gold":422,"neow_bonus":"REMOVE_CARD","is_daily":false,"chose_seed":false,"campfire_upgraded":1,"win_rate":0.0,"timestamp":1611124008,"path_taken":["M","?","?","M","?","R","M","?","T","R","E","M","M","M","R","BOSS"],"items_purchased_type":[],"build_version":"2020-12-22","purchased_purges":0,"victory":false,"max_hp_per_floor":[72,72,72,72,72,72,72,72,72,72,72,72,72,72,72,72,72],"relic_stats":{"counters":[8,36],"Mummified Hand":[2],"obtain_stats":[{"Mummified Hand":9,"Omamori":11,"PureWater":0},{"Mummified Hand":3,"Omamori":4,"PureWater":0},{"Mummified Hand":13,"Omamori":16,"PureWater":0}]},"card_choices":[{"not_picked":["Prostrate","FlyingSleeves"],"picked":"Indignation","floor":1},{"not_picked":["FollowUp","Halt"],"picked":"FearNoEvil","floor":4},{"not_picked":["Pray","ThirdEye"],"picked":"ClearTheMind","floor":7},{"not_picked":["ClearTheMind","Wallop"],"picked":"Blasphemy","floor":11},{"not_picked":["Perseverance","Evaluate"],"picked":"Adaptation","floor":12},{"not_picked":["Meditate","Halt"],"picked":"Swivel","floor":13},{"not_picked":["Protect","PathToVictory"],"picked":"FollowUp","floor":14}],"player_experience":1241876,"relics_obtained":[{"floor":9,"key":"Mummified Hand"},{"floor":11,"key":"Omamori"}],"event_choices":[{"damage_healed":0,"gold_gain":175,"player_choice":"AGREE","damage_taken":0,"max_hp_gain":0,"max_hp_loss":0,"event_name":"Liars Game","floor":2,"gold_loss":0,"cards_obtained":["Doubt"]},{"cards_removed":["Doubt"],"damage_healed":0,"gold_gain":0,"player_choice":"Card Removal","damage_taken":0,"max_hp_gain":0,"max_hp_loss":0,"event_name":"The Cleric","floor":3,"gold_loss":50},{"damage_healed":0,"gold_gain":0,"player_choice":"Entered Light","damage_taken":14,"max_hp_gain":0,"max_hp_loss":0,"event_name":"Shining Light","floor":5,"gold_loss":0,"cards_upgraded":["Strike_P","Eruption"]},{"damage_healed":0,"gold_gain":0,"player_choice":"2 cards matched","damage_taken":0,"max_hp_gain":0,"max_hp_loss":0,"event_name":"Match and Keep!","floor":8,"gold_loss":0,"cards_obtained":["Dark Shackles","Brilliance"]},{"damage_healed":0,"gold_gain":0,"player_choice":"2 cards matched","damage_taken":0,"max_hp_gain":0,"max_hp_loss":0,"event_name":"Match and Keep!","floor":8,"gold_loss":0,"cards_obtained":["Dark Shackles","Brilliance"]}],"is_beta":false,"boss_relics":[],"items_purged_floors":[],"is_endless":false,"potions_floor_spawned":[12,14],"killed_by":"Hexaghost","ascension_level":4}}