{"host":"ewslc4o3o167ipk9","time":1611102935,"event":{"mods":["BaseMod","Colored Powertips","GifTheSpireLib","HexUI Lib","Minty Spire (QoL Compilation)","Quick Restart","Shop Mod","StSLib","The Bug Knight","The Trickster"],"gold_per_floor":[113,113,113,73,92,92,108,124,124,149,149,193,193,193,193,318,318,337,115,140,204,204,204],"floor_reached":22,"language":"ENG","playtime":1270,"items_purged":["Strike_G"],"score":186,"play_id":"4a51e326-5efe-434b-9d65-679765876413","local_time":"20210119193535","is_ascension_mode":false,"campfire_choices":[{"data":"Deadly Poison","floor":6,"key":"SMITH"},{"floor":13,"key":"REST"},{"data":"Noxious Fumes","floor":15,"key":"SMITH"}],"circlet_count":0,"master_deck":["Strike_G","Strike_G","Strike_G","Defend_G","Defend_G","Defend_G","Defend_G","Defend_G","Survivor","Neutralize","Deadly Poison+1","Acrobatics","Bane","Noxious Fumes+1","Flying Knee","Doppelganger","CurseOfTheBell","Catalyst","Backflip+1"],"relics":["Ring of the Snake","NeowsBlessing","Golden Idol","Frozen Egg 2","Kunai","SsserpentHead","Calling Bell","Bronze Scales","HollowMod:LifeEnderRelic","FossilizedHelix","Snake Skull"],"acts_visited":["Exordium","TheCity"],"potions_floor_usage":[16,20,20,22,22,22],"damage_taken":[{"damage":0,"enemies":"Jaw Worm","floor":1,"turns":1},{"damage":0,"enemies":"2 Louse","floor":5,"turns":1},{"damage":0,"enemies":"Cultist","floor":7,"turns":1},{"damage":13,"enemies":"Blue Slaver","floor":8,"turns":3},{"damage":7,"enemies":"3 Louse","floor":10,"turns":4},{"damage":13,"enemies":"Lagavulin","floor":12,"turns":6},{"damage":34,"enemies":"Slime Boss","floor":16,"turns":8},{"damage":14,"enemies":"3 Byrds","floor":18,"turns":3},{"damage":27,"enemies":"Chosen","floor":20,"turns":5},{"damage":16,"enemies":"Snake Plant","floor":21,"turns":4},{"damage":15,"enemies":"Shelled Parasite and Fungi","floor":22,"turns":3}],"seed_played":"3846324170331103994","potions_obtained":[{"floor":4,"key":"Energy Potion"},{"floor":4,"key":"PowerPotion"},{"floor":4,"key":"Block Potion"},{"floor":5,"key":"CunningPotion"},{"floor":16,"key":"FearPotion"},{"floor":20,"key":"Strength Potion"},{"floor":21,"key":"Ancient Potion"}],"is_trial":false,"path_per_floor":["M","?","?","?","M","R","M","M","T","M","?","E","R","?","R","B",null,"M","$","M","M","M"],"character_chosen":"THE_SILENT","items_purchased":["Snake Skull"],"campfire_rested":1,"item_purchase_floors":[19],"current_hp_per_floor":[70,65,70,70,70,70,70,57,57,50,50,37,58,58,58,24,70,56,56,29,13,0,0],"gold":204,"neow_bonus":"THREE_ENEMY_KILL","is_daily":false,"chose_seed":false,"campfire_upgraded":2,"win_rate":0.0,"timestamp":1611102935,"path_taken":["M","?","?","?","M","R","?","M","T","M","?","E","R","?","R","BOSS","M","$","M","?","M"],"items_purchased_type":["Relic"],"build_version":"2020-12-22","purchased_purges":1,"victory":false,"max_hp_per_floor":[70,65,70,70,70,70,70,70,70,70,70,70,70,70,70,70,70,70,70,70,70,70,70],"card_choices":[{"not_picked":["Deflect","Calculated Gamble"],"picked":"Deadly Poison","floor":1},{"not_picked":["Deflect","Dagger Spray"],"picked":"Acrobatics","floor":5},{"not_picked":["Adrenaline","Flying Knee"],"picked":"Bane","floor":7},{"not_picked":["Backstab","Escape Plan"],"picked":"Noxious Fumes","floor":8},{"not_picked":["Quick Slash","Acrobatics","Underhanded Strike"],"picked":"SKIP","floor":10},{"not_picked":["Expertise","Outmaneuver"],"picked":"Flying Knee","floor":12},{"not_picked":["Glass Knife","Die Die Die"],"picked":"Doppelganger","floor":16},{"not_picked":["Tactician+1","Terror","Leg Sweep"],"picked":"SKIP","floor":18},{"not_picked":["Choke","Caltrops+1"],"picked":"Catalyst","floor":20},{"not_picked":["Distraction","Acrobatics+1"],"picked":"Backflip+1","floor":21}],"player_experience":17630,"relics_obtained":[{"floor":9,"key":"Frozen Egg 2"},{"floor":12,"key":"Kunai"},{"floor":17,"key":"Bronze Scales"},{"floor":17,"key":"HollowMod:LifeEnderRelic"},{"floor":17,"key":"FossilizedHelix"}],"event_choices":[{"damage_healed":0,"gold_gain":0,"player_choice":"Lose Max HP","damage_taken":0,"relics_obtained":["Golden Idol"],"max_hp_gain":0,"max_hp_loss":5,"event_name":"Golden Idol","floor":2,"gold_loss":0},{"damage_healed":0,"gold_gain":0,"player_choice":"Donut","damage_taken":0,"max_hp_gain":5,"max_hp_loss":0,"event_name":"Big Fish","floor":3,"gold_loss":0},{"damage_healed":0,"gold_gain":0,"player_choice":"Bought 3 Potions","damage_taken":0,"max_hp_gain":0,"max_hp_loss":0,"event_name":"The Woman in Blue","floor":4,"gold_loss":0},{"cards_removed":["Strike_G"],"damage_healed":0,"gold_gain":0,"player_choice":"Forget","damage_taken":0,"max_hp_gain":0,"max_hp_loss":0,"event_name":"Living Wall","floor":11,"gold_loss":0},{"damage_healed":0,"gold_gain":0,"player_choice":"Trade","damage_taken":0,"relics_obtained":["SsserpentHead"],"max_hp_gain":0,"max_hp_loss":0,"event_name":"FaceTrader","floor":14,"gold_loss":0}],"is_beta":false,"boss_relics":[{"not_picked":["Runic Dome","Cursed Key"],"picked":"Calling Bell"}],"items_purged_floors":[19],"is_endless":false,"potions_floor_spawned":[5,10,16,20,21],"killed_by":"Shelled Parasite and Fungi","ascension_level":0}}