{"host":"ao4lxi9bhtts409i","time":1611180485,"event":{"mods":["AchievementEnabler","BaseMod","Colored Map","Colored Powertips","Minty Spire (QoL Compilation)","SuperFastMode"],"gold_per_floor":[114,114,130,205,55,55,90,90,144,160,69,86,105,30,30,126,126,139,139,157,186,111,111,111],"floor_reached":23,"language":"ENG","playtime":1055,"items_purged":["Strike_B"],"score":260,"play_id":"83065f08-06d1-4730-ab93-f7e4415295ff","local_time":"20210120230805","is_ascension_mode":true,"campfire_choices":[{"data":"Consume","floor":6,"key":"SMITH"},{"data":"Self Repair","floor":8,"key":"SMITH"},{"data":"Loop","floor":15,"key":"SMITH"}],"circlet_count":0,"master_deck":["Zap","Dualcast","Consume+1","Sunder","Lockon","Sweeping Beam","Reinforced Body","Go for the Eyes","Self Repair+1","Tempest","Core Surge","Leap","Loop+1","Turbo","Cold Snap","Auto Shields","Buffer","Coolheaded","Streamline","Streamline","Reboot","Creative AI","Glacier","Ghostly","Ghostly","Ghostly","Ghostly","Ghostly","Blizzard","Redo+1"],"relics":["Cracked Core","NeowsBlessing","Orrery","Regal Pillow","Ancient Tea Set","Pandora\u0027s Box","Red Mask"],"acts_visited":["Exordium","TheCity"],"potions_floor_usage":[12,16,21,21],"damage_taken":[{"damage":0,"enemies":"Jaw Worm","floor":1,"turns":1},{"damage":0,"enemies":"Small Slimes","floor":3,"turns":1},{"damage":0,"enemies":"Gremlin Nob","floor":7,"turns":1},{"damage":1,"enemies":"2 Louse","floor":10,"turns":2},{"damage":20,"enemies":"Large Slime","floor":12,"turns":4},{"damage":17,"enemies":"Looter","floor":13,"turns":3},{"damage":35,"enemies":"Slime Boss","floor":16,"turns":8},{"damage":34,"enemies":"2 Thieves","floor":18,"turns":4},{"damage":18,"enemies":"Shell Parasite","floor":20,"turns":13},{"damage":17,"enemies":"Masked Bandits","floor":21,"turns":7},{"damage":22,"enemies":"Cultist and Chosen","floor":23,"turns":7}],"seed_played":"-3479457317380767015","potions_obtained":[{"floor":1,"key":"LiquidBronze"},{"floor":7,"key":"ColorlessPotion"},{"floor":16,"key":"Fire Potion"},{"floor":20,"key":"Weak Potion"},{"floor":21,"key":"Swift Potion"}],"is_trial":false,"path_per_floor":["M","?","M","?","$","R","E","R","T","M","$","M","M","$","R","B",null,"M","?","M","?","?","M"],"character_chosen":"DEFECT","items_purchased":["Orrery","Loop","Turbo"],"campfire_rested":0,"item_purchase_floors":[5,11,11],"current_hp_per_floor":[75,75,75,64,64,64,64,64,64,63,63,53,46,46,46,21,75,41,37,29,22,22,0,0],"gold":111,"neow_bonus":"THREE_ENEMY_KILL","is_daily":false,"chose_seed":false,"campfire_upgraded":3,"win_rate":0.0,"timestamp":1611180485,"path_taken":["M","?","M","?","?","R","E","R","T","M","$","M","M","$","R","BOSS","M","?","M","?","?","M"],"items_purchased_type":["Relic","Card","Card"],"build_version":"2020-12-22","purchased_purges":1,"victory":false,"max_hp_per_floor":[75,75,75,75,75,75,75,75,75,75,75,75,75,75,75,75,75,75,37,37,37,37,37,37],"card_choices":[{"not_picked":["Double Energy","Turbo"],"picked":"Consume","floor":1},{"not_picked":["Go for the Eyes","Chaos"],"picked":"Lockon","floor":3},{"not_picked":["Go for the Eyes","Glacier"],"picked":"Sweeping Beam","floor":5},{"not_picked":["Fusion","Rebound"],"picked":"Reinforced Body","floor":5},{"not_picked":["FTL","Sweeping Beam"],"picked":"Go for the Eyes","floor":5},{"not_picked":["Barrage","Capacitor"],"picked":"Self Repair","floor":5},{"not_picked":["White Noise","Fusion"],"picked":"Tempest","floor":5},{"not_picked":["Go for the Eyes","Turbo"],"picked":"Core Surge","floor":7},{"not_picked":["Go for the Eyes","Streamline"],"picked":"Leap","floor":10},{"not_picked":["Go for the Eyes","Barrage"],"picked":"Cold Snap","floor":12},{"not_picked":["Sweeping Beam","Tempest"],"picked":"Auto Shields","floor":13},{"not_picked":["Seek","Hyperbeam"],"picked":"Buffer","floor":16},{"not_picked":["Sweeping Beam","Gash+1"],"picked":"Glacier","floor":18},{"not_picked":["Steam","Sweeping Beam"],"picked":"Blizzard","floor":20},{"not_picked":["Storm","Go for the Eyes+1"],"picked":"Redo+1","floor":21}],"player_experience":228735,"relics_obtained":[{"floor":7,"key":"Regal Pillow"},{"floor":9,"key":"Ancient Tea Set"},{"floor":21,"key":"Red Mask"}],"event_choices":[{"damage_healed":0,"gold_gain":0,"cards_transformed":["Strike_B"],"player_choice":"Change","damage_taken":0,"max_hp_gain":0,"max_hp_loss":0,"event_name":"Living Wall","floor":2,"gold_loss":0,"cards_obtained":["Sunder"]},{"damage_healed":0,"gold_gain":75,"player_choice":"Gather Gold","damage_taken":11,"max_hp_gain":0,"max_hp_loss":0,"event_name":"World of Goop","floor":4,"gold_loss":0},{"damage_healed":0,"gold_gain":0,"player_choice":"Became a Ghost","damage_taken":0,"max_hp_gain":0,"max_hp_loss":38,"event_name":"Ghosts","floor":19,"gold_loss":0,"cards_obtained":["Ghostly","Ghostly","Ghostly","Ghostly","Ghostly"]},{"damage_healed":0,"gold_gain":0,"player_choice":"Fought Bandits","damage_taken":0,"max_hp_gain":0,"max_hp_loss":0,"event_name":"Masked Bandits","floor":21,"gold_loss":0},{"cards_removed":["Rainbow"],"damage_healed":0,"gold_gain":0,"player_choice":"Gave Gold","damage_taken":0,"max_hp_gain":0,"max_hp_loss":0,"event_name":"Beggar","floor":22,"gold_loss":75}],"is_beta":false,"boss_relics":[{"not_picked":["SacredBark","Fusion Hammer"],"picked":"Pandora\u0027s Box"}],"items_purged_floors":[14],"is_endless":false,"potions_floor_spawned":[1,7,16,20,21],"killed_by":"Cultist and Chosen","ascension_level":2}}