{"host":"6hel9uy84ibwqsb5","time":1611134937,"event":{"mods":["BaseMod","Colored Map","Highlight Path","Minty Spire (QoL Compilation)","StSLib"],"gold_per_floor":[138,198,231,156,207,258,25,130,130,57,57,153,153,36,36,36,36],"floor_reached":16,"language":"ZHS","playtime":1171,"items_purged":["Strike_B"],"score":245,"play_id":"9eaacf3b-25d6-420d-92b5-df0765c883a3","local_time":"20210120172857","daily_mods":["Specialized","Uncertain Future","Midas"],"is_ascension_mode":true,"campfire_choices":[{"floor":11,"key":"REST"},{"floor":13,"key":"REST"},{"floor":15,"key":"REST"}],"circlet_count":0,"master_deck":["AscendersBane","Strike_B","Strike_B","Strike_B","Defend_B","Defend_B","Defend_B","Defend_B","Zap","Dualcast","Compile Driver","Compile Driver","Compile Driver","Compile Driver","Cold Snap","Ball Lightning","Conserve Battery","Fission","Glacier","Coolheaded","Turbo"],"relics":["Cracked Core","Boot","Pantograph","Incense Burner"],"acts_visited":["Exordium"],"potions_floor_usage":[],"damage_taken":[{"damage":1,"enemies":"Cultist","floor":1,"turns":3},{"damage":4,"enemies":"2 Louse","floor":2,"turns":3},{"damage":2,"enemies":"Jaw Worm","floor":3,"turns":3},{"damage":1,"enemies":"Exordium Thugs","floor":5,"turns":4},{"damage":9,"enemies":"Looter","floor":6,"turns":2},{"damage":27,"enemies":"3 Sentries","floor":8,"turns":7},{"damage":28,"enemies":"Gremlin Nob","floor":12,"turns":4},{"damage":74,"enemies":"Hexaghost","floor":16,"turns":11}],"seed_played":"3660324806318703987","potions_obtained":[{"floor":2,"key":"BlessingOfTheForge"},{"floor":5,"key":"SneckoOil"},{"floor":6,"key":"DistilledChaos"}],"is_trial":true,"path_per_floor":["M","M","M","?","M","M","$","E","T","?","R","E","R","$","R","B"],"character_chosen":"DEFECT","items_purchased":["Fission","Coolheaded","Turbo"],"campfire_rested":3,"item_purchase_floors":[7,14,14],"current_hp_per_floor":[63,59,57,57,56,47,47,20,20,20,41,13,34,34,55,0,0],"gold":36,"neow_bonus":"","is_daily":false,"chose_seed":false,"campfire_upgraded":0,"win_rate":0.0,"timestamp":1611134937,"path_taken":["M","M","M","?","M","M","$","E","T","?","R","E","R","?","R","BOSS"],"items_purchased_type":["Card","Card","Card"],"build_version":"2020-12-22","purchased_purges":1,"victory":false,"max_hp_per_floor":[71,71,71,71,71,71,71,71,71,71,71,71,71,71,71,71,71],"card_choices":[{"not_picked":["Turbo","Double Energy"],"picked":"Cold Snap","floor":1},{"not_picked":["Auto Shields","Chaos"],"picked":"Ball Lightning","floor":2},{"not_picked":["Compile Driver","Cold Snap","Chaos"],"picked":"SKIP","floor":3},{"not_picked":["Chill","Fusion","Aggregate"],"picked":"SKIP","floor":5},{"not_picked":["Genetic Algorithm","Steam"],"picked":"Conserve Battery","floor":6},{"not_picked":["Beam Cell","Hologram","Stack"],"picked":"SKIP","floor":8},{"not_picked":["Aggregate","Sweeping Beam"],"picked":"Glacier","floor":12}],"player_experience":1384067,"relics_obtained":[{"floor":8,"key":"Boot"},{"floor":9,"key":"Pantograph"},{"floor":12,"key":"Incense Burner"}],"event_choices":[{"cards_removed":["Compile Driver"],"damage_healed":0,"gold_gain":0,"player_choice":"Card Removal","damage_taken":0,"max_hp_gain":0,"max_hp_loss":0,"event_name":"The Cleric","floor":4,"gold_loss":75},{"damage_healed":0,"gold_gain":0,"player_choice":"Left Gold","damage_taken":0,"max_hp_gain":0,"max_hp_loss":0,"event_name":"World of Goop","floor":10,"gold_loss":73}],"is_beta":false,"boss_relics":[],"items_purged_floors":[7],"is_endless":false,"potions_floor_spawned":[2,5,6],"killed_by":"Hexaghost","ascension_level":20}}