{"host":"kda2p2afd6bvz6qo","time":1611101239,"event":{"mods":["BaseMod","Colored Map","Minty Spire (QoL Compilation)","Relic Stats"],"gold_per_floor":[119,169,179,189,189,221,221,231,231,245,245,245,269,284,284,358,358,368,380,380,395,410,436,436,436,436,467,478,478,478,506,506,584,584,601,613,613,630,253,253,287,287,312,337,115,0,0,0,0,0,0],"floor_reached":52,"language":"ENG","playtime":4350,"items_purged":["Infinite Blades","A Thousand Cuts"],"score":1961,"play_id":"44f4605f-5db0-4f87-9589-f7e8b0a9248c","local_time":"20210120000719","is_ascension_mode":true,"campfire_choices":[{"data":"Wraith Form v2","floor":7.0,"key":"SMITH"},{"data":"Bouncing Flask","floor":12.0,"key":"SMITH"},{"data":"Outmaneuver","floor":15.0,"key":"SMITH"},{"floor":30.0,"key":"REST"},{"floor":32.0,"key":"REST"},{"floor":40.0,"key":"REST"},{"floor":42,"key":"REST"},{"floor":49,"key":"REST"}],"circlet_count":0,"master_deck":["AscendersBane","Survivor","Neutralize","Envenom+1","Escape Plan+1","Underhanded Strike+1","Bane","Bouncing Flask+1","Blur+1","Wraith Form v2+1","Outmaneuver+1","Dash","Caltrops","Concentrate+1","Riddle With Holes+1","Dagger Throw+1","Deflect+1","Prepared+1","Flechettes","Night Terror+1","Burst+1","Dash","Underhanded Strike","Prepared+1","Bouncing Flask+1","Flying Knee","Acrobatics+1","Footwork","Leg Sweep+1","Catalyst+1","Corpse Explosion+1","Sadistic Nature"],"relics":["Astrolabe","CaptainsWheel","Bag of Marbles","Mercury Hourglass","Odd Mushroom","Runic Pyramid","Smiling Mask","Toxic Egg 2","Sundial","Matryoshka","Pandora\u0027s Box","Pantograph","War Paint","Letter Opener","Vajra","Blood Vial","Red Mask"],"acts_visited":["Exordium","TheCity","TheBeyond"],"potions_floor_usage":[50,51],"damage_taken":[{"damage":0.0,"enemies":"Small Slimes","floor":1.0,"turns":4.0},{"damage":0.0,"enemies":"Cultist","floor":3.0,"turns":4.0},{"damage":0.0,"enemies":"2 Louse","floor":4.0,"turns":3.0},{"damage":17.0,"enemies":"Lagavulin","floor":6.0,"turns":7.0},{"damage":1.0,"enemies":"Large Slime","floor":8.0,"turns":6.0},{"damage":3.0,"enemies":"Exordium Wildlife","floor":10.0,"turns":4.0},{"damage":4.0,"enemies":"The Mushroom Lair","floor":13.0,"turns":4.0},{"damage":0.0,"enemies":"Blue Slaver","floor":14.0,"turns":3.0},{"damage":10.0,"enemies":"Hexaghost","floor":16.0,"turns":9.0},{"damage":0.0,"enemies":"Spheric Guardian","floor":18.0,"turns":7.0},{"damage":17.0,"enemies":"3 Byrds","floor":19.0,"turns":4.0},{"damage":0.0,"enemies":"Centurion and Healer","floor":21.0,"turns":7.0},{"damage":5.0,"enemies":"3 Cultists","floor":22.0,"turns":6.0},{"damage":4.0,"enemies":"Book of Stabbing","floor":23.0,"turns":7.0},{"damage":0.0,"enemies":"Slavers","floor":27.0,"turns":5.0},{"damage":1.0,"enemies":"Snecko","floor":28.0,"turns":5.0},{"damage":37.0,"enemies":"Gremlin Leader","floor":31.0,"turns":7.0},{"damage":27.0,"enemies":"Collector","floor":33.0,"turns":8.0},{"damage":38.0,"enemies":"3 Darklings","floor":35.0,"turns":13.0},{"damage":3.0,"enemies":"Orb Walker","floor":36.0,"turns":4.0},{"damage":15.0,"enemies":"Spire Growth","floor":38.0,"turns":6.0},{"damage":24,"enemies":"Nemesis","floor":41,"turns":11},{"damage":3,"enemies":"Giant Head","floor":44,"turns":10},{"damage":32,"enemies":"Awakened One","floor":50,"turns":14},{"damage":45,"enemies":"Time Eater","floor":51,"turns":10}],"seed_played":"2136003186626950933","potions_obtained":[{"floor":1.0,"key":"Poison Potion"},{"floor":6.0,"key":"Fruit Juice"},{"floor":10.0,"key":"DuplicationPotion"},{"floor":21.0,"key":"Strength Potion"},{"floor":22.0,"key":"DistilledChaos"},{"floor":27.0,"key":"Energy Potion"},{"floor":35.0,"key":"Fire Potion"}],"is_trial":false,"path_per_floor":["M","?","M","M","T","E","R","M","T","M","?","R","?","M","R","B",null,"M","M","?","M","M","E","?","?","T","E","M","?","R","E","R","B",null,"M","M","?","M","$","R","E","R","T","E","$","?","?","$","R","B","B",null],"character_chosen":"THE_SILENT","items_purchased":["Leg Sweep+1","Pantograph","Corpse Explosion+1"],"campfire_rested":5,"item_purchase_floors":[39,39,45],"current_hp_per_floor":[59,59,59,59,59,42,42,41,41,43,48,48,44,44,44,34,66,66,49,64,64,59,55,33,33,33,33,32,32,56,19,43,16,65,27,24,24,9,9,32,8,31,31,28,28,28,28,28,51,45,27],"gold":0,"neow_bonus":"BOSS_RELIC","is_daily":false,"chose_seed":false,"campfire_upgraded":3,"win_rate":0.0,"timestamp":1611101239,"path_taken":["M","?","?","M","?","E","R","M","T","?","?","R","?","?","R","BOSS","M","M","?","M","M","E","?","?","T","E","M","?","R","E","R","BOSS","M","M","?","M","$","R","E","R","T","E","$","?","?","?","R","BOSS","BOSS"],"items_purchased_type":["Card","Relic","Card"],"build_version":"2020-12-22","purchased_purges":2,"victory":true,"max_hp_per_floor":[66,66,66,66,66,66,66,66,66,71,76,76,76,76,76,76,76,76,76,76,76,76,76,81,81,81,81,81,81,81,81,81,81,81,81,81,77,77,77,77,77,77,77,77,77,77,77,77,77,77,77],"relic_stats":{"Blood Vial":4,"counters":[25,167],"Sundial":[10],"Astrolabe":["Envenom","Escape Plan","Underhanded Strike"],"Pantograph":49,"Pandora\u0027s Box":["Burst","Dash","Underhanded Strike","Prepared","Bouncing Flask","Infinite Blades","Flying Knee"],"Letter Opener":[100],"War Paint":["Blur","Concentrate"],"Smiling Mask":75,"obtain_stats":[{"Astrolabe":0,"Vajra":43,"Letter Opener":43,"Odd Mushroom":13,"War Paint":41,"Smiling Mask":23,"Mercury Hourglass":9,"Blood Vial":44,"CaptainsWheel":5,"Matryoshka":31,"Sundial":27,"Pantograph":39,"Pandora\u0027s Box":34,"Bag of Marbles":6,"Red Mask":46,"Toxic Egg 2":26,"Ring of the Snake":0,"Runic Pyramid":17},{"Astrolabe":0,"Vajra":22,"Letter Opener":22,"Odd Mushroom":7,"War Paint":22,"Smiling Mask":14,"Mercury Hourglass":5,"Blood Vial":23,"CaptainsWheel":3,"Matryoshka":17,"Sundial":15,"Pantograph":21,"Pandora\u0027s Box":18,"Bag of Marbles":4,"Red Mask":23,"Toxic Egg 2":14,"Ring of the Snake":0,"Runic Pyramid":9},{"Astrolabe":0,"Vajra":133,"Letter Opener":133,"Odd Mushroom":32,"War Paint":133,"Smiling Mask":75,"Mercury Hourglass":24,"Blood Vial":143,"CaptainsWheel":11,"Matryoshka":91,"Sundial":79,"Pantograph":122,"Pandora\u0027s Box":99,"Bag of Marbles":18,"Red Mask":143,"Toxic Egg 2":75,"Ring of the Snake":0,"Runic Pyramid":44}],"Mercury Hourglass":[574]},"card_choices":[{"not_picked":["Skewer","Slice"],"picked":"Bane","floor":1.0},{"not_picked":["Masterful Stab","Acrobatics"],"picked":"Bouncing Flask","floor":3.0},{"not_picked":["Sucker Punch","Acrobatics"],"picked":"Blur","floor":4.0},{"not_picked":["Underhanded Strike","Poisoned Stab"],"picked":"Wraith Form v2","floor":6.0},{"not_picked":["Escape Plan","Sucker Punch","Flying Knee"],"picked":"SKIP","floor":8.0},{"not_picked":["Deflect","Escape Plan","Cloak And Dagger"],"picked":"SKIP","floor":10.0},{"not_picked":["Flying Knee","Deflect"],"picked":"Outmaneuver","floor":13.0},{"not_picked":["Blade Dance","Sucker Punch"],"picked":"Dash","floor":14.0},{"not_picked":["After Image","Unload"],"picked":"A Thousand Cuts","floor":16.0},{"not_picked":["Dodge and Roll","Backstab"],"picked":"Caltrops","floor":18.0},{"not_picked":["Tactician","Dagger Throw"],"picked":"Concentrate","floor":19.0},{"not_picked":["Expertise","Acrobatics"],"picked":"Riddle With Holes+1","floor":21.0},{"not_picked":["Bouncing Flask","Underhanded Strike"],"picked":"Dagger Throw+1","floor":22.0},{"not_picked":["Unload","Outmaneuver","Dagger Spray"],"picked":"SKIP","floor":23.0},{"not_picked":["Dodge and Roll+1","Underhanded Strike"],"picked":"Deflect+1","floor":27.0},{"not_picked":["Underhanded Strike","Dagger Spray"],"picked":"Prepared+1","floor":28.0},{"not_picked":["Infinite Blades","Bane"],"picked":"Flechettes","floor":31.0},{"not_picked":["Bullet Time+1","After Image"],"picked":"Night Terror+1","floor":33.0},{"not_picked":["Prepared+1","Sucker Punch+1"],"picked":"Acrobatics+1","floor":35.0},{"not_picked":["Outmaneuver+1","Underhanded Strike","Acrobatics+1"],"picked":"SKIP","floor":36.0},{"not_picked":["Prepared+1","Bouncing Flask+1"],"picked":"Footwork","floor":38.0},{"not_picked":["Flechettes","Infinite Blades","Blade Dance+1"],"picked":"SKIP","floor":41},{"not_picked":["Tools of the Trade","Tactician+1"],"picked":"Catalyst+1","floor":44},{"not_picked":["Mayhem","Trip+1"],"picked":"Sadistic Nature","floor":47}],"player_experience":146252,"relics_obtained":[{"floor":5.0,"key":"CaptainsWheel"},{"floor":6.0,"key":"Bag of Marbles"},{"floor":9.0,"key":"Mercury Hourglass"},{"floor":13.0,"key":"Odd Mushroom"},{"floor":23.0,"key":"Smiling Mask"},{"floor":26.0,"key":"Toxic Egg 2"},{"floor":27.0,"key":"Sundial"},{"floor":31.0,"key":"Matryoshka"},{"floor":41,"key":"War Paint"},{"floor":43,"key":"Letter Opener"},{"floor":43,"key":"Vajra"},{"floor":44,"key":"Blood Vial"}],"event_choices":[{"damage_healed":0.0,"max_hp_gain":0.0,"max_hp_loss":0.0,"gold_gain":50.0,"event_name":"Golden Shrine","player_choice":"Pray","floor":2.0,"gold_loss":0.0,"damage_taken":0.0},{"damage_healed":0.0,"max_hp_gain":5.0,"max_hp_loss":0.0,"gold_gain":0.0,"event_name":"Big Fish","player_choice":"Donut","floor":11.0,"gold_loss":0.0,"damage_taken":0.0},{"damage_healed":0.0,"max_hp_gain":0.0,"max_hp_loss":0.0,"gold_gain":0.0,"event_name":"Mushrooms","player_choice":"Fought Mushrooms","floor":13.0,"gold_loss":0.0,"damage_taken":0.0},{"damage_healed":15.0,"max_hp_gain":0.0,"max_hp_loss":0.0,"gold_gain":0.0,"event_name":"The Library","player_choice":"Heal","floor":20.0,"gold_loss":0.0,"damage_taken":0.0},{"damage_healed":0.0,"max_hp_gain":5.0,"max_hp_loss":0.0,"gold_gain":0.0,"event_name":"Forgotten Altar","player_choice":"Shed Blood","floor":24.0,"gold_loss":0.0,"damage_taken":27.0},{"damage_healed":0.0,"max_hp_gain":0.0,"max_hp_loss":0.0,"gold_gain":0.0,"event_name":"The Mausoleum","player_choice":"Ignored","floor":25.0,"gold_loss":0.0,"damage_taken":0.0},{"damage_healed":0.0,"max_hp_gain":0.0,"max_hp_loss":0.0,"gold_gain":0.0,"event_name":"Vampires","player_choice":"Ignored","floor":29.0,"gold_loss":0.0,"damage_taken":0.0},{"damage_healed":0.0,"max_hp_gain":0.0,"max_hp_loss":4.0,"gold_gain":0.0,"event_name":"Winding Halls","player_choice":"Max HP","floor":37.0,"gold_loss":0.0,"damage_taken":0.0},{"damage_healed":0,"gold_gain":0,"player_choice":"Paid","damage_taken":0,"relics_obtained":["Red Mask"],"max_hp_gain":0,"max_hp_loss":0,"event_name":"Tomb of Lord Red Mask","floor":46,"gold_loss":115},{"damage_healed":0,"gold_gain":0,"player_choice":"Memory 1","damage_taken":0,"max_hp_gain":0,"max_hp_loss":0,"event_name":"SensoryStone","floor":47,"gold_loss":0}],"is_beta":false,"boss_relics":[{"not_picked":["Calling Bell","Philosopher\u0027s Stone"],"picked":"Runic Pyramid"},{"not_picked":["SlaversCollar","Tiny House"],"picked":"Pandora\u0027s Box"}],"items_purged_floors":[39,45],"is_endless":false,"potions_floor_spawned":[1,6,10,16,18,21,22,27,35,38,44],"ascension_level":20}}