{"host":"ko40t1o51xotjt2v","time":1611181594,"event":{"mods":["2.2 Compatiblity","AchievementEnabler","Aspiration","BaseMod","Better Match","Better Third Choice","Better Vampires","Conspire","Downfall","Energized Spire","GifTheSpireLib","Halation","Hubris","Jedi Mod","Minty Spire (QoL Compilation)","MostiFishMod","Spicy Shops","Spikes Relics","StSLib","Stuff the Spire","TestMod","vexMod","??????REMEMod"],"gold_per_floor":[110,130,130,130,146,173,173,198,280,280,250,275,305,75,75,147,147,161,161,180,180,195,223,238,238,315,341,341,341],"floor_reached":28,"language":"SPA","playtime":1457,"items_purged":["Strike_G"],"score":542,"play_id":"3ea60489-f36e-440a-832f-4b34c7f42a1a","local_time":"20210120232634","is_ascension_mode":true,"campfire_choices":[{"floor":7,"key":"RECALL"},{"floor":10,"key":"REST"},{"data":"Neutralize","floor":15,"key":"SMITH"},{"floor":25,"key":"REST"}],"circlet_count":0,"master_deck":["AscendersBane","Strike_G","Strike_G","Strike_G","Defend_G","Defend_G","Defend_G","Defend_G","Defend_G","Survivor","Neutralize+1","Glass Knife+1","StuffTheSpire:Sprint","Quick Slash","MostiFishMod:GrandStart","Backstab","hubris:NaturalOne"],"relics":["Ring of the Snake","DaveBox","testmod-TestBox","REME_ComplimentaryCards","testmod-TurbochargingSystem","SynthV:TestCard","vexMod:BarristanHead","StuffTheSpire:Barrel","StuffTheSpire:ForceGauntlet","ChiLing","Chi","Ling","TimeKeys","Nloth\u0027s Gift","hubris:Icosahedron","Lantern","Dream Catcher"],"acts_visited":["Exordium","TheCity"],"potions_floor_usage":[20,20],"damage_taken":[{"damage":0,"enemies":"Small Slimes","floor":1,"turns":4},{"damage":0,"enemies":"2 Louse","floor":2,"turns":2},{"damage":0,"enemies":"Cultist","floor":5,"turns":2},{"damage":20,"enemies":"Gremlin Nob","floor":6,"turns":4},{"damage":27,"enemies":"3 Sentries","floor":8,"turns":11},{"damage":1,"enemies":"Looter","floor":11,"turns":4},{"damage":6,"enemies":"Gremlin Nob","floor":12,"turns":3},{"damage":2,"enemies":"Exordium Wildlife","floor":13,"turns":3},{"damage":6,"enemies":"The Guardian","floor":16,"turns":14},{"damage":2,"enemies":"3 Byrds","floor":18,"turns":1},{"damage":0,"enemies":"2 Thieves","floor":20,"turns":1},{"damage":10,"enemies":"Shelled Parasite and Fungi","floor":22,"turns":2},{"damage":25,"enemies":"Book of Stabbing","floor":23,"turns":3},{"damage":5,"enemies":"Cultist and Chosen","floor":24,"turns":4},{"damage":30,"enemies":"REME_1_Revenger","floor":27,"turns":3},{"damage":2,"enemies":"3 Cultists","floor":28,"turns":2}],"seed_played":"-5889476182472586218","potions_obtained":[{"floor":5,"key":"jedi:holywater"},{"floor":8,"key":"Strength Potion"},{"floor":12,"key":"jedi:StrikingPotion"},{"floor":18,"key":"jedi:StrikingPotion"},{"floor":20,"key":"Strength Potion"},{"floor":24,"key":"BlessingOfTheForge"}],"is_trial":false,"path_per_floor":["M","M","?","?","M","E","R","E","T","R","M","E","M","$","R","B",null,"M","?","M","?","M","E","M","R","T","E","M"],"character_chosen":"THE_SILENT","items_purchased":["ChiLing"],"campfire_rested":2,"item_purchase_floors":[14],"current_hp_per_floor":[59,59,59,59,59,39,39,12,12,31,30,24,22,22,22,16,54,52,52,52,52,42,17,12,31,31,1,0,0],"gold":341,"neow_bonus":"REMOVE_CARD","is_daily":false,"chose_seed":false,"campfire_upgraded":1,"win_rate":0.0,"timestamp":1611181594,"path_taken":["M","M","?","?","M","E","R","E","T","R","M","E","M","$","R","BOSS","M","?","?","?","?","E","M","R","T","E","M"],"items_purchased_type":["Relic"],"build_version":"2020-12-22","purchased_purges":1,"victory":false,"max_hp_per_floor":[66,66,66,66,66,66,66,66,66,66,66,66,66,66,66,66,66,66,66,66,66,66,66,66,66,66,66,66,66],"card_choices":[{"not_picked":["All Out Attack","PiercingWail","Concentrate"],"picked":"SKIP","floor":1},{"not_picked":["Cloak And Dagger","StuffTheSpire:Incursion","Deflect","Infinite Blades","Acrobatics"],"picked":"SKIP","floor":2},{"not_picked":["Cloak And Dagger","StuffTheSpire:ClusterCrunch","Flying Knee","Acrobatics"],"picked":"StuffTheSpire:Sprint","floor":5},{"not_picked":["Blade Dance","Distraction","jedi:pocketpoison","StuffTheSpire:Python","Deadly Poison"],"picked":"SKIP","floor":6},{"not_picked":["MostiFishMod:Opportunism","Acrobatics","Dagger Throw","REME_ShadowStrike"],"picked":"Quick Slash","floor":8},{"not_picked":["Tactician","Deflect","Acrobatics","Poisoned Stab","Cloak And Dagger"],"picked":"SKIP","floor":11},{"not_picked":["Deflect","Crippling Poison","Accuracy","StuffTheSpire:Shiver","Underhanded Strike"],"picked":"SKIP","floor":12},{"not_picked":["StuffTheSpire:Repulse","MostiFishMod:ThornCasing","Slice","StuffTheSpire:Python","Accuracy"],"picked":"SKIP","floor":13},{"not_picked":["REME_CopyPotion","MostiFishMod:Confrontation","A Thousand Cuts","Unload"],"picked":"MostiFishMod:GrandStart","floor":16},{"not_picked":["Slice","Cloak And Dagger","Deadly Poison+1","StuffTheSpire:Shiver","StuffTheSpire:MirrorStance"],"picked":"SKIP","floor":18},{"not_picked":["Blade Dance","StuffTheSpire:BumpUp","Flying Knee","Sucker Punch","Concentrate"],"picked":"SKIP","floor":20},{"not_picked":["hubris:SlightOfHand","All Out Attack","Masterful Stab","Quick Slash"],"picked":"Backstab","floor":22},{"not_picked":["MostiFishMod:InvigoratingSolution","Cloak And Dagger","MostiFishMod:Dislodge","conspire:PoisonWeapons+1"],"picked":"MostiFishMod:FullyArmed","floor":23},{"not_picked":["Blade Dance","Calculated Gamble","StuffTheSpire:MirrorStance","Distraction","hubris:Sniper+1"],"picked":"SKIP","floor":24},{"not_picked":["Dagger Spray+1","StuffTheSpire:Repulse","Prepared","Accuracy"],"picked":"MostiFishMod:FullyArmed","floor":27}],"player_experience":427043,"relics_obtained":[{"floor":1,"key":"SynthV:TestCard"},{"floor":6,"key":"vexMod:BarristanHead"},{"floor":8,"key":"StuffTheSpire:Barrel"},{"floor":9,"key":"StuffTheSpire:ForceGauntlet"},{"floor":12,"key":"MawBank"},{"floor":23,"key":"Lantern"},{"floor":27,"key":"Dream Catcher"}],"event_choices":[{"damage_healed":0,"gold_gain":0,"player_choice":"Traded Relic","damage_taken":0,"relics_obtained":["Nloth\u0027s Gift"],"max_hp_gain":0,"max_hp_loss":0,"event_name":"N\u0027loth","floor":19,"relics_lost":["MawBank"],"gold_loss":0}],"is_beta":false,"boss_relics":[{"not_picked":["energizedSpire:PogoStick","Fusion Hammer"],"picked":"TimeKeys"}],"items_purged_floors":[14],"is_endless":false,"potions_floor_spawned":[5,8,12,18,20,24],"killed_by":"3 Cultists","ascension_level":16}}