{"host":"qekv59dthhdg54sz","time":1611113682,"event":{"mods":["AchievementEnabler","BaseMod","Colored Map","DeckTracker","KOR Keyword Fix","Minty Spire (QoL Compilation)","Rare Cards Sparkle","StSLib","SuperFastMode"],"gold_per_floor":[113,113,128,52,63,63,75,75,98,98,116,81,114,114,114,193,193,205,205,280,116,129,157,179,191,203,215,252,364,376,399,411,494,506,533,545,285,302,302,302,336,353,378,378,405,405,405,106,106,106,106],"floor_reached":52,"language":"KOR","playtime":1312,"items_purged":["Defend_P","DeusExMachina","ClearTheMind+1"],"score":2388,"play_id":"bd032bb9-bdaf-4c36-9af1-e1a06be1673f","local_time":"20210120123442","is_ascension_mode":true,"campfire_choices":[{"data":"Eruption","floor":6.0,"key":"SMITH"},{"data":"Tantrum","floor":8.0,"key":"SMITH"},{"data":"InnerPeace","floor":10.0,"key":"SMITH"},{"data":"SashWhip","floor":15.0,"key":"SMITH"},{"data":"MentalFortress","floor":25,"key":"SMITH"},{"data":"Scrawl","floor":27,"key":"SMITH"},{"data":"Adaptation","floor":32,"key":"SMITH"},{"data":"Flash of Steel","floor":40,"key":"SMITH"},{"data":"FlurryOfBlows","floor":44,"key":"SMITH"},{"floor":47,"key":"RECALL"},{"data":"Meditate","floor":49,"key":"SMITH"}],"circlet_count":0,"master_deck":["AscendersBane","Defend_P+1","Defend_P+1","Eruption+1","Vigilance+1","FearNoEvil+1","FlurryOfBlows+1","Tantrum+1","SashWhip+1","InnerPeace+1","FlurryOfBlows+1","Scrawl+1","Study+1","Indignation+1","Wallop+1","MentalFortress+1","Adaptation+1","Flash of Steel+1","SandsOfTime+1","Meditate+1"],"relics":["Coffee Dripper","Tiny Chest","Blood Vial","Gremlin Horn","Astrolabe","Kunai","MawBank","Bottled Tornado","Unceasing Top","Dead Branch","Mummified Hand","Black Star","Potion Belt","Sling","War Paint","Smiling Mask","Vajra","TeardropLocket","Blue Candle","OrangePellets"],"acts_visited":["Exordium","TheCity","TheBeyond"],"potions_floor_usage":[23],"damage_taken":[{"damage":3.0,"enemies":"Small Slimes","floor":1.0,"turns":5.0},{"damage":0.0,"enemies":"Cultist","floor":3.0,"turns":3.0},{"damage":1.0,"enemies":"2 Louse","floor":5.0,"turns":2.0},{"damage":3.0,"enemies":"Blue Slaver","floor":7.0,"turns":2.0},{"damage":12.0,"enemies":"Exordium Wildlife","floor":11.0,"turns":3.0},{"damage":17.0,"enemies":"Lagavulin","floor":13.0,"turns":6.0},{"damage":0.0,"enemies":"Slime Boss","floor":16.0,"turns":5.0},{"damage":0,"enemies":"2 Thieves","floor":18,"turns":2},{"damage":1,"enemies":"Spheric Guardian","floor":22,"turns":4},{"damage":0,"enemies":"Slavers","floor":23,"turns":2},{"damage":7,"enemies":"Snake Plant","floor":24,"turns":3},{"damage":0,"enemies":"Gremlin Leader","floor":28,"turns":3},{"damage":10,"enemies":"Colosseum Slavers","floor":29,"turns":2},{"damage":0,"enemies":"Colosseum Nobs","floor":29,"turns":2},{"damage":0,"enemies":"3 Cultists","floor":31,"turns":3},{"damage":0,"enemies":"Collector","floor":33,"turns":4},{"damage":0,"enemies":"Orb Walker","floor":35,"turns":2},{"damage":0,"enemies":"3 Darklings","floor":38,"turns":2},{"damage":2,"enemies":"Nemesis","floor":41,"turns":3},{"damage":0,"enemies":"Spire Growth","floor":42,"turns":3},{"damage":1,"enemies":"Giant Head","floor":45,"turns":4},{"damage":0,"enemies":"Awakened One","floor":50,"turns":5},{"damage":0,"enemies":"Donu and Deca","floor":51,"turns":3}],"seed_played":"-5605706756863529889","potions_obtained":[{"floor":11.0,"key":"SneckoOil"},{"floor":13.0,"key":"FairyPotion"},{"floor":18,"key":"BottledMiracle"},{"floor":23,"key":"BottledMiracle"},{"floor":45,"key":"Regen Potion"}],"is_trial":false,"path_per_floor":["M","?","M","$","M","R","M","R","T","R","M","?","E","T","R","B",null,"M","?","T","$","M","E","M","R","T","R","E","?","?","M","R","B",null,"M","T","$","M","?","R","E","M","T","R","E","T","R","$","R","B","B",null],"character_chosen":"WATCHER","items_purchased":["Tantrum","DeusExMachina","Sling","OrangePellets","Meditate"],"campfire_rested":0,"item_purchase_floors":[4,21,37,48,48],"current_hp_per_floor":[58,58,58,58,57,57,54,54,54,54,42,59,42,42,42,44,62,64,64,64,64,65,67,61,61,61,61,63,57,57,59,59,61,66,68,68,68,68,58,58,58,60,60,60,61,61,61,61,61,63,65],"gold":106,"neow_bonus":"BOSS_RELIC","is_daily":false,"chose_seed":false,"campfire_upgraded":10,"win_rate":0.0,"timestamp":1611113682,"path_taken":["M","?","M","$","?","R","M","R","T","R","M","?","E","?","R","BOSS","M","?","?","$","M","E","?","R","T","R","E","?","?","M","R","BOSS","M","?","$","M","?","R","E","M","T","R","E","?","R","?","R","BOSS","BOSS"],"items_purchased_type":["Card","Card","Relic","Relic","Card"],"build_version":"2020-12-22","purchased_purges":3,"victory":true,"max_hp_per_floor":[68,68,68,68,68,68,68,68,68,68,68,68,68,68,68,68,68,68,68,68,68,68,68,68,68,68,68,68,68,68,68,68,68,68,68,68,68,68,68,68,68,68,68,68,68,68,68,68,68,68,68],"card_choices":[{"not_picked":["JustLucky","FlurryOfBlows"],"picked":"FearNoEvil","floor":1.0},{"not_picked":["Nirvana","Pray"],"picked":"FlurryOfBlows","floor":3.0},{"not_picked":["FollowUp","PathToVictory"],"picked":"SashWhip","floor":5.0},{"not_picked":["Fasting2","FollowUp"],"picked":"InnerPeace","floor":7.0},{"not_picked":["EmptyBody","FlyingSleeves"],"picked":"FlurryOfBlows","floor":11.0},{"not_picked":["DeceiveReality","Halt"],"picked":"LessonLearned","floor":13.0},{"not_picked":["Establishment","DeusExMachina"],"picked":"Scrawl","floor":16.0},{"not_picked":["EmptyFist","ThirdEye"],"picked":"MentalFortress","floor":18},{"not_picked":["WaveOfTheHand","EmptyBody","Consecrate"],"picked":"SKIP","floor":22},{"not_picked":["FearNoEvil","FollowUp","WindmillStrike"],"picked":"SKIP","floor":23},{"not_picked":["ThirdEye+1","Crescendo","Pray"],"picked":"SKIP","floor":24},{"not_picked":["Judgement","Weave","FollowUp"],"picked":"SKIP","floor":28},{"not_picked":["Prostrate+1","DeusExMachina","Indignation"],"picked":"SKIP","floor":31},{"not_picked":["BowlingBash","Crescendo+1","Halt"],"picked":"SKIP","floor":35},{"not_picked":["PathToVictory","Weave+1","Wallop"],"picked":"SKIP","floor":38},{"not_picked":["Good Instincts","Secret Weapon"],"picked":"Flash of Steel","floor":39},{"not_picked":["Sanctity","SandsOfTime","ReachHeaven+1"],"picked":"SKIP","floor":41},{"not_picked":["SashWhip","BowlingBash"],"picked":"SandsOfTime+1","floor":42},{"not_picked":["Protect","Halt","Indignation+1"],"picked":"SKIP","floor":45}],"player_experience":780753,"relics_obtained":[{"floor":9.0,"key":"Tiny Chest"},{"floor":13.0,"key":"Blood Vial"},{"floor":14.0,"key":"Gremlin Horn"},{"floor":20,"key":"Kunai"},{"floor":23,"key":"MawBank"},{"floor":26,"key":"Bottled Tornado"},{"floor":28,"key":"Unceasing Top"},{"floor":29,"key":"Dead Branch"},{"floor":29,"key":"Mummified Hand"},{"floor":36,"key":"Potion Belt"},{"floor":41,"key":"War Paint"},{"floor":41,"key":"Smiling Mask"},{"floor":43,"key":"Vajra"},{"floor":45,"key":"TeardropLocket"},{"floor":45,"key":"Blue Candle"}],"event_choices":[{"cards_removed":["Strike_P"],"damage_healed":0.0,"max_hp_gain":0.0,"max_hp_loss":0.0,"gold_gain":0.0,"event_name":"Bonfire Elementals","player_choice":"Offered Basic","floor":2.0,"gold_loss":0.0,"damage_taken":0.0},{"damage_healed":17.0,"max_hp_gain":0.0,"max_hp_loss":0.0,"gold_gain":0.0,"event_name":"The Cleric","player_choice":"Healed","floor":12.0,"gold_loss":35.0,"damage_taken":0.0},{"damage_healed":0,"gold_gain":0,"player_choice":"Ignored","damage_taken":0,"max_hp_gain":0,"max_hp_loss":0,"event_name":"N\u0027loth","floor":19,"gold_loss":0},{"damage_healed":0,"gold_gain":0,"player_choice":"Fight","damage_taken":0,"max_hp_gain":0,"max_hp_loss":0,"event_name":"Colosseum","floor":29,"gold_loss":0},{"damage_healed":0,"gold_gain":0,"player_choice":"Fought Nobs","damage_taken":0,"max_hp_gain":0,"max_hp_loss":0,"event_name":"Colosseum","floor":29,"gold_loss":0},{"damage_healed":0,"gold_gain":0,"cards_transformed":["LessonLearned","Defend_P"],"player_choice":"Became Test Subject","damage_taken":0,"max_hp_gain":0,"max_hp_loss":0,"event_name":"Drug Dealer","floor":30,"gold_loss":0,"cards_obtained":["Adaptation","ClearTheMind"]},{"damage_healed":0,"gold_gain":0,"player_choice":"Memory 3","damage_taken":10,"max_hp_gain":0,"max_hp_loss":0,"event_name":"SensoryStone","floor":39,"gold_loss":0}],"is_beta":false,"boss_relics":[{"not_picked":["Tiny House","SacredBark"],"picked":"Astrolabe"},{"not_picked":["Empty Cage","Cursed Key"],"picked":"Black Star"}],"items_purged_floors":[21,37,48],"is_endless":false,"potions_floor_spawned":[11,13,18,23,29,31,35,45],"ascension_level":20}}