{"host":"323inwdaz59hfocs","time":1611140467,"event":{"mods":["AchievementEnabler","BaseMod","BetterRewards","Colored Powertips","Conspire","Good Game Mod","Minty Spire (QoL Compilation)","Relic Stats","Replay The Spire","Shop Mod","StSLib","SuperFastMode","The Construct","The Cursed","The Gatherer","The Poker Player","Thieving Mod","[GremlinLeader]The Maniac","óô»ðÖ¸ÄÏ"],"gold_per_floor":[112,112,112,3057,3076,3114,3130,3173,3198,3024,2296,2246,2279,2303,1744,1864,1864,1888,1901,1915,1938,1951,1982,1664,1702,1725,1725,1479,1514,1514,1614,1326,1445,1445,1465,1489,1509,1528,1547,941,975,663,688,688,709,1042,1042,672,672,672],"floor_reached":51,"language":"ZHS","playtime":3132,"items_purged":["Defend_R","Strike_R","Strike_R","Defend_R","Defend_R","Flex","Demon Form"],"score":1002,"play_id":"37a14bd4-bdc0-4d6e-bcda-33571ba65469","local_time":"20210120190107","is_ascension_mode":true,"campfire_choices":[{"data":"Metamorphosis","floor":27,"key":"SMITH"},{"data":"Pot Of Greed","floor":44,"key":"SMITH"},{"data":"Battle Trance","floor":49,"key":"SMITH"}],"circlet_count":0,"master_deck":["Strike_R","Strike_R+1","Defend_R+1","Bash","PokerPlayerMod:JackOfSpades+1","ReplayTheSpireMod:Muscle Training","Dropkick","Pommel Strike","Spot Weakness","Whirlwind","Shockwave","Warcry+1","Metamorphosis+1","Cleave","Battle Trance+1","Master of Strategy+1","Carnage","conspire:HitWhereItHurts","Flex+1","Pummel+1","Headbutt+1","Perfected Strike+1","Flex+1","Pot Of Greed+1","Pot Of Greed","Pot Of Greed+1","Warcry+1","Bludgeon","conspire:HitWhereItHurts","Warcry+1","Pummel+1","Headbutt","conspire:HitWhereItHurts"],"relics":["Burning Blood","REME:ComplimentaryCards","conspire:TreasureMap","Kunai","Quantum Egg","Nunchaku","Blue Candle","Anchor","conspire:Flyswatter","Omamori","ReplayTheSpireMod:ShopPack","Simple Rune","Ancient Tea Set","conspire:SpecialSausage","Another Sword","Chemical X","Centennial Puzzle","Grinning Jar","BargainBundle","MealTicket","MutagenicStrength","Potion Belt","Busted Crown","PreservedInsect","Question Card","Letter Opener","DollysMirror","War Paint","ReplayTheSpireMod:Ninjato","Toy Ornithopter"],"acts_visited":["Exordium","TheCity","TheBeyond"],"potions_floor_usage":[16,37,39],"damage_taken":[{"damage":7.0,"enemies":"conspire:RoseBush","floor":1.0,"turns":2.0},{"damage":0.0,"enemies":"Small Slimes","floor":5.0,"turns":4.0},{"damage":9.0,"enemies":"Lagavulin","floor":6.0,"turns":5.0},{"damage":0.0,"enemies":"Jaw Worm","floor":7.0,"turns":2.0},{"damage":33,"enemies":"3 Sentries","floor":8,"turns":5},{"damage":27,"enemies":"conspire:MimicChest","floor":13,"turns":7},{"damage":0,"enemies":"Exordium Thugs","floor":14,"turns":3},{"damage":17,"enemies":"Hexaghost","floor":16,"turns":5},{"damage":11,"enemies":"Spheric Guardian","floor":18,"turns":3},{"damage":9,"enemies":"Shell Parasite","floor":19,"turns":5},{"damage":24,"enemies":"conspire:HollyBat","floor":20,"turns":5},{"damage":0,"enemies":"Snecko","floor":21,"turns":2},{"damage":10,"enemies":"Centurion and Healer","floor":22,"turns":4},{"damage":1,"enemies":"conspire:Head Lice","floor":23,"turns":3},{"damage":1,"enemies":"Gremlin Leader","floor":25,"turns":2},{"damage":1,"enemies":"Slavers","floor":29,"turns":1},{"damage":43,"enemies":"Automaton","floor":33,"turns":5},{"damage":1,"enemies":"3 Darklings","floor":35,"turns":2},{"damage":0,"enemies":"Orb Walker","floor":36,"turns":2},{"damage":42,"enemies":"Transient","floor":37,"turns":5},{"damage":1,"enemies":"3 Darklings","floor":38,"turns":1},{"damage":0,"enemies":"Sphere and 2 Shapes","floor":39,"turns":1},{"damage":0,"enemies":"R_Hoarder","floor":41,"turns":1},{"damage":5,"enemies":"4 Shapes","floor":45,"turns":2},{"damage":70,"enemies":"Donu and Deca","floor":50,"turns":6}],"seed_played":"8493655078838279539","potions_obtained":[{"floor":5.0,"key":"Strength Potion"},{"floor":6.0,"key":"Fruit Juice"},{"floor":14,"key":"Flashbang"},{"floor":16,"key":"Explosive Potion"},{"floor":19,"key":"GamblersBrew"},{"floor":20,"key":"Flashbang"},{"floor":36,"key":"AttackPotion"},{"floor":37,"key":"Strength Potion"},{"floor":41,"key":"Languid Potion"},{"floor":45,"key":"Energy Potion"}],"is_trial":false,"path_per_floor":["M","?","?","$","M","E","M","E","T","R","$","?","?","M","R","B",null,"M","M","M","M","M","E","R","E","T","R","$","E","?","?","R","B",null,"M","M","M","M","M","R","E","R","T","R","M","?","?","$","R","B",null],"character_chosen":"IRONCLAD","items_purchased":["conspire:TreasureMap","Kunai","Quantum Egg","Shockwave","conspire:Flyswatter","Omamori","Flex","Warcry+1","ReplayTheSpireMod:ShopPack","Ancient Tea Set","Master of Strategy","Carnage","Chemical X","BargainBundle","Demon Form","Potion Belt","Bludgeon","PreservedInsect","Question Card","DollysMirror","War Paint","Toy Ornithopter"],"campfire_rested":0,"item_purchase_floors":[4,4,4,10,11,11,11,11,11,15,15,15,24,28,28,32,32,40,40,42,42,48],"current_hp_per_floor":[79,59,64,64,70,72,78,51,51,51,51,51,30,36,36,25,90,85,82,64,70,66,71,71,76,76,76,76,81,81,81,81,44,90,90,90,54,59,65,65,71,71,71,71,72,72,72,87,87,23],"gold":672,"neow_bonus":"UPGRADE_CARD","is_daily":false,"chose_seed":false,"campfire_upgraded":3,"win_rate":0.0,"timestamp":1611140467,"path_taken":["M","?","?","$","M","E","M","E","T","R","$","?","?","?","R","BOSS","M","M","M","M","M","E","R","E","T","R","$","E","?","?","R","BOSS","M","?","M","M","M","R","E","R","T","R","M","?","?","$","R","BOSS"],"items_purchased_type":["Relic","Relic","Relic","Card","Relic","Relic","Card","Card","Relic","Relic","Card","Card","Relic","Relic","Card","Relic","Card","Relic","Relic","Relic","Relic","Relic"],"build_version":"2020-12-22","purchased_purges":7,"victory":true,"max_hp_per_floor":[80,80,85,85,85,90,90,90,90,90,90,90,90,90,90,90,90,90,90,90,90,90,90,90,90,90,90,90,90,90,90,90,90,90,90,90,90,90,90,90,90,90,90,90,90,90,90,90,90,90],"relic_stats":{"counters":[25,83],"Blue Candle":[0],"PreservedInsect":75,"Letter Opener":[30],"War Paint":["Master of Strategy","Pot Of Greed"],"Question Card":2,"Burning Blood":139,"Nunchaku":[14],"Centennial Puzzle":[18],"Busted Crown":14,"MealTicket":15,"Kunai":[22],"Chemical X":[10],"obtain_stats":[{"conspire:SpecialSausage":17,"Ancient Tea Set":15,"Burning Blood":0,"Nunchaku":6,"Centennial Puzzle":25,"DollysMirror":42,"MealTicket":29,"Kunai":4,"Chemical X":24,"Potion Belt":32,"conspire:TreasureMap":4,"BargainBundle":28,"ReplayTheSpireMod:Ninjato":43,"Golden Idol":2,"Quantum Egg":4,"Blue Candle":8,"PreservedInsect":40,"Omamori":11,"Letter Opener":41,"War Paint":42,"Question Card":40,"REME:ComplimentaryCards":0,"Anchor":9,"Busted Crown":34,"MutagenicStrength":30,"Simple Rune":13,"Another Sword":23,"Grinning Jar":26,"Toy Ornithopter":48,"conspire:Flyswatter":11,"ReplayTheSpireMod:ShopPack":11},{"conspire:SpecialSausage":8,"Ancient Tea Set":7,"Burning Blood":0,"Nunchaku":3,"Centennial Puzzle":15,"DollysMirror":23,"MealTicket":16,"Kunai":1,"Chemical X":14,"Potion Belt":16,"conspire:TreasureMap":1,"BargainBundle":15,"ReplayTheSpireMod:Ninjato":23,"Golden Idol":1,"Quantum Egg":1,"Blue Candle":5,"PreservedInsect":22,"Omamori":5,"Letter Opener":23,"War Paint":23,"Question Card":22,"REME:ComplimentaryCards":0,"Anchor":5,"Busted Crown":17,"MutagenicStrength":16,"Simple Rune":6,"Another Sword":14,"Grinning Jar":15,"Toy Ornithopter":24,"conspire:Flyswatter":5,"ReplayTheSpireMod:ShopPack":5},{"conspire:SpecialSausage":33,"Ancient Tea Set":28,"Burning Blood":0,"Nunchaku":11,"Centennial Puzzle":57,"DollysMirror":75,"MealTicket":58,"Kunai":2,"Chemical X":55,"Potion Belt":58,"conspire:TreasureMap":2,"BargainBundle":57,"ReplayTheSpireMod:Ninjato":75,"Golden Idol":2,"Quantum Egg":2,"Blue Candle":18,"PreservedInsect":74,"Omamori":18,"Letter Opener":75,"War Paint":75,"Question Card":74,"REME:ComplimentaryCards":0,"Anchor":18,"Busted Crown":63,"MutagenicStrength":58,"Simple Rune":25,"Another Sword":55,"Grinning Jar":57,"Toy Ornithopter":77,"conspire:Flyswatter":18,"ReplayTheSpireMod:ShopPack":18}],"Toy Ornithopter":0},"card_choices":[{"not_picked":["Anger","Twin Strike"],"picked":"ReplayTheSpireMod:Muscle Training","floor":1.0},{"not_picked":["Body Slam","ReplayTheSpireMod:Muscle Training"],"picked":"Dropkick","floor":5.0},{"not_picked":["Corruption","Sentinel"],"picked":"Pommel Strike","floor":6.0},{"not_picked":["Pummel","Clash"],"picked":"Spot Weakness","floor":7},{"not_picked":["Fire Breathing","ReplayTheSpireMod:Corrosion Curse"],"picked":"Whirlwind","floor":8},{"not_picked":["ReplayTheSpireMod:Necrogeddon","ReplayUltimateDefense"],"picked":"Metamorphosis","floor":11},{"not_picked":["conspire:Charge","Ghostly Armor"],"picked":"Cleave","floor":13},{"not_picked":["Headbutt","Power Through"],"picked":"Battle Trance","floor":14},{"not_picked":["Demon Form","Corruption"],"picked":"conspire:HitWhereItHurts","floor":16},{"not_picked":["Armaments","Wild Strike+1"],"picked":"Flex+1","floor":18},{"not_picked":["Armaments","Massacre","Anger"],"picked":"SKIP","floor":19},{"not_picked":["Body Slam","Impervious"],"picked":"Pummel+1","floor":20},{"not_picked":["Pummel","Shrug It Off+1","Second Wind"],"picked":"SKIP","floor":21},{"not_picked":["ReplayReversal+1","Shrug It Off"],"picked":"Headbutt+1","floor":22},{"not_picked":["Heavy Blade","Dropkick"],"picked":"Perfected Strike+1","floor":23},{"not_picked":["Entrench","ReplayTheSpireMod:Strike From Hell"],"picked":"Flex+1","floor":25},{"not_picked":["Rampage","Abandon"],"picked":"Warcry+1","floor":29},{"not_picked":["Offering","Reaper"],"picked":"conspire:HitWhereItHurts","floor":33},{"not_picked":["Anger+1"],"picked":"SKIP","floor":35},{"not_picked":[],"picked":"Warcry+1","floor":36},{"not_picked":[],"picked":"Pummel+1","floor":37},{"not_picked":["Ghostly Armor"],"picked":"SKIP","floor":38},{"not_picked":[],"picked":"Headbutt","floor":39},{"not_picked":["Headbutt","Run Through+1"],"picked":"SKIP","floor":41},{"not_picked":["Pummel","Shrug It Off"],"picked":"SKIP","floor":45}],"player_experience":126294,"relics_obtained":[{"floor":6.0,"key":"Nunchaku"},{"floor":8,"key":"Blue Candle"},{"floor":9,"key":"Anchor"},{"floor":13,"key":"Simple Rune"},{"floor":23,"key":"Another Sword"},{"floor":25,"key":"Centennial Puzzle"},{"floor":26,"key":"Grinning Jar"},{"floor":29,"key":"MealTicket"},{"floor":41,"key":"Letter Opener"},{"floor":43,"key":"ReplayTheSpireMod:Ninjato"}],"event_choices":[{"damage_healed":0.0,"max_hp_gain":0.0,"max_hp_loss":0.0,"gold_gain":0.0,"event_name":"Golden Idol","player_choice":"Take Damage","floor":2.0,"gold_loss":0.0,"damage_taken":20.0,"relics_obtained":["Golden Idol"]},{"damage_healed":0.0,"max_hp_gain":5.0,"max_hp_loss":0.0,"gold_gain":0.0,"event_name":"Big Fish","player_choice":"Donut","floor":3.0,"gold_loss":0.0,"damage_taken":0.0},{"cards_removed":["Strike_R"],"damage_healed":0,"gold_gain":0,"player_choice":"Card Removal","damage_taken":0,"max_hp_gain":0,"max_hp_loss":0,"event_name":"The Cleric","floor":12,"gold_loss":50},{"damage_healed":0,"gold_gain":0,"player_choice":"Inject Mutagens","damage_taken":0,"relics_obtained":["MutagenicStrength"],"max_hp_gain":0,"max_hp_loss":0,"event_name":"Drug Dealer","floor":30,"gold_loss":0},{"damage_healed":0,"gold_gain":100,"player_choice":"Pray","damage_taken":0,"max_hp_gain":0,"max_hp_loss":0,"event_name":"Golden Shrine","floor":31,"gold_loss":0},{"damage_healed":0,"gold_gain":333,"player_choice":"Gave Idol","damage_taken":0,"max_hp_gain":0,"max_hp_loss":0,"event_name":"The Moai Head","floor":46,"relics_lost":["Golden Idol"],"gold_loss":0},{"damage_healed":0,"gold_gain":0,"player_choice":"Leave","damage_taken":0,"max_hp_gain":0,"max_hp_loss":0,"event_name":"conspire:Investor","floor":47,"gold_loss":0}],"is_beta":false,"boss_relics":[{"not_picked":["Runic Pyramid","Sozu"],"picked":"conspire:SpecialSausage"},{"not_picked":["Replay:Grab Bag","Replay:Bronze Core"],"picked":"Busted Crown"}],"items_purged_floors":[4,10,11,15,24,40,48],"is_endless":false,"potions_floor_spawned":[5,6,14,16,19,20,22,29,36,37,41,45],"ascension_level":2}}