{"host":"8rqsnaeml9gxb0kp","time":1611127459,"event":{"mods":["AchievementEnabler","BaseMod","Dark Map","Minty Spire (QoL Compilation)","StSLib"],"gold_per_floor":[118,118,118,141,154,195,208,239,311,326,326,341,379,59,59,184,184,152,152,152,24,48,83,83,101,101,101,121,121,121,146,146,276,276,292,40,96,109,23,23,23],"floor_reached":40,"language":"ENG","playtime":2331,"items_purged":["Shame","Strike_R"],"score":474,"play_id":"db0bb78e-a05e-4b29-961c-deeefcb6a4c2","local_time":"20210119232419","is_ascension_mode":false,"campfire_choices":[{"data":"Bash","floor":11.0,"key":"SMITH"},{"data":"Pommel Strike","floor":15.0,"key":"SMITH"},{"floor":27,"key":"REST"},{"floor":29,"key":"REST"},{"floor":30,"key":"REST"},{"data":"Clothesline","floor":32,"key":"SMITH"}],"circlet_count":0,"master_deck":["Strike_R","Strike_R","Strike_R+1","Strike_R","Defend_R","Defend_R","Defend_R","Defend_R","Bash+1","Pummel","Fire Breathing","Evolve","Perfected Strike","Ghostly Armor","Thunderclap","Pommel Strike+1","Battle Trance","Reaper","Berserk","CurseOfTheBell","Reckless Charge+1","RitualDagger","Shrug It Off","Clothesline+1","Combust","Injury","Rupture+1","Clothesline","Seeing Red","Burning Pact+1","Dark Embrace","Demon Form","Cleave+1","Second Wind+1","Seeing Red+1","Whirlwind"],"relics":["Tiny House","HornCleat","Golden Idol","Centennial Puzzle","InkBottle","Self Forming Clay","White Beast Statue","Du-Vu Doll","Darkstone Periapt","Calling Bell","MealTicket","Kunai","WingedGreaves","Oddly Smooth Stone","Dream Catcher","Philosopher\u0027s Stone","Juzu Bracelet","Gambling Chip"],"acts_visited":["Exordium","TheCity","TheBeyond"],"potions_floor_usage":[23,31,31,40,40],"damage_taken":[{"damage":11.0,"enemies":"Jaw Worm","floor":1.0,"turns":2.0},{"damage":0.0,"enemies":"Small Slimes","floor":5.0,"turns":3.0},{"damage":9.0,"enemies":"3 Sentries","floor":6.0,"turns":5.0},{"damage":0.0,"enemies":"Cultist","floor":7.0,"turns":4.0},{"damage":6.0,"enemies":"Gremlin Nob","floor":8.0,"turns":4.0},{"damage":11.0,"enemies":"Exordium Wildlife","floor":10.0,"turns":4.0},{"damage":7.0,"enemies":"Blue Slaver","floor":12.0,"turns":3.0},{"damage":13.0,"enemies":"3 Sentries","floor":13.0,"turns":5.0},{"damage":26.0,"enemies":"Hexaghost","floor":16.0,"turns":12.0},{"damage":22.0,"enemies":"2 Thieves","floor":18.0,"turns":5.0},{"damage":19.0,"enemies":"Spheric Guardian","floor":22.0,"turns":5.0},{"damage":37,"enemies":"Gremlin Leader","floor":23,"turns":10},{"damage":38,"enemies":"Centurion and Healer","floor":25,"turns":4},{"damage":26,"enemies":"Chosen and Byrds","floor":28,"turns":6},{"damage":6,"enemies":"Snake Plant","floor":31,"turns":4},{"damage":89,"enemies":"Champ","floor":33,"turns":12},{"damage":42,"enemies":"3 Darklings","floor":35,"turns":4},{"damage":69,"enemies":"2 Orb Walkers","floor":37,"turns":5},{"damage":23,"enemies":"3 Shapes","floor":38,"turns":3},{"damage":36,"enemies":"Nemesis","floor":40,"turns":3}],"seed_played":"3866246122599725964","potions_obtained":[{"floor":1.0,"key":"Explosive Potion"},{"floor":10.0,"key":"Weak Potion"},{"floor":12.0,"key":"Energy Potion"},{"floor":16.0,"key":"GamblersBrew"},{"floor":18.0,"key":"PowerPotion"},{"floor":22.0,"key":"Weak Potion"},{"floor":23,"key":"Block Potion"},{"floor":25,"key":"Ancient Potion"},{"floor":28,"key":"LiquidBronze"},{"floor":31,"key":"Ancient Potion"},{"floor":33,"key":"Dexterity Potion"},{"floor":35,"key":"Weak Potion"}],"is_trial":false,"path_per_floor":["M","?","?","T","M","E","M","E","T","M","R","M","E","$","R","B",null,"M","?","?","$","M","E","?","M","T","R","M","R","R","M","R","B",null,"M","$","?","M","$","E"],"character_chosen":"IRONCLAD","items_purchased":["Reaper","Darkstone Periapt","Shrug It Off","Juzu Bracelet","Whirlwind","Explosive Potion"],"campfire_rested":3,"item_purchase_floors":[14,14,21,36,39,39],"current_hp_per_floor":[74,67,67,67,67,58,58,52,52,41,41,34,21,21,21,1,85,73,67,73,88,69,38,44,24,24,53,27,56,85,79,79,2,97,55,70,19,11,26,0,0],"gold":23,"neow_bonus":"BOSS_RELIC","is_daily":false,"chose_seed":false,"campfire_upgraded":3,"win_rate":0.0,"timestamp":1611127459,"path_taken":["M","?","?","?","M","E","?","E","T","M","R","M","E","$","R","BOSS","M","?","?","$","M","E","?","M","T","R","?","R","R","M","R","BOSS","M","$","?","M","$","E"],"items_purchased_type":["Card","Relic","Card","Relic","Card","Potion"],"build_version":"2020-12-22","purchased_purges":2,"victory":false,"max_hp_per_floor":[85,85,79,79,79,79,79,79,79,79,79,79,79,79,79,79,85,85,85,91,91,91,91,97,97,97,97,97,97,97,97,97,97,97,97,97,97,97,97,97,97],"card_choices":[{"not_picked":["Hemokinesis","Dual Wield"],"picked":"Pummel","floor":1.0},{"not_picked":["Searing Blow","Body Slam"],"picked":"Fire Breathing","floor":5.0},{"not_picked":["Flex","Exhume"],"picked":"Evolve","floor":6.0},{"not_picked":["Thunderclap","Blood for Blood"],"picked":"Perfected Strike","floor":7.0},{"not_picked":["Flex","Heavy Blade"],"picked":"Ghostly Armor","floor":8.0},{"not_picked":["Armaments","True Grit"],"picked":"Thunderclap","floor":10.0},{"not_picked":["True Grit","Seeing Red"],"picked":"Pommel Strike","floor":12.0},{"not_picked":["Flex","Anger"],"picked":"Battle Trance","floor":13.0},{"not_picked":["Impervious","Limit Break"],"picked":"Berserk","floor":16.0},{"not_picked":["Sword Boomerang","Twin Strike"],"picked":"Reckless Charge+1","floor":18.0},{"not_picked":["Anger","Hemokinesis+1"],"picked":"Clothesline","floor":22.0},{"not_picked":["Feel No Pain","Reckless Charge"],"picked":"Combust","floor":23},{"not_picked":["Perfected Strike","Brutality"],"picked":"Rupture+1","floor":25},{"not_picked":["Anger+1","Iron Wave+1"],"picked":"Clothesline","floor":27},{"not_picked":["True Grit","Warcry"],"picked":"Seeing Red","floor":28},{"not_picked":["Flex","Clothesline"],"picked":"Burning Pact+1","floor":29},{"not_picked":["True Grit","Pommel Strike"],"picked":"Dark Embrace","floor":30},{"not_picked":["Thunderclap","Anger+1","Rupture"],"picked":"SKIP","floor":31},{"not_picked":["Offering","Juggernaut"],"picked":"Demon Form","floor":33},{"not_picked":["Entrench+1","Headbutt+1"],"picked":"Cleave+1","floor":35},{"not_picked":["Disarm","Uppercut"],"picked":"Second Wind+1","floor":37},{"not_picked":["Body Slam","Shrug It Off"],"picked":"Seeing Red+1","floor":38}],"player_experience":105683,"relics_obtained":[{"floor":4.0,"key":"Centennial Puzzle"},{"floor":6.0,"key":"InkBottle"},{"floor":8.0,"key":"Self Forming Clay"},{"floor":9.0,"key":"White Beast Statue"},{"floor":13.0,"key":"Du-Vu Doll"},{"floor":17.0,"key":"MealTicket"},{"floor":17.0,"key":"Kunai"},{"floor":17.0,"key":"WingedGreaves"},{"floor":26,"key":"Dream Catcher"},{"floor":37,"key":"Gambling Chip"}],"event_choices":[{"damage_healed":0.0,"max_hp_gain":0.0,"max_hp_loss":0.0,"gold_gain":0.0,"event_name":"Scrap Ooze","player_choice":"Success","floor":2.0,"gold_loss":0.0,"damage_taken":7.0,"relics_obtained":["HornCleat"]},{"damage_healed":0.0,"max_hp_gain":0.0,"max_hp_loss":6.0,"gold_gain":0.0,"event_name":"Golden Idol","player_choice":"Lose Max HP","floor":3.0,"gold_loss":0.0,"damage_taken":0.0,"relics_obtained":["Golden Idol"]},{"damage_healed":0.0,"max_hp_gain":0.0,"max_hp_loss":0.0,"gold_gain":0.0,"event_name":"Nest","player_choice":"Joined the Cult","floor":19.0,"gold_loss":0.0,"damage_taken":6.0,"cards_obtained":["RitualDagger"]},{"damage_healed":0.0,"max_hp_gain":0.0,"max_hp_loss":0.0,"gold_gain":0.0,"event_name":"Addict","player_choice":"Stole Relic","floor":20.0,"gold_loss":0.0,"damage_taken":0.0,"relics_obtained":["Oddly Smooth Stone"],"cards_obtained":["Shame"]},{"damage_healed":0,"gold_gain":0,"player_choice":"1 cards matched","damage_taken":0,"max_hp_gain":0,"max_hp_loss":0,"event_name":"Match and Keep!","floor":24,"gold_loss":0,"cards_obtained":["Injury"]},{"damage_healed":0,"gold_gain":0,"player_choice":"Fight","damage_taken":0,"max_hp_gain":0,"max_hp_loss":0,"event_name":"Mysterious Sphere","floor":37,"gold_loss":0}],"is_beta":false,"boss_relics":[{"not_picked":["Velvet Choker","Runic Cube"],"picked":"Calling Bell"},{"not_picked":["Pandora\u0027s Box","Runic Pyramid"],"picked":"Philosopher\u0027s Stone"}],"items_purged_floors":[21,36],"is_endless":false,"potions_floor_spawned":[1,10,12,13,16,18,22,23,25,28,31,33,35,37,38],"killed_by":"Nemesis","ascension_level":0}}