{"host":"lp8gi2x5rrw4z3b7","time":1611112449,"event":{"mods":["AchievementEnabler","BaseMod","Colored Map","Downfall","Minty Spire (QoL Compilation)","Quick Restart","Rare Cards Sparkle","StSLib"],"gold_per_floor":[99,117,135,151,251,264,291,301,331,343,343,359,359,125,141,241,241,241,241,341,341,352,252,307,307,18,43,43,55,55,75,91,91,91,91],"floor_reached":33,"language":"ENG","playtime":5061,"items_purged":[],"score":294,"play_id":"71921aaa-db36-4d23-a5a4-615d7508a385","local_time":"20210119221409","is_ascension_mode":false,"campfire_choices":[{"data":"champ:Execute","floor":1.0,"key":"SMITH"},{"data":"champ:ArenaPreparation","floor":18.0,"key":"SMITH"},{"floor":23.0,"key":"REST"},{"floor":28.0,"key":"REST"}],"circlet_count":0,"master_deck":["champ:Strike+1","champ:Strike","champ:Strike","champ:Strike+1","champ:Defend","champ:Defend","champ:Execute+1","champ:Taunt","champ:FocusedBerserking","champ:Backstep","champ:ArenaPreparation+1","champ:DeathBlow","champ:Encircle","champ:StanceDance","champ:Parry","champ:PreciseThrust","champ:EndlessRage","champ:FanOfKnives","champ:UltimateStance","champ:BladeFlurry+1","champ:TornadoPunch+1","champ:FlashCut+1","expansioncontent:HyperBeam+1","expansioncontent:QuickStudy","champ:EnragedBash+1","champ:AdrenalArmor+1","Ghostly+1","Ghostly+1","Ghostly+1","Ghostly+1","Ghostly+1","champ:EnragedBash+1","champ:GutPunch+1"],"relics":["Empty Cage","Whetstone","MealTicket","Pen Nib","Black Star","Girya","Molten Egg 2","champ:BerserkersGuideToSlaughter","downfall:HeartBlessingGreen","Lantern","Oddly Smooth Stone","Toxic Egg 2"],"acts_visited":["Exordium","TheCity"],"potions_floor_usage":[33],"damage_taken":[{"damage":21.0,"enemies":"Cultist","floor":2.0,"turns":3.0},{"damage":19.0,"enemies":"2 Louse","floor":3.0,"turns":3.0},{"damage":13.0,"enemies":"Small Slimes","floor":4.0,"turns":3.0},{"damage":35.0,"enemies":"2 Fungi Beasts","floor":6.0,"turns":4.0},{"damage":63.0,"enemies":"Large Slime","floor":8.0,"turns":4.0},{"damage":48.0,"enemies":"Lagavulin","floor":9.0,"turns":6.0},{"damage":46.0,"enemies":"Blue Slaver","floor":10.0,"turns":2.0},{"damage":10.0,"enemies":"Exordium Wildlife","floor":12.0,"turns":3.0},{"damage":20.0,"enemies":"downfall:FleeingMerchant","floor":14.0,"turns":4.0},{"damage":18.0,"enemies":"Gremlin Gang","floor":15.0,"turns":3.0},{"damage":48.0,"enemies":"SI_SHIV_ARCHETYPE","floor":16.0,"turns":5.0},{"damage":0.0,"enemies":"Chosen","floor":19.0,"turns":1.0},{"damage":139.0,"enemies":"IC_STATUS_ARCHETYPE","floor":20.0,"turns":9.0},{"damage":38.0,"enemies":"3 Byrds","floor":22.0,"turns":5.0},{"damage":15.0,"enemies":"downfall:FleeingMerchant","floor":26.0,"turns":4.0},{"damage":40.0,"enemies":"Gremlin Leader","floor":27.0,"turns":5.0},{"damage":13.0,"enemies":"Snake Plant","floor":29.0,"turns":2.0},{"damage":44,"enemies":"Shelled Parasite and Fungi","floor":31,"turns":7},{"damage":42,"enemies":"Cultist and Chosen","floor":32,"turns":6},{"damage":50,"enemies":"DF_ARCHETYPE_CLAW","floor":33,"turns":7}],"seed_played":"-6961206488496830661","potions_obtained":[{"floor":2.0,"key":"EntropicBrew"},{"floor":3.0,"key":"DuplicationPotion"},{"floor":9.0,"key":"champ:UltimateStancePotion"},{"floor":22.0,"key":"Weak Potion"},{"floor":32,"key":"SkillPotion"}],"is_trial":false,"path_per_floor":["R","M","M","M","?","M","T","M","E","M","?","M","?","$","M","B",null,"R","M","?","?","M","R","T","?","$","E","R","M","?","M","M","B"],"character_chosen":"THE_CHAMP","items_purchased":["champ:EndlessRage","Pen Nib","expansioncontent:HyperBeam","expansioncontent:QuickStudy"],"campfire_rested":2,"item_purchase_floors":[14,14,26,26],"current_hp_per_floor":[90,89,85,82,82,82,82,79,71,55,55,55,55,70,62,49,90,90,90,15,15,10,37,37,37,52,37,64,51,45,45,43,0,0,0],"gold":91,"neow_bonus":"BOSS_RELIC","is_daily":false,"chose_seed":false,"campfire_upgraded":2,"win_rate":0.0,"timestamp":1611112449,"path_taken":["R","M","M","M","?","M","T","M","E","M","?","?","?","$","M","BOSS","R","M","?","?","M","R","T","?","$","E","R","M","?","M","M","BOSS"],"items_purchased_type":["Card","Relic","Card","Card"],"build_version":"2020-12-22","purchased_purges":0,"victory":false,"max_hp_per_floor":[90,90,90,90,90,90,90,90,90,90,90,90,90,90,90,90,90,90,90,90,90,90,90,90,90,90,90,90,90,45,45,45,45,45,45],"card_choices":[{"not_picked":["champ:FalseCounter","champ:Backstep"],"picked":"champ:FocusedBerserking","floor":2.0},{"not_picked":["champ:Shatter","champ:EnGarde"],"picked":"champ:Backstep","floor":3.0},{"not_picked":["champ:FancyFootwork","champ:GladiatorStyle"],"picked":"champ:ArenaPreparation","floor":4.0},{"not_picked":["champ:PreemptiveStrike","champ:Encircle"],"picked":"champ:DeathBlow","floor":6.0},{"not_picked":["champ:DefensiveShout","champ:Haymaker","champ:PreemptiveStrike"],"picked":"SKIP","floor":8.0},{"not_picked":["champ:BringItOn","champ:EnGarde"],"picked":"champ:Encircle","floor":9.0},{"not_picked":["champ:FlashCut","champ:SkillfulDodge"],"picked":"champ:StanceDance","floor":10.0},{"not_picked":["champ:FocusedDefense","champ:StanceDance"],"picked":"champ:Parry","floor":12.0},{"not_picked":["champ:FocusedDefense","champ:BerserkersShout"],"picked":"champ:PreciseThrust","floor":14.0},{"not_picked":["champ:Circumvent","champ:GutPunch"],"picked":"champ:FanOfKnives","floor":15.0},{"not_picked":["champ:SwordThrow","champ:HoldFirm"],"picked":"champ:UltimateStance","floor":16.0},{"not_picked":["champ:BringItOn","champ:FlashCut"],"picked":"champ:BladeFlurry+1","floor":19.0},{"not_picked":["champ:FlashCut+1","champ:BringItOn"],"picked":"champ:TornadoPunch+1","floor":22.0},{"not_picked":["champ:SkillfulDodge","champ:BladeFlurry+1"],"picked":"champ:FlashCut+1","floor":26.0},{"not_picked":["champ:PreciseThrust+1","champ:BerserkersShout+1"],"picked":"champ:EnragedBash+1","floor":27.0},{"not_picked":["champ:CrookedStrike+1","champ:StrikeOfGenius"],"picked":"champ:AdrenalArmor+1","floor":29.0},{"not_picked":["champ:Backstep+1","champ:Haymaker+1"],"picked":"champ:EnragedBash+1","floor":31},{"not_picked":["champ:Parry+1","champ:CrownThrow+1"],"picked":"champ:GutPunch+1","floor":32}],"player_experience":924110,"relics_obtained":[{"floor":7.0,"key":"Whetstone"},{"floor":9.0,"key":"MealTicket"},{"floor":20.0,"key":"Girya"},{"floor":20.0,"key":"Molten Egg 2"},{"floor":24.0,"key":"Lantern"},{"floor":27.0,"key":"Oddly Smooth Stone"},{"floor":27.0,"key":"Toxic Egg 2"}],"event_choices":[{"damage_healed":0.0,"max_hp_gain":0.0,"max_hp_loss":0.0,"gold_gain":0.0,"event_name":"NoteForYourself","player_choice":"Ignored","floor":11.0,"gold_loss":0.0,"damage_taken":0.0},{"damage_healed":0.0,"max_hp_gain":0.0,"max_hp_loss":0.0,"gold_gain":0.0,"event_name":"Vampires","player_choice":"Ignored","floor":25.0,"gold_loss":0.0,"damage_taken":0.0},{"damage_healed":0.0,"max_hp_gain":0.0,"max_hp_loss":45.0,"gold_gain":0.0,"event_name":"Ghosts","player_choice":"Became a Ghost","floor":30.0,"gold_loss":0.0,"damage_taken":0.0,"cards_obtained":["Ghostly","Ghostly","Ghostly","Ghostly","Ghostly"]}],"is_beta":false,"boss_relics":[{"not_picked":["Snecko Eye","Fusion Hammer"],"picked":"Black Star"}],"items_purged_floors":[],"is_endless":false,"potions_floor_spawned":[2,3,9,10,12,22,32],"killed_by":"DF_ARCHETYPE_CLAW","ascension_level":0}}