{"host":"uimu98mr9zvwuo5s","time":1611151167,"event":{"mods":["Aspiration","BaseMod","Better Note","Better Third Choice","BetterRewards","Conspire","GifTheSpireLib","Highlight Path","Hubris","Infinite Spire","Jedi Mod","Magitek Elite","Minty Spire (QoL Compilation)","Rare Cards Sparkle","Replay The Spire","Shop Mod","Spicy Shops","StSLib","Stuff the Spire","Uncapped","vexMod"],"gold_per_floor":[110,110,127,127,144,144,163,163,163,179,179,198,33,47,47,144,144,155,155,174,174,185,185,210,210,210,222,255,272,18,38,38,139,139,153,153,167,179,6,36,36,62,62,62,62,62,76,126,126,230,230,238,238,238],"floor_reached":53,"language":"ENG","playtime":2865,"items_purged":["Strike_B","Strike_B+1","Strike_B+1","Dualcast","Zap"],"score":1276,"play_id":"a9abd150-5792-4a4e-a742-7a026381b3ce","local_time":"20210120085927","is_ascension_mode":false,"campfire_choices":[{"data":"Darkness","floor":6,"key":"SMITH"},{"data":"Storm","floor":8,"key":"SMITH"},{"floor":15,"key":"DIG"},{"data":"conspire:Banana","floor":23,"key":"SMITH"},{"data":"FIFO Queue","floor":25,"key":"SMITH"},{"data":"infinitespire:Oblivion","floor":32,"key":"SMITH"},{"data":"Double Energy","floor":44,"key":"SMITH"},{"data":"Steam","floor":46,"key":"SMITH"},{"data":"Thunder Strike","floor":49,"key":"SMITH"}],"circlet_count":0,"master_deck":["Defend_B+1","Defend_B","Defend_B","Storm+1","Double Energy+1","conspire:Banana+1","Darkness+1","Darkness+1","Capacitor+1","Reinforced Body","Buffer+1","Heatsinks+1","ReplayRNGCard+1","infinitespire:Oblivion+1","FIFO Queue+1","infinitespire:Oblivion+1","Steam+1","Thunder Strike+1","Pot Of Greed","Pot Of Greed"],"relics":["Cracked Core","MerchantsRug","Carrot","infinitespire:BottledMercury","vexMod:Spyglass","jedi:superconductor","Happy Flower","hubris:64BitClover","ReplayTheSpireMod:Shallot","Strange Spoon","infinitespire:Bottled Soul","Raider\u0027s Mask","Bottled Tornado","Gem_Box","Blood Vial","jedi:crownofsimplicity","Lantern","Unceasing Top","infinitespire:Broken Mirror","infinitespire:SolderingIron","Simple Rune","Vajra","Nuclear Battery","conspire:GlowingRock","jedi:gremlinknob","conspire:RunicOctahedron","Grinning Jar"],"acts_visited":["Exordium","TheCity","TheBeyond","Exordium"],"potions_floor_usage":[24],"damage_taken":[{"damage":0,"enemies":"Small Slimes","floor":1,"turns":3},{"damage":0,"enemies":"Cultist","floor":3,"turns":3},{"damage":0,"enemies":"2 Louse","floor":5,"turns":1},{"damage":5,"enemies":"Exordium Wildlife","floor":7,"turns":4},{"damage":0,"enemies":"Blue Slaver","floor":10,"turns":3},{"damage":0,"enemies":"2 Fungi Beasts","floor":12,"turns":2},{"damage":0,"enemies":"Exordium Thugs","floor":14,"turns":3},{"damage":0,"enemies":"The Guardian","floor":16,"turns":4},{"damage":0,"enemies":"Chosen","floor":18,"turns":3},{"damage":0,"enemies":"2 Thieves","floor":20,"turns":3},{"damage":0,"enemies":"Snecko","floor":22,"turns":3},{"damage":48,"enemies":"Nightmare","floor":24,"turns":5},{"damage":0,"enemies":"Snake Plant","floor":27,"turns":2},{"damage":0,"enemies":"Book of Stabbing","floor":28,"turns":4},{"damage":0,"enemies":"3 Cultists","floor":29,"turns":3},{"damage":7,"enemies":"Centurion and Healer","floor":31,"turns":2},{"damage":18,"enemies":"hubris:MusketHawk","floor":33,"turns":4},{"damage":16,"enemies":"3 Shapes","floor":35,"turns":3},{"damage":0,"enemies":"3 Darklings","floor":37,"turns":2},{"damage":0,"enemies":"Writhing Mass","floor":38,"turns":3},{"damage":0,"enemies":"Nemesis","floor":40,"turns":3},{"damage":0,"enemies":"R_Hoarder","floor":42,"turns":5},{"damage":0,"enemies":"Maw","floor":47,"turns":3},{"damage":0,"enemies":"Mind Bloom Boss Battle","floor":48,"turns":3},{"damage":30,"enemies":"infinitespire:MassOfShapes","floor":50,"turns":8},{"damage":0,"enemies":"Small Slimes","floor":52,"turns":1},{"damage":0,"enemies":"2 Louse","floor":53,"turns":1}],"seed_played":"5671351397105238024","potions_obtained":[{"floor":10,"key":"SkillPotion"},{"floor":14,"key":"SneckoOil"},{"floor":24,"key":"Block Potion"},{"floor":28,"key":"Fire Potion"},{"floor":29,"key":"BlessingOfTheForge"},{"floor":31,"key":"LiquidBronze"},{"floor":33,"key":"Languid Potion"},{"floor":37,"key":"Energy Potion"},{"floor":47,"key":"DistilledChaos"},{"floor":50,"key":"ColorlessPotion"}],"is_trial":false,"path_per_floor":["M","?","M","?","M","R","M","R","T","M","?","M","$","M","R","B",null,"M","AVR","M","?","M","R","NM","R","T","M","E","M","$","M","R","B",null,"M","?","M","M","$","E","?","E","T","R","AVR","R","M","?","R","B",null,"M","M"],"character_chosen":"DEFECT","items_purchased":["MerchantsRug","Storm","Carrot","infinitespire:BottledMercury","Double Energy","vexMod:Spyglass","jedi:superconductor","Happy Flower","conspire:Banana","hubris:64BitClover","ReplayTheSpireMod:Shallot","Strange Spoon","infinitespire:Bottled Soul","Darkness","Capacitor","BargainBundle","Raider\u0027s Mask","Bottled Tornado","Lantern","Unceasing Top","infinitespire:SolderingIron"],"campfire_rested":0,"item_purchase_floors":[0,0,0,0,0,0,0,0,0,0,0,0,0,0,0,0,0,13,30,30,39],"current_hp_per_floor":[70,76,77,77,78,78,74,74,74,75,75,76,76,77,77,78,83,85,85,87,87,89,89,45,45,45,47,60,62,62,57,57,49,112,100,116,116,120,120,122,122,126,126,126,126,126,130,134,134,106,136,136,136,136],"gold":238,"neow_bonus":"","is_daily":false,"chose_seed":false,"campfire_upgraded":8,"win_rate":0.0,"timestamp":1611151167,"path_taken":["M","?","M","?","M","R","M","R","T","M","?","M","$","M","R","BOSS","M","AVR","M","?","M","R","NM","R","T","M","E","M","?","M","R","BOSS","M","?","M","M","$","E","?","E","T","R","AVR","R","M","?","R","BOSS","M","M"],"items_purchased_type":["Relic","Card","Relic","Relic","Card","Relic","Relic","Relic","Card","Relic","Relic","Relic","Relic","Card","Card","Relic","Relic","Relic","Relic","Relic","Relic"],"build_version":"2020-12-22","purchased_purges":5,"victory":false,"max_hp_per_floor":[76,76,77,77,78,78,79,79,79,80,80,81,81,82,82,83,83,85,85,87,87,89,89,93,93,93,93,104,104,104,104,104,112,112,116,116,116,120,120,122,122,126,126,126,126,126,130,134,134,136,136,136,136,136],"card_choices":[{"not_picked":["StuffTheSpire:GlassShard","Self Repair","Coolheaded"],"picked":"SKIP","floor":1},{"not_picked":["Conserve Battery","BasicCrystalCard","jedi:blockon"],"picked":"SKIP","floor":3},{"not_picked":["Aggregate","Skim","Hello World"],"picked":"SKIP","floor":5},{"not_picked":["Barrage","Leap"],"picked":"Reinforced Body","floor":7},{"not_picked":["Static Discharge","Sweeping Beam","Consume"],"picked":"SKIP","floor":10},{"not_picked":["Beam Cell","All For One","StuffTheSpire:NuclearReactor"],"picked":"SKIP","floor":12},{"not_picked":["Rebound","ReplayTheSpireMod:Reroute Power"],"picked":"Heatsinks","floor":14},{"not_picked":["jedi:studyfrost","Rainbow"],"picked":"ReplayRNGCard","floor":16},{"not_picked":["Hologram+1","BootSequence+1","StuffTheSpire:LoadUp"],"picked":"SKIP","floor":18},{"not_picked":["Reprogram+1","Redo","Recycle"],"picked":"SKIP","floor":20},{"not_picked":["Leap","Rip and Tear"],"picked":"FIFO Queue","floor":22},{"not_picked":["hubris:Fate","infinitespire:FutureSight"],"picked":"infinitespire:Oblivion","floor":24},{"not_picked":["Loop+1","Hologram+1","jedi:BurstLightning"],"picked":"SKIP","floor":24},{"not_picked":["StuffTheSpire:LoadUp+1","conspire:SharedLibrary+1"],"picked":"Steam","floor":27},{"not_picked":["jedi:hex","ReplayTheSpireMod:System Scan+1","Leap+1"],"picked":"SKIP","floor":28},{"not_picked":["Chill","jedi:BurstLightning","Static Discharge"],"picked":"SKIP","floor":29},{"not_picked":["FIFO Queue+1","BasicCrystalCard+1","Undo+1"],"picked":"SKIP","floor":31},{"not_picked":["jedi:BurstLightning+1","Leap+1","Panic Button"],"picked":"SKIP","floor":35},{"not_picked":["Hello World","Skim","Leap+1"],"picked":"SKIP","floor":37},{"not_picked":["Storm","Barrage","Blizzard"],"picked":"SKIP","floor":38},{"not_picked":["Genetic Algorithm","Self Repair+1","Scrape"],"picked":"SKIP","floor":40},{"not_picked":["Chill","Hologram","Fission"],"picked":"SKIP","floor":42},{"not_picked":["StuffTheSpire:Synthwave+1","Stack+1","Conserve Battery+1"],"picked":"SKIP","floor":47},{"not_picked":["ReplayGash","Force Field","Reprogram"],"picked":"SKIP","floor":52}],"player_experience":240057,"relics_obtained":[{"floor":9,"key":"Letter Opener"},{"floor":14,"key":"infinitespire:Lucky Rock"},{"floor":15,"key":"Whetstone"},{"floor":24,"key":"Blood Vial"},{"floor":26,"key":"jedi:crownofsimplicity"},{"floor":28,"key":"Strawberry"},{"floor":31,"key":"infinitespire:Broken Mirror"},{"floor":40,"key":"Simple Rune"},{"floor":43,"key":"Vajra"},{"floor":48,"key":"jedi:gremlinknob"},{"floor":52,"key":"Grinning Jar"}],"event_choices":[{"damage_healed":0,"gold_gain":0,"player_choice":"Upgraded","damage_taken":0,"max_hp_gain":0,"max_hp_loss":0,"event_name":"Upgrade Shrine","floor":4,"gold_loss":0,"cards_upgraded":["Darkness"]},{"damage_healed":0,"gold_gain":0,"cards_transformed":["Strike_B"],"player_choice":"Transformed","damage_taken":0,"max_hp_gain":0,"max_hp_loss":0,"event_name":"Transmorgrifier","floor":11,"gold_loss":0,"cards_obtained":["Buffer"]},{"cards_removed":["infinitespire:Oblivion"],"damage_healed":0,"gold_gain":0,"player_choice":"Give","damage_taken":0,"max_hp_gain":0,"max_hp_loss":0,"event_name":"betterNote:BetterNote","floor":21,"gold_loss":0,"cards_obtained":["None"]},{"damage_healed":16,"gold_gain":0,"player_choice":"Full Heal","damage_taken":0,"max_hp_gain":0,"max_hp_loss":0,"event_name":"Wheel of Change","floor":36,"gold_loss":0},{"damage_healed":0,"gold_gain":0,"cards_transformed":["Defend_B"],"player_choice":"Transformed","damage_taken":0,"max_hp_gain":0,"max_hp_loss":0,"event_name":"Transmorgrifier","floor":41,"gold_loss":0,"cards_obtained":["Thunder Strike"]},{"damage_healed":0,"gold_gain":0,"player_choice":"Fight","damage_taken":0,"max_hp_gain":0,"max_hp_loss":0,"event_name":"MindBloom","floor":48,"gold_loss":0}],"is_beta":false,"boss_relics":[{"not_picked":["Astrolabe","aspiration:BursterCore"],"picked":"Gem_Box"},{"not_picked":["ReplayTheSpireMod:SealedPack","Fusion Hammer"],"picked":"vexMod:ImprovementManual"},{"not_picked":["StuffTheSpire:RunicConfusion","aspiration:IroncladSkillbook"],"picked":"conspire:RunicOctahedron"}],"items_purged_floors":[0,19,39,39,45],"is_endless":true,"potions_floor_spawned":[10,14,24,28,29,31,33,37,38,47,50],"killed_by":"2 Louse","ascension_level":0}}