{"host":"mai03x2ekbjy4059","time":1611118822,"event":{"mods":["2.2 Compatiblity","BaseMod","Colored Map","DeckTracker","Keyboard Shortcuts","Minty Spire (QoL Compilation)","Permanent Neow","Quick Restart","SuperFastMode","everything is the same but u backflip on backflip"],"gold_per_floor":[111,111,111,36,51,82,82,112,112,112,137,137,167,199,199,300,300,311,410,410,421,436,436,447,476,522,548,304,316,345,359,359,463,463,482,482,357,374,374,406,416,450,501,536,556,576,576,605,605,605,605,605,14,39,39],"floor_reached":56,"language":"KOR","playtime":2014,"items_purged":["Strike_G","Strike_G","Strike_G","Defend_G"],"score":1556,"play_id":"41a7cc2d-d19c-4fb5-9ce1-cc3733efd5e3","local_time":"20210120140022","is_ascension_mode":true,"campfire_choices":[{"floor":7.0,"key":"REST"},{"floor":10.0,"key":"REST"},{"floor":12.0,"key":"REST"},{"data":"Envenom","floor":15.0,"key":"SMITH"},{"data":"A Thousand Cuts","floor":23.0,"key":"SMITH"},{"data":"Accuracy","floor":32.0,"key":"SMITH"},{"floor":49.0,"key":"RECALL"},{"data":"Accuracy","floor":52.0,"key":"SMITH"}],"circlet_count":0,"master_deck":["Defend_G","Defend_G","Survivor","Neutralize+1","Envenom+1","Gash+1","Deflect","Cloak And Dagger","Blade Dance","Accuracy+1","Cloak And Dagger","Blade Dance","A Thousand Cuts+1","Blur","Accuracy+1","Madness","Madness","Cloak And Dagger+1","Footwork","Bandage Up","Trip","Swift Strike","Footwork","Apotheosis","Blur"],"relics":["Ring of the Snake","Matryoshka","Snake Skull","Dream Catcher","Sundial","Du-Vu Doll","Turnip","Orichalcum","Busted Crown","Lantern","Art of War","HornCleat","ClockworkSouvenir","Juzu Bracelet","Black Star","Girya","Bag of Marbles","Blood Vial","Whetstone","Ninja Scroll","Question Card","Anchor","Molten Egg 2","Pen Nib","Boot","Mango"],"acts_visited":["Exordium","TheCity","TheBeyond","TheEnding"],"potions_floor_usage":[55,55],"damage_taken":[{"damage":0.0,"enemies":"Small Slimes","floor":1.0,"turns":4.0},{"damage":0.0,"enemies":"Cultist","floor":5.0,"turns":4.0},{"damage":34.0,"enemies":"Lagavulin","floor":6.0,"turns":9.0},{"damage":28.0,"enemies":"Gremlin Nob","floor":8.0,"turns":5.0},{"damage":17.0,"enemies":"3 Sentries","floor":11.0,"turns":9.0},{"damage":9.0,"enemies":"Lagavulin","floor":14.0,"turns":6.0},{"damage":13.0,"enemies":"Hexaghost","floor":16.0,"turns":9.0},{"damage":7.0,"enemies":"2 Thieves","floor":18.0,"turns":4.0},{"damage":1.0,"enemies":"Chosen","floor":21.0,"turns":4.0},{"damage":0.0,"enemies":"Centurion and Healer","floor":22.0,"turns":5.0},{"damage":0.0,"enemies":"Cultist and Chosen","floor":24.0,"turns":4.0},{"damage":28.0,"enemies":"Book of Stabbing","floor":25.0,"turns":5.0},{"damage":5.0,"enemies":"Gremlin Leader","floor":27.0,"turns":6.0},{"damage":0.0,"enemies":"3 Cultists","floor":29.0,"turns":4.0},{"damage":8.0,"enemies":"Slavers","floor":30.0,"turns":3.0},{"damage":0.0,"enemies":"Snecko","floor":31.0,"turns":3.0},{"damage":0.0,"enemies":"Automaton","floor":33.0,"turns":6.0},{"damage":8.0,"enemies":"3 Darklings","floor":35.0,"turns":4.0},{"damage":0.0,"enemies":"3 Shapes","floor":38.0,"turns":3.0},{"damage":11.0,"enemies":"Giant Head","floor":40.0,"turns":7.0},{"damage":7.0,"enemies":"Maw","floor":41.0,"turns":6.0},{"damage":14.0,"enemies":"Reptomancer","floor":42.0,"turns":5.0},{"damage":0.0,"enemies":"Nemesis","floor":44.0,"turns":5.0},{"damage":1.0,"enemies":"Writhing Mass","floor":45.0,"turns":4.0},{"damage":16.0,"enemies":"Spire Growth","floor":46.0,"turns":5.0},{"damage":7.0,"enemies":"Reptomancer","floor":48.0,"turns":3.0},{"damage":7.0,"enemies":"Awakened One","floor":50.0,"turns":9.0},{"damage":26.0,"enemies":"Shield and Spear","floor":54.0,"turns":5.0},{"damage":54,"enemies":"The Heart","floor":55,"turns":8}],"seed_played":"-7607497983831191464","potions_obtained":[{"floor":6.0,"key":"Dexterity Potion"},{"floor":11.0,"key":"EssenceOfSteel"},{"floor":14.0,"key":"Dexterity Potion"},{"floor":27.0,"key":"Block Potion"},{"floor":30.0,"key":"Fruit Juice"},{"floor":33.0,"key":"Weak Potion"},{"floor":38.0,"key":"EntropicBrew"},{"floor":40.0,"key":"PowerPotion"},{"floor":48.0,"key":"EntropicBrew"},{"floor":54.0,"key":"SteroidPotion"}],"is_trial":false,"path_per_floor":["M","?","?","$","M","E","R","E","T","R","E","R","?","E","R","B",null,"M","?","?","M","M","R","M","E","T","E","$","M","E","M","R","B",null,"M","?","$","M","?","E","M","E","T","E","M","M","?","E","R","B",null,"R","$","E","B",null],"character_chosen":"THE_SILENT","items_purchased":["ClockworkSouvenir","Footwork","Pen Nib","Apotheosis","Blur"],"campfire_rested":3,"item_purchase_floors":[28,53,53,53,53],"current_hp_per_floor":[49,42,42,42,42,8,29,1,1,22,5,26,26,17,17,4,70,63,63,63,62,62,62,62,34,34,29,29,29,26,26,26,26,75,67,58,58,58,58,47,40,26,26,28,29,15,5,4,4,3,75,75,75,63,17],"gold":39,"neow_bonus":"THREE_RARE_CARDS","is_daily":false,"chose_seed":false,"campfire_upgraded":4,"win_rate":0.0,"timestamp":1611118822,"path_taken":["M","?","?","$","?","E","R","E","T","R","E","R","?","E","R","BOSS","M","?","?","M","?","R","M","E","T","E","$","M","E","M","R","BOSS","M","?","$","M","?","E","M","E","T","E","M","M","?","E","R","BOSS","R","$","E","BOSS"],"items_purchased_type":["Relic","Card","Relic","Card","Card"],"build_version":"2020-12-22","purchased_purges":4,"victory":true,"max_hp_per_floor":[70,70,70,70,70,70,70,70,70,70,70,70,70,70,70,70,70,70,70,70,70,70,70,70,70,70,70,70,70,75,75,75,75,75,75,75,75,75,75,75,75,75,75,75,75,75,75,75,75,75,75,75,75,89,89],"card_choices":[{"not_picked":["Venomology","Corpse Explosion"],"picked":"Envenom","floor":0.0},{"not_picked":["PiercingWail","Dodge and Roll","Outmaneuver"],"picked":"SKIP","floor":1.0},{"not_picked":["Flying Knee","Riddle With Holes"],"picked":"Deflect","floor":5.0},{"not_picked":["Predator","Heel Hook"],"picked":"Cloak And Dagger","floor":6.0},{"not_picked":["Deadly Poison","Acrobatics"],"picked":"Blade Dance","floor":8.0},{"not_picked":["Poisoned Stab","Masterful Stab"],"picked":"Accuracy","floor":10.0},{"not_picked":["Flying Knee","Bane","Noxious Fumes"],"picked":"SKIP","floor":11.0},{"not_picked":["Poisoned Stab","Grand Finale"],"picked":"Cloak And Dagger","floor":12.0},{"not_picked":["Riddle With Holes","Distraction","Noxious Fumes"],"picked":"SKIP","floor":14.0},{"not_picked":[],"picked":"Blade Dance","floor":18.0},{"not_picked":[],"picked":"Blur","floor":21.0},{"not_picked":["Deadly Poison"],"picked":"SKIP","floor":22.0},{"not_picked":["Dash"],"picked":"SKIP","floor":24.0},{"not_picked":["All Out Attack"],"picked":"SKIP","floor":25.0},{"not_picked":[],"picked":"Accuracy","floor":27.0},{"not_picked":["Tactician"],"picked":"SKIP","floor":29.0},{"not_picked":["Underhanded Strike"],"picked":"SKIP","floor":30.0},{"not_picked":["PiercingWail+1"],"picked":"SKIP","floor":31.0},{"not_picked":["Eviscerate+1"],"picked":"SKIP","floor":35.0},{"not_picked":["Predator"],"picked":"SKIP","floor":38.0},{"not_picked":["Dagger Throw+1"],"picked":"SKIP","floor":40.0},{"not_picked":[],"picked":"Cloak And Dagger+1","floor":41.0},{"not_picked":["Quick Slash"],"picked":"SKIP","floor":42.0},{"not_picked":["Poisoned Stab"],"picked":"SKIP","floor":44.0},{"not_picked":["Dodge and Roll+1"],"picked":"Footwork","floor":45.0},{"not_picked":["Caltrops","Flying Knee"],"picked":"SKIP","floor":46.0},{"not_picked":["Enlightenment"],"picked":"Bandage Up","floor":47.0},{"not_picked":["Madness"],"picked":"Trip","floor":47.0},{"not_picked":["Deep Breath"],"picked":"Swift Strike","floor":47.0},{"not_picked":["Well Laid Plans+1","Dagger Spray+1"],"picked":"SKIP","floor":48.0},{"not_picked":["Malaise","Flechettes+1"],"picked":"SKIP","floor":54.0}],"player_experience":1103742,"relics_obtained":[{"floor":6.0,"key":"Matryoshka"},{"floor":8.0,"key":"Snake Skull"},{"floor":9.0,"key":"Dream Catcher"},{"floor":9.0,"key":"Sundial"},{"floor":11.0,"key":"Du-Vu Doll"},{"floor":14.0,"key":"Orichalcum"},{"floor":25.0,"key":"Lantern"},{"floor":26.0,"key":"Art of War"},{"floor":27.0,"key":"HornCleat"},{"floor":30.0,"key":"Juzu Bracelet"},{"floor":40.0,"key":"Girya"},{"floor":42.0,"key":"Bag of Marbles"},{"floor":42.0,"key":"Blood Vial"},{"floor":43.0,"key":"Whetstone"},{"floor":44.0,"key":"Ninja Scroll"},{"floor":44.0,"key":"Question Card"},{"floor":48.0,"key":"Anchor"},{"floor":48.0,"key":"Molten Egg 2"},{"floor":54.0,"key":"Boot"},{"floor":54.0,"key":"Mango"}],"event_choices":[{"cards_removed":["Defend_G"],"damage_healed":0.0,"max_hp_gain":0.0,"max_hp_loss":0.0,"gold_gain":0.0,"event_name":"Golden Wing","player_choice":"Card Removal","floor":2.0,"gold_loss":0.0,"damage_taken":7.0},{"cards_removed":["Strike_G"],"damage_healed":0.0,"max_hp_gain":0.0,"max_hp_loss":0.0,"gold_gain":0.0,"event_name":"NoteForYourself","player_choice":"Took Card","floor":3.0,"gold_loss":0.0,"damage_taken":0.0,"cards_obtained":["Gash"]},{"damage_healed":0.0,"max_hp_gain":0.0,"max_hp_loss":0.0,"gold_gain":30.0,"event_name":"Dead Adventurer","player_choice":"Searched \u00273\u0027 times","floor":13.0,"gold_loss":0.0,"damage_taken":0.0,"relics_obtained":["Turnip"]},{"damage_healed":0.0,"max_hp_gain":0.0,"max_hp_loss":0.0,"gold_gain":99.0,"event_name":"Nest","player_choice":"Stole From Cult","floor":19.0,"gold_loss":0.0,"damage_taken":0.0},{"damage_healed":0.0,"max_hp_gain":0.0,"max_hp_loss":0.0,"gold_gain":0.0,"cards_transformed":["Strike_G"],"event_name":"Transmorgrifier","player_choice":"Transformed","floor":20.0,"gold_loss":0.0,"damage_taken":0.0,"cards_obtained":["A Thousand Cuts"]},{"damage_healed":0.0,"max_hp_gain":0.0,"max_hp_loss":0.0,"gold_gain":0.0,"event_name":"Winding Halls","player_choice":"Embrace Madness","floor":36.0,"gold_loss":0.0,"damage_taken":9.0,"cards_obtained":["Madness","Madness"]},{"cards_removed":["Defend_G"],"damage_healed":0.0,"max_hp_gain":0.0,"max_hp_loss":0.0,"gold_gain":0.0,"event_name":"Falling","player_choice":"Removed Skill","floor":39.0,"gold_loss":0.0,"damage_taken":0.0},{"damage_healed":0.0,"max_hp_gain":0.0,"max_hp_loss":0.0,"gold_gain":0.0,"event_name":"SensoryStone","player_choice":"Memory 3","floor":47.0,"gold_loss":0.0,"damage_taken":10.0}],"is_beta":false,"boss_relics":[{"not_picked":["Cursed Key","Calling Bell"],"picked":"Busted Crown"},{"not_picked":["Tiny House","Runic Dome"],"picked":"Black Star"}],"items_purged_floors":[4,28,37,53],"is_endless":false,"potions_floor_spawned":[6,11,14,18,22,24,27,30,33,38,40,44,48,54],"ascension_level":1}}