{"host":"ydg0vn0pu4pubmdt","time":1611177370,"event":{"mods":["AchievementEnabler","BaseMod","Colored Map","Gold Saver","Minty Spire (QoL Compilation)","Quick Restart","SuperFastMode"],"gold_per_floor":[112,112,37,37,52,52,52,82,82,82,82,82,82,93,105,105,177,177,195,210,110,122,142,142,173,173,173,184,184,198,198,98,98,98,98],"floor_reached":34,"language":"KOR","playtime":986,"items_purged":["Strike_G","Expertise","Phantasmal Killer"],"score":536,"play_id":"fea87d29-d2d5-4d32-9d7a-221a7f283c7a","local_time":"20210121061610","is_ascension_mode":true,"campfire_choices":[{"data":"Dagger Spray","floor":7.0,"key":"SMITH"},{"data":"Cloak And Dagger","floor":9.0,"key":"SMITH"},{"data":"Neutralize","floor":11.0,"key":"SMITH"},{"data":"Blade Dance","floor":16.0,"key":"SMITH"},{"data":"Blade Dance","floor":24.0,"key":"SMITH"},{"data":"After Image","floor":26.0,"key":"SMITH"},{"data":"Well Laid Plans","floor":31,"key":"SMITH"},{"data":"Glass Knife","floor":33,"key":"SMITH"}],"circlet_count":0,"master_deck":["AscendersBane","Survivor","Neutralize+1","Dagger Spray+1","Cloak And Dagger+1","Blade Dance+1","Glass Knife+1","Sucker Punch","Backstab","Deadly Poison","Backstab","After Image+1","Leg Sweep","Well Laid Plans+1","Blade Dance+1"],"relics":["Ring of the Snake","NeowsBlessing","Blood Vial","Singing Bowl","Pandora\u0027s Box","Red Mask","The Courier"],"acts_visited":["Exordium","TheCity"],"potions_floor_usage":[34,34],"damage_taken":[{"damage":0.0,"enemies":"2 Louse","floor":1.0,"turns":1.0},{"damage":0.0,"enemies":"Small Slimes","floor":5.0,"turns":1.0},{"damage":0.0,"enemies":"Gremlin Nob","floor":8.0,"turns":1.0},{"damage":0.0,"enemies":"Jaw Worm","floor":14.0,"turns":3.0},{"damage":15.0,"enemies":"Gremlin Gang","floor":15.0,"turns":4.0},{"damage":52.0,"enemies":"Slime Boss","floor":17.0,"turns":11.0},{"damage":0.0,"enemies":"3 Byrds","floor":19.0,"turns":4.0},{"damage":7.0,"enemies":"2 Thieves","floor":20.0,"turns":4.0},{"damage":7.0,"enemies":"Centurion and Healer","floor":22.0,"turns":5.0},{"damage":7.0,"enemies":"Sentry and Sphere","floor":23.0,"turns":4.0},{"damage":10.0,"enemies":"Masked Bandits","floor":25.0,"turns":3.0},{"damage":6.0,"enemies":"Snecko","floor":28.0,"turns":5.0},{"damage":4,"enemies":"Centurion and Healer","floor":30,"turns":5},{"damage":58,"enemies":"Collector","floor":34,"turns":8}],"seed_played":"4675811566440495797","potions_obtained":[{"floor":8.0,"key":"Fire Potion"},{"floor":14.0,"key":"AttackPotion"},{"floor":17.0,"key":"Swift Potion"},{"floor":19.0,"key":"Ancient Potion"}],"is_trial":false,"path_per_floor":["M","?","$","$","M","?","R","E","R","T","R","?","$","M","M","R","B",null,"M","M","$","M","M","R","?","R","T","M","?","M","R","$","R","B"],"character_chosen":"THE_SILENT","items_purchased":[],"campfire_rested":0,"item_purchase_floors":[],"current_hp_per_floor":[59,64,64,64,64,64,64,64,64,64,64,64,64,68,55,55,5,56,58,53,53,50,47,47,41,41,41,39,39,39,39,39,39,0,0],"gold":98,"neow_bonus":"THREE_ENEMY_KILL","is_daily":false,"chose_seed":false,"campfire_upgraded":8,"win_rate":0.0,"timestamp":1611177370,"path_taken":["M","?","$","$","M","?","R","E","R","T","R","?","?","M","M","R","BOSS","M","?","$","M","M","R","?","R","T","M","?","M","R","?","R","BOSS"],"items_purchased_type":[],"build_version":"2020-12-22","purchased_purges":3,"victory":false,"max_hp_per_floor":[66,71,71,71,71,71,71,71,71,71,71,71,71,73,73,73,73,73,73,73,73,75,77,77,79,79,79,81,81,83,83,83,83,83,83],"card_choices":[{"not_picked":["Sucker Punch","Prepared","Bane"],"picked":"SKIP","floor":1.0},{"not_picked":["Quick Slash","Backstab"],"picked":"Dagger Spray","floor":5.0},{"not_picked":["PiercingWail","Footwork"],"picked":"Cloak And Dagger","floor":8.0},{"not_picked":["Setup","Leg Sweep","Acrobatics"],"picked":"Singing Bowl","floor":14.0},{"not_picked":["Deflect","Setup"],"picked":"Blade Dance","floor":15.0},{"not_picked":["Corpse Explosion","Burst"],"picked":"Glass Knife","floor":17.0},{"not_picked":["Terror","Caltrops"],"picked":"Well Laid Plans","floor":19.0},{"not_picked":["Dagger Throw","Acrobatics"],"picked":"Blade Dance","floor":20.0},{"not_picked":["Distraction","Slice","Predator"],"picked":"Singing Bowl","floor":22.0},{"not_picked":["Backflip","Dagger Spray","Infinite Blades"],"picked":"Singing Bowl","floor":23.0},{"not_picked":["Skewer","Poisoned Stab","Infinite Blades"],"picked":"Singing Bowl","floor":25.0},{"not_picked":["Sucker Punch","Slice","Dagger Throw"],"picked":"Singing Bowl","floor":28.0},{"not_picked":["Dagger Spray","Sucker Punch","Outmaneuver"],"picked":"Singing Bowl","floor":30}],"player_experience":510070,"relics_obtained":[{"floor":8.0,"key":"Blood Vial"},{"floor":10.0,"key":"Singing Bowl"},{"floor":25.0,"key":"Red Mask"},{"floor":27.0,"key":"The Courier"}],"event_choices":[{"damage_healed":0.0,"max_hp_gain":5.0,"max_hp_loss":0.0,"gold_gain":0.0,"event_name":"Big Fish","player_choice":"Donut","floor":2.0,"gold_loss":0.0,"damage_taken":0.0},{"damage_healed":0.0,"max_hp_gain":0.0,"max_hp_loss":0.0,"gold_gain":0.0,"event_name":"Liars Game","player_choice":"Ignored","floor":6.0,"gold_loss":0.0,"damage_taken":0.0},{"cards_removed":["Defend_G"],"damage_healed":0.0,"max_hp_gain":0.0,"max_hp_loss":0.0,"gold_gain":0.0,"event_name":"Living Wall","player_choice":"Forget","floor":12.0,"gold_loss":0.0,"damage_taken":0.0},{"damage_healed":0.0,"max_hp_gain":0.0,"max_hp_loss":0.0,"gold_gain":0.0,"event_name":"Masked Bandits","player_choice":"Fought Bandits","floor":25.0,"gold_loss":0.0,"damage_taken":0.0},{"damage_healed":0,"gold_gain":0,"player_choice":"Ignored","damage_taken":0,"max_hp_gain":0,"max_hp_loss":0,"event_name":"The Mausoleum","floor":29,"gold_loss":0}],"is_beta":false,"boss_relics":[{"not_picked":["HoveringKite","Astrolabe"],"picked":"Pandora\u0027s Box"}],"items_purged_floors":[3,21,32],"is_endless":false,"potions_floor_spawned":[8,14,17,19,23,25],"killed_by":"Collector","ascension_level":19}}