{"host":"18wi9kpcl4eah7pe","time":1611123097,"event":{"mods":["BaseMod","Colored Powertips","Downfall","Minty Spire (QoL Compilation)","StSLib"],"gold_per_floor":[99,99,99,99,117,292,318,348,368,402,402,402,202,217,233,330,380,380,395,395,395,138,155,155,174,174,174,174],"floor_reached":26,"language":"ENG","playtime":756,"items_purged":[],"score":252,"play_id":"2a9162c6-256a-46c5-89a4-90a9c4d40567","local_time":"20210120001137","is_ascension_mode":true,"campfire_choices":[{"floor":1.0,"key":"RECALL"},{"floor":13.0,"key":"REST"},{"data":"bronze:HardenedForm","floor":18.0,"key":"SMITH"}],"circlet_count":0,"master_deck":["bronze:Strike","bronze:Strike","bronze:Strike","bronze:Strike","bronze:Defend","bronze:Defend","bronze:Defend","bronze:Defend+1","bronze:Replicate","bronze:Goto","bronze:Terminator","bronze:Fortify","bronze:GetLatest","bronze:Branch+1","bronze:Separator","bronze:Allocate","Parasite","bronze:ChosenStrike","bronze:OilSpill","bronze:HardenedForm+1","bronze:WhirlingStrike","bronze:MaxOutput","bronze:Frontload","bronze:Invalidate","bronze:Optimize+1"],"relics":["bronze:BronzeCore","downfall:HeartsMalice","Lantern","Smiling Mask","Du-Vu Doll","downfall:HeartBlessingRed","downfall:HeartBlessingBlue","Tiny House","hexamod:BolsterEngine","Boot"],"acts_visited":["Exordium","TheCity"],"potions_floor_usage":[],"damage_taken":[{"damage":0.0,"enemies":"Cultist","floor":2.0,"turns":1.0},{"damage":0.0,"enemies":"Small Slimes","floor":3.0,"turns":1.0},{"damage":0.0,"enemies":"downfall:FleeingMerchant","floor":4.0,"turns":1.0},{"damage":7.0,"enemies":"2 Louse","floor":5.0,"turns":3.0},{"damage":0.0,"enemies":"2 Fungi Beasts","floor":9.0,"turns":2.0},{"damage":9.0,"enemies":"3 Sentries","floor":10.0,"turns":5.0},{"damage":0.0,"enemies":"3 Louse","floor":14.0,"turns":3.0},{"damage":1.0,"enemies":"Exordium Thugs","floor":15.0,"turns":2.0},{"damage":54.0,"enemies":"DF_ARCHETYPE_STREAMLINE","floor":16.0,"turns":9.0},{"damage":6.0,"enemies":"Shell Parasite","floor":19.0,"turns":3.0},{"damage":0.0,"enemies":"Cultist and Chosen","floor":20.0,"turns":1.0},{"damage":0.0,"enemies":"downfall:FleeingMerchant","floor":22.0,"turns":4.0},{"damage":36.0,"enemies":"Snake Plant","floor":23.0,"turns":5.0},{"damage":17.0,"enemies":"Snecko","floor":25.0,"turns":6.0},{"damage":41,"enemies":"Shelled Parasite and Fungi","floor":26,"turns":2}],"seed_played":"3702771656915762769","potions_obtained":[{"floor":5.0,"key":"bronze:FreeFunctionsPotion"},{"floor":10.0,"key":"SpeedPotion"},{"floor":15.0,"key":"SteroidPotion"},{"floor":17.0,"key":"SmokeBomb"},{"floor":23.0,"key":"BlessingOfTheForge"}],"is_trial":false,"path_per_floor":["R","M","M","$","M","?","T","?","M","E","?","?","R","M","M","B",null,"R","M","M","?","$","M","T","M","M"],"character_chosen":"THE_AUTOMATON","items_purchased":["hexamod:BolsterEngine","Fruit Juice"],"campfire_rested":1,"item_purchase_floors":[22,22],"current_hp_per_floor":[70,70,70,70,63,63,63,63,63,54,54,54,80,80,79,25,85,85,79,79,71,76,40,40,23,0,0,0],"gold":174,"neow_bonus":"THREE_ENEMY_KILL","is_daily":false,"chose_seed":false,"campfire_upgraded":1,"win_rate":0.0,"timestamp":1611123097,"path_taken":["R","M","M","$","?","?","T","?","M","E","?","?","R","M","M","BOSS","R","M","M","?","?","M","T","?","M"],"items_purchased_type":["Relic","Potion"],"build_version":"2020-12-22","purchased_purges":0,"victory":false,"max_hp_per_floor":[70,70,70,70,70,70,70,70,70,70,70,70,80,80,80,80,85,85,85,85,85,90,90,90,90,90,90,90],"card_choices":[{"not_picked":["bronze:Safeguard","bronze:Constructor"],"picked":"bronze:Terminator","floor":2.0},{"not_picked":["bronze:Safeguard","bronze:DarkDash"],"picked":"bronze:Fortify","floor":3.0},{"not_picked":["bronze:DelayedSlice","bronze:Terminator"],"picked":"bronze:GetLatest","floor":4.0},{"not_picked":["bronze:DelayedSlice","bronze:Philosophize"],"picked":"bronze:Branch","floor":5.0},{"not_picked":["bronze:Shield","bronze:Branch"],"picked":"bronze:Separator","floor":9.0},{"not_picked":["bronze:Overload","bronze:Assembly"],"picked":"bronze:Allocate","floor":10.0},{"not_picked":["bronze:Separator","bronze:Shield"],"picked":"bronze:ChosenStrike","floor":14.0},{"not_picked":["bronze:Constructor","bronze:Safeguard"],"picked":"bronze:OilSpill","floor":15.0},{"not_picked":["bronze:ShipIt","bronze:InfiniteLoop"],"picked":"bronze:HardenedForm","floor":16.0},{"not_picked":["bronze:ForceShield","bronze:BugBarrage"],"picked":"bronze:WhirlingStrike","floor":17.0},{"not_picked":["bronze:Overheat","bronze:Branch"],"picked":"bronze:MaxOutput","floor":19.0},{"not_picked":["bronze:OilSpill","bronze:Shield"],"picked":"bronze:Frontload","floor":22.0},{"not_picked":["bronze:Philosophize","bronze:FineTuning"],"picked":"bronze:Invalidate","floor":23.0},{"not_picked":["bronze:MaxOutput","bronze:OilSpill+1"],"picked":"bronze:Optimize+1","floor":25.0}],"player_experience":929116,"relics_obtained":[{"floor":10.0,"key":"Smiling Mask"},{"floor":24.0,"key":"Boot"}],"event_choices":[{"cards_removed":["Doubt"],"damage_healed":0.0,"max_hp_gain":0.0,"max_hp_loss":0.0,"gold_gain":0.0,"event_name":"Living Wall","player_choice":"Forget","floor":12.0,"gold_loss":0.0,"damage_taken":0.0}],"is_beta":false,"boss_relics":[{"not_picked":["bronze:MakeshiftBattery","SacredBark"],"picked":"Tiny House"}],"items_purged_floors":[],"is_endless":false,"potions_floor_spawned":[5,10,15,20,23],"killed_by":"Shelled Parasite and Fungi","ascension_level":2}}