{"host":"vfh4a5lsno7fg1vy","time":1611174322,"event":{"mods":["BaseMod","Minty Spire (QoL Compilation)","StSLib","Synergy Search"],"gold_per_floor":[18,33,33,48,66,84,84,108,108,126,126,50,50,69,69,193,193,206,206,229,52,142,142,163,163,163,163,20,20,20,36,36,161,161,176,195,195,195],"floor_reached":37,"language":"KOR","playtime":1629,"items_purged":[],"score":423,"play_id":"7e3c3782-1010-4015-8cdf-6fdb84782bae","local_time":"20210121052522","is_ascension_mode":true,"campfire_choices":[{"floor":11.0,"key":"REST"},{"data":"Armaments","floor":15.0,"key":"SMITH"},{"data":"Double Tap","floor":23.0,"key":"SMITH"},{"floor":27.0,"key":"REST"},{"floor":30.0,"key":"REST"},{"floor":32.0,"key":"REST"}],"circlet_count":0,"master_deck":["Strike_R","Strike_R","Strike_R","Strike_R","Strike_R","Defend_R","Defend_R","Defend_R","Defend_R","Bash","Feed","Armaments+1","Shockwave","Intimidate","Twin Strike","Clothesline","Pommel Strike","Perfected Strike","Spot Weakness","Spot Weakness","Double Tap+1","Whirlwind","J.A.X.","Clothesline+1","Cleave+1","Thunderclap+1","Ghostly Armor+1","Heavy Blade+1","Blood for Blood","Cleave","Heavy Blade","Cleave","Double Tap","Armaments","Burning Pact+1"],"relics":["Burning Blood","Golden Idol","NlothsMask","Spirit Poop","Philosopher\u0027s Stone","Orrery","Magic Flower","Sling","Fusion Hammer"],"acts_visited":["TheCity","TheBeyond"],"potions_floor_usage":[37],"damage_taken":[{"damage":6.0,"enemies":"2 Louse","floor":1.0,"turns":2.0},{"damage":19.0,"enemies":"Small Slimes","floor":2.0,"turns":3.0},{"damage":6.0,"enemies":"Cultist","floor":4.0,"turns":4.0},{"damage":16.0,"enemies":"Looter","floor":5.0,"turns":3.0},{"damage":20.0,"enemies":"Red Slaver","floor":6.0,"turns":6.0},{"damage":0.0,"enemies":"Large Slime","floor":8.0,"turns":5.0},{"damage":19.0,"enemies":"Exordium Thugs","floor":10.0,"turns":3.0},{"damage":12.0,"enemies":"2 Fungi Beasts","floor":14.0,"turns":3.0},{"damage":40.0,"enemies":"Hexaghost","floor":16.0,"turns":11.0},{"damage":12.0,"enemies":"Spheric Guardian","floor":18.0,"turns":3.0},{"damage":41.0,"enemies":"3 Byrds","floor":20.0,"turns":4.0},{"damage":31.0,"enemies":"Sentry and Sphere","floor":24.0,"turns":4.0},{"damage":33.0,"enemies":"Centurion and Healer","floor":31.0,"turns":5.0},{"damage":48.0,"enemies":"Collector","floor":33.0,"turns":8.0},{"damage":40.0,"enemies":"3 Darklings","floor":35.0,"turns":3.0},{"damage":18.0,"enemies":"Orb Walker","floor":36.0,"turns":4.0},{"damage":51,"enemies":"Transient","floor":37,"turns":3}],"seed_played":"1298","potions_obtained":[{"floor":5.0,"key":"SkillPotion"},{"floor":6.0,"key":"BlessingOfTheForge"},{"floor":16.0,"key":"DuplicationPotion"},{"floor":20.0,"key":"SpeedPotion"},{"floor":35.0,"key":"PowerPotion"}],"is_trial":false,"path_per_floor":["M","M","?","M","M","M","?","M","T","M","R","$","?","M","R","B",null,"M","?","M","$","?","R","M","?","T","R","$","$","R","M","R","B",null,"M","M","M"],"character_chosen":"IRONCLAD","items_purchased":["Spot Weakness","Orrery","Cleave","Sling"],"campfire_rested":4,"item_purchase_floors":[12,21,21,28],"current_hp_per_floor":[80,67,67,67,57,43,43,52,52,39,63,63,63,60,60,26,86,80,80,45,45,33,33,11,11,11,37,37,37,63,39,65,26,89,58,49,0,0],"gold":195,"neow_bonus":"THREE_RARE_CARDS","is_daily":false,"chose_seed":true,"campfire_upgraded":2,"win_rate":0.0,"timestamp":1611174322,"path_taken":["M","M","?","M","M","M","?","M","T","?","R","$","?","M","R","BOSS","M","?","M","$","?","R","?","?","T","R","$","?","R","M","R","BOSS","M","M","M"],"items_purchased_type":["Card","Relic","Card","Relic"],"build_version":"2020-12-22","purchased_purges":0,"victory":false,"max_hp_per_floor":[80,80,80,80,80,80,80,83,83,83,83,83,83,86,86,86,86,86,86,86,86,86,86,89,89,89,89,89,89,89,89,89,89,89,89,89,89,89],"card_choices":[{"not_picked":["Fiend Fire","Barricade"],"picked":"Feed","floor":0.0},{"not_picked":["Heavy Blade","Dropkick"],"picked":"Armaments","floor":1.0},{"not_picked":["Anger","Havoc"],"picked":"Shockwave","floor":2.0},{"not_picked":["Armaments","Headbutt"],"picked":"Intimidate","floor":4.0},{"not_picked":["Shrug It Off","Thunderclap"],"picked":"Twin Strike","floor":5.0},{"not_picked":["Cleave","Havoc"],"picked":"Clothesline","floor":6.0},{"not_picked":["Twin Strike","Wild Strike"],"picked":"Pommel Strike","floor":8.0},{"not_picked":["Clothesline","Warcry"],"picked":"Perfected Strike","floor":10.0},{"not_picked":["Exhume","Iron Wave"],"picked":"Spot Weakness","floor":14.0},{"not_picked":["Exhume","Berserk"],"picked":"Double Tap","floor":16.0},{"not_picked":["Evolve","Warcry+1"],"picked":"Whirlwind","floor":18.0},{"not_picked":["Burning Pact","Perfected Strike"],"picked":"Clothesline+1","floor":20.0},{"not_picked":["Evolve+1","Wild Strike"],"picked":"Cleave+1","floor":21.0},{"not_picked":["Headbutt","True Grit"],"picked":"Thunderclap+1","floor":21.0},{"not_picked":["Shockwave","Feel No Pain"],"picked":"Ghostly Armor+1","floor":21.0},{"not_picked":["Armaments","Brutality"],"picked":"Heavy Blade+1","floor":21.0},{"not_picked":["Rage","Metallicize+1"],"picked":"Blood for Blood","floor":21.0},{"not_picked":["Clothesline","Sword Boomerang"],"picked":"Heavy Blade","floor":24.0},{"not_picked":["Bloodletting","Headbutt"],"picked":"Cleave","floor":31.0},{"not_picked":["Impervious","Brutality"],"picked":"Double Tap","floor":33.0},{"not_picked":["Clash+1","Entrench"],"picked":"Armaments","floor":35.0},{"not_picked":["Thunderclap","Fire Breathing+1"],"picked":"Burning Pact+1","floor":36.0}],"player_experience":223211,"relics_obtained":[{"floor":26.0,"key":"Magic Flower"}],"event_choices":[{"damage_healed":0.0,"max_hp_gain":0.0,"max_hp_loss":0.0,"gold_gain":0.0,"event_name":"Golden Idol","player_choice":"Take Wound","floor":3.0,"gold_loss":0.0,"damage_taken":0.0,"relics_obtained":["Golden Idol"],"cards_obtained":["Injury"]},{"damage_healed":0.0,"max_hp_gain":0.0,"max_hp_loss":0.0,"gold_gain":0.0,"event_name":"FaceTrader","player_choice":"Trade","floor":7.0,"gold_loss":0.0,"damage_taken":0.0,"relics_obtained":["NlothsMask"]},{"cards_removed":["Injury"],"damage_healed":0.0,"max_hp_gain":0.0,"max_hp_loss":0.0,"gold_gain":0.0,"event_name":"Bonfire Elementals","player_choice":"Offered Curse","floor":13.0,"gold_loss":0.0,"damage_taken":0.0,"relics_obtained":["Spirit Poop"]},{"damage_healed":0.0,"max_hp_gain":0.0,"max_hp_loss":0.0,"gold_gain":0.0,"event_name":"Drug Dealer","player_choice":"Obtain J.A.X.","floor":19.0,"gold_loss":0.0,"damage_taken":0.0,"cards_obtained":["J.A.X."]},{"damage_healed":0.0,"max_hp_gain":0.0,"max_hp_loss":0.0,"gold_gain":90.0,"event_name":"Knowing Skull","player_choice":"GOLD ","floor":22.0,"potions_obtained":[],"gold_loss":0.0,"damage_taken":12.0,"cards_obtained":[]},{"damage_healed":0.0,"max_hp_gain":0.0,"max_hp_loss":0.0,"gold_gain":0.0,"event_name":"Ghosts","player_choice":"Ignored","floor":25.0,"gold_loss":0.0,"damage_taken":0.0}],"is_beta":false,"boss_relics":[{"not_picked":["Snecko Eye","Ectoplasm"],"picked":"Philosopher\u0027s Stone"},{"not_picked":["Astrolabe","Tiny House"],"picked":"Fusion Hammer"}],"items_purged_floors":[],"is_endless":false,"potions_floor_spawned":[5,6,16,20,35],"killed_by":"Transient","ascension_level":2}}