{"host":"4amcrcg6ktw8dbzk","time":1611108568,"event":{"mods":["ATMod(°¢èªMod)","BaseMod","Dota2Spire","Minty Spire (QoL Compilation)","MostiFishMod","Spicy Shops","StSLib","Waifu the Spire"],"gold_per_floor":[115,165,179,198,198,228,242,242,267,106,106,106,118,143,143,217,217,228,244,244,169,188,219,134,161,161,188,188,205,255,286,286,363,363,381,392,1003,1003,461,461,472,497,497,525,539,570,126,142,142,142,142,142,142,61,95,195],"floor_reached":57,"language":"ZHS","playtime":3215,"items_purged":["Defend_R","Strike_R","Pain"],"score":3150,"play_id":"d6d26390-dc86-4a11-948e-ec39cc1aa960","local_time":"20210120100928","is_ascension_mode":true,"campfire_choices":[{"data":"True Grit","floor":11.0,"key":"SMITH"},{"data":"Evolve","floor":15.0,"key":"SMITH"},{"floor":28.0,"key":"REST"},{"data":"Power Through","floor":32.0,"key":"SMITH"},{"data":"Barricade","floor":40,"key":"SMITH"},{"floor":49,"key":"RECALL"},{"data":"AT_FamilyPortrait","floor":53,"key":"SMITH"}],"circlet_count":0,"master_deck":["AscendersBane","Strike_R","Strike_R+1","Defend_R","Defend_R","Bash+1","AT_FamilyPortrait+1","Thunderclap","Evolve+1","Power Through+1","True Grit+1","Flex","Rampage","Second Wind","Armaments+1","Body Slam","Pommel Strike+1","Barricade+1","Entrench+1","Burning Pact","MostiFishMod:#F4004+1","MostiFishMod:#F4004","Burning Pact+1","Feel No Pain","Dark Embrace","Seeing Red+1"],"relics":["Burning Blood","DaveBox","AT_ATBox","RhineSuit","SynthV:TestCard","Blood Vial","OrangePellets","Whetstone","HereWithMe","OriginationStaff","Dota2Spire:AghanimScepter","Matryoshka","Paper Frog","Pantograph","Dota2Spire:ArcaneBoots","Nunchaku","Cursed Key","Anchor","ImprovedEquipment","AT_LudenTempest","Dota2Spire:ArmletOfMordiggian","Mummified Hand","AT_ArcaneBoots","MealTicket","DianPoetry","AT_TheCollector"],"acts_visited":["Exordium","TheCity","TheBeyond","TheEnding"],"potions_floor_usage":[56,56,56,56],"damage_taken":[{"damage":4.0,"enemies":"Jaw Worm","floor":1.0,"turns":2.0},{"damage":0.0,"enemies":"Cultist","floor":3.0,"turns":2.0},{"damage":0.0,"enemies":"Small Slimes","floor":4.0,"turns":2.0},{"damage":12.0,"enemies":"3 Sentries","floor":6.0,"turns":4.0},{"damage":16.0,"enemies":"2 Fungi Beasts","floor":7.0,"turns":3.0},{"damage":0.0,"enemies":"Looter","floor":13.0,"turns":3.0},{"damage":2.0,"enemies":"Lagavulin","floor":14.0,"turns":5.0},{"damage":42.0,"enemies":"Hexaghost","floor":16.0,"turns":10.0},{"damage":0.0,"enemies":"Chosen","floor":18.0,"turns":3.0},{"damage":23.0,"enemies":"Shell Parasite","floor":19.0,"turns":4.0},{"damage":12.0,"enemies":"Centurion and Healer","floor":22.0,"turns":7.0},{"damage":29.0,"enemies":"Slavers","floor":23.0,"turns":4.0},{"damage":2.0,"enemies":"Book of Stabbing","floor":25.0,"turns":4.0},{"damage":28.0,"enemies":"Gremlin Leader","floor":27.0,"turns":6.0},{"damage":0.0,"enemies":"Cultist and Chosen","floor":29.0,"turns":3.0},{"damage":8.0,"enemies":"Slavers","floor":31.0,"turns":4.0},{"damage":12.0,"enemies":"Collector","floor":33.0,"turns":9.0},{"damage":0,"enemies":"Orb Walker","floor":35,"turns":2},{"damage":16,"enemies":"3 Darklings","floor":36,"turns":5},{"damage":3,"enemies":"Writhing Mass","floor":37,"turns":5},{"damage":0,"enemies":"Spire Growth","floor":41,"turns":3},{"damage":0,"enemies":"Mind Bloom Boss Battle","floor":42,"turns":4},{"damage":11,"enemies":"Reptomancer","floor":44,"turns":4},{"damage":6,"enemies":"Jaw Worm Horde","floor":45,"turns":4},{"damage":1,"enemies":"Giant Head","floor":46,"turns":5},{"damage":0,"enemies":"Sphere and 2 Shapes","floor":48,"turns":4},{"damage":0,"enemies":"Donu and Deca","floor":50,"turns":3},{"damage":16,"enemies":"Awakened One","floor":51,"turns":5},{"damage":0,"enemies":"Shield and Spear","floor":55,"turns":4},{"damage":0,"enemies":"The Heart","floor":56,"turns":8}],"seed_played":"-2555471044446928157","potions_obtained":[{"floor":3.0,"key":"DuplicationPotion"},{"floor":6.0,"key":"Swift Potion"},{"floor":7.0,"key":"LiquidMemories"},{"floor":25.0,"key":"Ancient Potion"},{"floor":29.0,"key":"HeartOfIron"},{"floor":48,"key":"FearPotion"}],"is_trial":false,"path_per_floor":["M","?","M","M","?","E","M","?","T","$","R","?","M","E","R","B",null,"M","M","?","?","M","E","?","E","T","E","R","M","?","E","R","B",null,"M","M","M","?","$","R","M","?","T","E","M","E","$","M","R","B","B",null,"R","$","E","B",null],"character_chosen":"IRONCLAD","items_purchased":["OrangePellets","Anchor","ImprovedEquipment","DianPoetry","Dark Embrace"],"campfire_rested":1,"item_purchase_floors":[10,39,39,47,54],"current_hp_per_floor":[77,69,75,81,81,75,67,67,67,67,67,72,80,86,86,51,78,86,70,70,70,66,45,45,51,51,31,57,65,65,65,65,85,87,87,77,82,82,82,82,87,87,87,82,84,87,87,87,87,87,77,85,85,87,87,87],"gold":195,"neow_bonus":"TEN_PERCENT_HP_BONUS","is_daily":false,"chose_seed":false,"campfire_upgraded":5,"win_rate":0.0,"timestamp":1611108568,"path_taken":["M","?","M","?","?","E","M","?","T","$","R","?","M","E","R","BOSS","M","M","?","?","M","E","?","E","T","E","R","M","?","E","R","BOSS","M","M","M","?","$","R","M","?","T","E","M","E","$","M","R","BOSS","BOSS","R","$","E","BOSS"],"items_purchased_type":["Relic","Relic","Relic","Relic","Card"],"build_version":"2020-12-22","purchased_purges":3,"victory":true,"max_hp_per_floor":[82,82,82,82,82,82,82,82,82,82,82,87,87,87,87,87,87,87,87,87,87,87,87,87,87,87,87,87,87,87,87,87,87,87,87,87,87,87,87,87,87,87,87,87,87,87,87,87,87,87,87,87,87,87,87,87],"card_choices":[{"not_picked":["Clash","Clothesline"],"picked":"Thunderclap","floor":1.0},{"not_picked":["Cleave","Heavy Blade","Warcry","AT_DrawKnifeCut"],"picked":"Evolve","floor":3.0},{"not_picked":["Carnage","Clash","Headbutt","AT_BodySlamDance"],"picked":"Power Through","floor":4.0},{"not_picked":["Whirlwind","Evolve","Pommel Strike","Double Tap"],"picked":"True Grit","floor":6.0},{"not_picked":["Havoc","Perfected Strike","True Grit","Rampage","Blood for Blood"],"picked":"SKIP","floor":7.0},{"not_picked":["Havoc","Perfected Strike","True Grit","Rampage","Blood for Blood"],"picked":"SKIP","floor":7.0},{"not_picked":["Clothesline","Uppercut","Heavy Blade","AT_IchimonjiDouble"],"picked":"Rampage","floor":13.0},{"not_picked":["Havoc","Warcry","AT_IchimonjiDouble","Burning Pact"],"picked":"Second Wind","floor":14.0},{"not_picked":["Perfected Strike","Reckless Charge","Cleave+1","Havoc+1"],"picked":"Armaments+1","floor":18.0},{"not_picked":["Rage","True Grit","Heavy Blade","Evolve","Body Slam"],"picked":"SKIP","floor":19.0},{"not_picked":["Rage","True Grit","Heavy Blade","Evolve","Body Slam"],"picked":"SKIP","floor":19.0},{"not_picked":["Rage","True Grit","Heavy Blade","Evolve","Body Slam"],"picked":"SKIP","floor":19.0},{"not_picked":["Rage","True Grit","Heavy Blade","Evolve"],"picked":"Body Slam","floor":19.0},{"not_picked":["Wild Strike","Clothesline","Iron Wave","Warcry","Clash"],"picked":"SKIP","floor":22.0},{"not_picked":["Clothesline","MostiFishMod:BrandingRite","Sword Boomerang","Cleave+1","MostiFishMod:HellRitual"],"picked":"SKIP","floor":23.0},{"not_picked":["AT_BodySlamDance","Bloodletting","Blood for Blood","Rampage","Carnage"],"picked":"SKIP","floor":25.0},{"not_picked":["Sentinel","Sever Soul","Blood for Blood","Clothesline","Iron Wave"],"picked":"SKIP","floor":27.0},{"not_picked":["Pummel","Sever Soul+1","Sword Boomerang","Combust","Body Slam"],"picked":"SKIP","floor":29.0},{"not_picked":["AT_ManFootWork","Bludgeon","MostiFishMod:BrandingRite","Sever Soul+1"],"picked":"Pommel Strike+1","floor":31.0},{"not_picked":["MostiFishMod:NewArrival","Corruption","Double Tap","Berserk"],"picked":"Barricade","floor":33.0},{"not_picked":["Second Wind","Rupture","Rampage","Warcry"],"picked":"Entrench+1","floor":35},{"not_picked":["Thunderclap","Pommel Strike","True Grit","AT_GerminateFire"],"picked":"Burning Pact","floor":36},{"not_picked":["Clothesline+1","True Grit","MostiFishMod:#F4004+1","Havoc","Flex"],"picked":"SKIP","floor":37},{"not_picked":["Clothesline+1","True Grit","Havoc","Flex"],"picked":"MostiFishMod:#F4004+1","floor":37},{"not_picked":["Pommel Strike+1","Inflame","Flex","True Grit"],"picked":"MostiFishMod:#F4004","floor":41},{"not_picked":["Second Wind+1","Pommel Strike","Seeing Red","Corruption"],"picked":"Burning Pact+1","floor":42},{"not_picked":["Flex+1","Thunderclap","Iron Wave","Anger","Warcry"],"picked":"SKIP","floor":44},{"not_picked":["Clash","Intimidate","Anger","Ghostly Armor","Wild Strike"],"picked":"SKIP","floor":45},{"not_picked":["Feed","Havoc+1","Pummel","Pommel Strike+1","AT_BodySlamDance+1"],"picked":"SKIP","floor":46},{"not_picked":["Wild Strike+1","Sever Soul","Armaments","Entrench"],"picked":"Feel No Pain","floor":48},{"not_picked":["Warcry","AT_ManFootWork+1","MostiFishMod:BrandingRite+1","Rupture+1"],"picked":"Seeing Red+1","floor":55}],"player_experience":348445,"relics_obtained":[{"floor":1.0,"key":"SynthV:TestCard"},{"floor":6.0,"key":"Blood Vial"},{"floor":14.0,"key":"Whetstone"},{"floor":23.0,"key":"OriginationStaff"},{"floor":25.0,"key":"Matryoshka"},{"floor":26.0,"key":"Paper Frog"},{"floor":26.0,"key":"Pantograph"},{"floor":27.0,"key":"Dota2Spire:ArcaneBoots"},{"floor":31.0,"key":"Nunchaku"},{"floor":42,"key":"AT_LudenTempest"},{"floor":43,"key":"Dota2Spire:ArmletOfMordiggian"},{"floor":43,"key":"Mummified Hand"},{"floor":44,"key":"AT_SpeedBoots"},{"floor":46,"key":"MealTicket"},{"floor":55,"key":"AT_TheCollector"}],"event_choices":[{"damage_healed":0.0,"max_hp_gain":0.0,"max_hp_loss":0.0,"gold_gain":50.0,"event_name":"FaceTrader","player_choice":"Touch","floor":2.0,"gold_loss":0.0,"damage_taken":8.0},{"damage_healed":0.0,"max_hp_gain":0.0,"max_hp_loss":0.0,"gold_gain":0.0,"event_name":"Shining Light","player_choice":"Ignored","floor":5.0,"gold_loss":0.0,"damage_taken":0.0},{"damage_healed":0.0,"max_hp_gain":0.0,"max_hp_loss":0.0,"gold_gain":0.0,"cards_transformed":["Strike_R"],"event_name":"Living Wall","player_choice":"Change","floor":8.0,"gold_loss":0.0,"damage_taken":0.0,"cards_obtained":["Flex"]},{"damage_healed":0.0,"max_hp_gain":5.0,"max_hp_loss":0.0,"gold_gain":0.0,"event_name":"Big Fish","player_choice":"Donut","floor":12.0,"gold_loss":0.0,"damage_taken":0.0},{"damage_healed":0.0,"max_hp_gain":0.0,"max_hp_loss":0.0,"gold_gain":0.0,"event_name":"The Mausoleum","player_choice":"Ignored","floor":20.0,"gold_loss":0.0,"damage_taken":0.0},{"cards_removed":["Strike_R"],"damage_healed":0.0,"max_hp_gain":0.0,"max_hp_loss":0.0,"gold_gain":0.0,"event_name":"Beggar","player_choice":"Gave Gold","floor":21.0,"gold_loss":75.0,"damage_taken":0.0},{"damage_healed":0.0,"max_hp_gain":0.0,"max_hp_loss":0.0,"gold_gain":0.0,"event_name":"Addict","player_choice":"Obtained Relic","floor":24.0,"gold_loss":85.0,"damage_taken":0.0,"relics_obtained":["Dota2Spire:AghanimScepter"]},{"damage_healed":0.0,"max_hp_gain":0.0,"max_hp_loss":0.0,"gold_gain":50.0,"event_name":"Nest","player_choice":"Stole From Cult","floor":30.0,"gold_loss":0.0,"damage_taken":0.0},{"cards_removed":["Defend_R"],"damage_healed":0,"gold_gain":0,"player_choice":"Removed Skill","damage_taken":0,"max_hp_gain":0,"max_hp_loss":0,"event_name":"Falling","floor":38,"gold_loss":0},{"damage_healed":0,"gold_gain":0,"player_choice":"Fight","damage_taken":0,"max_hp_gain":0,"max_hp_loss":0,"event_name":"MindBloom","floor":42,"gold_loss":0}],"is_beta":false,"boss_relics":[{"not_picked":["Velvet Choker","BloodWine"],"picked":"HereWithMe"},{"not_picked":["Pandora\u0027s Box","SynthV:MejaisSoulstealer"],"picked":"Cursed Key"}],"items_purged_floors":[10,39,47],"is_endless":false,"potions_floor_spawned":[3,6,7,14,18,25,29,31,36,37,41,48,55],"ascension_level":20}}