{"host":"bf9sa99gaumonoeu","time":1611162209,"event":{"mods":["AchievementEnabler","Act Like it!","Aspiration","BaseMod","Bestiary","Better Note","Block Reminder","Colored Map","Colored Powertips","Fox Events","Friendly Minions","Gensokyo","GifTheSpireLib","Googly Eyes","Hallownest","Hermit","Highlight Path","Jorbs\u0027s Wanderer Trilogy","KinomotoSakuraMod(????)","Koishi","Marisa????????","Minty Spire (QoL Compilation)","Rare Cards Sparkle","Reimu??????","Relic Stats","Spire Arcade","StSLib","The Administrix","The Animator","The Bug Knight","The Construct","The Cursed","The Hierophant","The Mystic","The Necromancer","The Poker Player","The Runesmith","The Senshi","The Servant 0.9.4","ojb\u0027s Info Mod"],"gold_per_floor":[119,32,48,65,76,111,131,131,131,143,156,186,186,186,186,259,259,259,259,259,259,259,259,259,259,259,259,259,259,3,3,3,3,3,3,3,3,3],"floor_reached":37,"language":"ENG","playtime":3152,"items_purged":[],"score":1040,"play_id":"c8563cd8-7de5-472f-a7ad-f2d9161bd018","local_time":"20210120150329","is_ascension_mode":true,"campfire_choices":[{"floor":8.0,"key":"REST"},{"floor":15.0,"key":"REST"},{"floor":23.0,"key":"REST"},{"data":"Noxious Fumes","floor":25.0,"key":"SMITH"},{"floor":32.0,"key":"REST"}],"circlet_count":0,"master_deck":["AscendersBane","Strike_G","Strike_G","Strike_G","Defend_G+1","Defend_G+1","Defend_G+1","Defend_G+1","Defend_G+1","Survivor+1","Neutralize+1","Flying Knee+1","Backstab","Noxious Fumes+1","Blade Dance+1","Bane","Dagger Spray+1","Deflect+1","Blade Dance+1","Wraith Form v2+1","Venomology","Prepared","Backflip","PanicButton","Distraction","Escape Plan","Noxious Fumes","Acrobatics","Outmaneuver","Prepared+1","Accuracy","Reflex+1","Bane","Night Terror+1","Bullet Time+1","Expertise+1","Blade Dance+1","Parasite"],"relics":["Ring of the Snake","Bottled Tornado","Pear","Ectoplasm","Orichalcum","construct:RocketBooster","Toxic Egg 2","Membership Card","aspiration:FetidBarrel","Empty Cage"],"acts_visited":["Exordium","TheCity","TheBeyond"],"potions_floor_usage":[],"damage_taken":[{"damage":7.0,"enemies":"Small Slimes","floor":1.0,"turns":4.0},{"damage":0.0,"enemies":"2 Louse","floor":3.0,"turns":2.0},{"damage":0.0,"enemies":"Jaw Worm","floor":4.0,"turns":3.0},{"damage":5.0,"enemies":"Gremlin Gang","floor":5.0,"turns":4.0},{"damage":22.0,"enemies":"3 Sentries","floor":6.0,"turns":6.0},{"damage":17.0,"enemies":"Large Slime","floor":7.0,"turns":4.0},{"damage":11.0,"enemies":"Blue Slaver","floor":10.0,"turns":4.0},{"damage":1.0,"enemies":"Gremlin Gang","floor":11.0,"turns":3.0},{"damage":16.0,"enemies":"Lagavulin","floor":12.0,"turns":5.0},{"damage":21.0,"enemies":"The Guardian","floor":16.0,"turns":12.0},{"damage":6.0,"enemies":"3 Byrds","floor":18.0,"turns":5.0},{"damage":2.0,"enemies":"Chosen","floor":19.0,"turns":4.0},{"damage":29.0,"enemies":"Snecko","floor":21.0,"turns":7.0},{"damage":18.0,"enemies":"Snake Plant","floor":22.0,"turns":5.0},{"damage":2.0,"enemies":"Slavers","floor":24.0,"turns":5.0},{"damage":0.0,"enemies":"Centurion and Healer","floor":27.0,"turns":6.0},{"damage":2.0,"enemies":"Snecko","floor":28.0,"turns":5.0},{"damage":4.0,"enemies":"Book of Stabbing","floor":29.0,"turns":5.0},{"damage":37.0,"enemies":"Gremlin Leader","floor":31.0,"turns":5.0},{"damage":0.0,"enemies":"Collector","floor":33.0,"turns":7.0},{"damage":10.0,"enemies":"Orb Walker","floor":35.0,"turns":4.0},{"damage":47.0,"enemies":"3 Darklings","floor":36.0,"turns":5.0},{"damage":19,"enemies":"Writhing Mass","floor":37,"turns":5}],"seed_played":"5790022269215696398","potions_obtained":[{"floor":3.0,"key":"construct:ShiftPotion"},{"floor":4.0,"key":"Fire Potion"},{"floor":5.0,"key":"Ancient Potion"},{"floor":11.0,"key":"Strength Potion"},{"floor":12.0,"key":"Strength Potion"},{"floor":19.0,"key":"BlessingOfTheForge"},{"floor":22.0,"key":"ColorlessPotion"},{"floor":24.0,"key":"construct:ShiftPotion"},{"floor":29.0,"key":"Strength Potion"},{"floor":31.0,"key":"EssenceOfSteel"},{"floor":35.0,"key":"Fruit Juice"}],"is_trial":false,"path_per_floor":["M","$","M","M","M","E","M","R","T","M","M","E","?","?","R","B",null,"M","M","?","M","M","R","E","R","T","M","M","E","$","E","R","B",null,"M","M","M"],"character_chosen":"THE_SILENT","items_purchased":["Backstab","Membership Card","Accuracy","Reflex+1","Bane"],"campfire_rested":4,"item_purchase_floors":[2,30,30,30,30],"current_hp_per_floor":[58,58,58,58,53,31,14,35,35,24,23,17,17,17,41,20,67,61,59,59,30,26,50,48,48,48,48,46,42,42,5,29,29,69,59,17,0,0],"gold":3,"neow_bonus":"TEN_PERCENT_HP_BONUS","is_daily":false,"chose_seed":false,"campfire_upgraded":1,"win_rate":0.0,"timestamp":1611162209,"path_taken":["M","$","M","M","M","E","M","R","T","M","M","E","?","?","R","BOSS","M","M","?","M","M","R","E","R","T","M","M","E","$","E","R","BOSS","M","M","M"],"items_purchased_type":["Card","Relic","Card","Card","Card"],"build_version":"2020-12-22","purchased_purges":0,"victory":false,"max_hp_per_floor":[72,72,72,72,72,72,72,72,72,72,72,82,82,82,82,82,82,82,82,82,82,82,82,82,82,82,82,82,82,82,82,82,82,82,82,87,87,87],"relic_stats":{"counters":[23,115],"Ectoplasm":320,"Orichalcum":[96],"obtain_stats":[{"Pear":12,"construct:RocketBooster":26,"aspiration:FetidBarrel":31,"Ectoplasm":17,"Whetstone":6,"Membership Card":30,"Bottled Tornado":9,"Orichalcum":24,"Toxic Egg 2":29,"Empty Cage":34,"Ring of the Snake":0},{"Pear":9,"construct:RocketBooster":15,"aspiration:FetidBarrel":19,"Ectoplasm":10,"Whetstone":5,"Membership Card":18,"Bottled Tornado":6,"Orichalcum":15,"Toxic Egg 2":18,"Empty Cage":20,"Ring of the Snake":0},{"Pear":35,"construct:RocketBooster":73,"aspiration:FetidBarrel":94,"Ectoplasm":47,"Whetstone":19,"Membership Card":89,"Bottled Tornado":23,"Orichalcum":73,"Toxic Egg 2":89,"Empty Cage":101,"Ring of the Snake":0}],"Ring of the Snake":[46]},"card_choices":[{"not_picked":["Prepared","Underhanded Strike"],"picked":"Flying Knee","floor":1.0},{"not_picked":["Sucker Punch","Underhanded Strike"],"picked":"Noxious Fumes","floor":3.0},{"not_picked":["Crippling Poison","Reflex"],"picked":"Blade Dance","floor":4.0},{"not_picked":["Dagger Spray","Choke"],"picked":"Bane","floor":5.0},{"not_picked":["Sucker Punch","Bane"],"picked":"Dagger Spray","floor":6.0},{"not_picked":["Reflex","Concentrate","Dagger Spray"],"picked":"SKIP","floor":7.0},{"not_picked":["Burst","Underhanded Strike"],"picked":"Deflect","floor":10.0},{"not_picked":["Tactician","Slice"],"picked":"Blade Dance","floor":11.0},{"not_picked":["Backflip","PiercingWail"],"picked":"Wraith Form v2","floor":12.0},{"not_picked":["Grand Finale","Unload"],"picked":"Venomology","floor":16.0},{"not_picked":["Slice","Skewer"],"picked":"Prepared","floor":18.0},{"not_picked":["All Out Attack+1","Underhanded Strike"],"picked":"Backflip","floor":19.0},{"not_picked":["Slice","Dagger Throw"],"picked":"Distraction","floor":21.0},{"not_picked":["Skewer+1","Dagger Spray"],"picked":"Escape Plan","floor":22.0},{"not_picked":["Poisoned Stab","Envenom"],"picked":"Noxious Fumes","floor":24.0},{"not_picked":["Dagger Throw+1","Flechettes"],"picked":"Acrobatics","floor":27.0},{"not_picked":["Blade Dance","Acrobatics"],"picked":"Outmaneuver","floor":28.0},{"not_picked":["Dagger Spray","Dodge and Roll+1"],"picked":"Prepared+1","floor":29.0},{"not_picked":["Dagger Throw","Quick Slash+1"],"picked":"Night Terror+1","floor":31.0},{"not_picked":["Adrenaline+1","A Thousand Cuts"],"picked":"Bullet Time+1","floor":33.0},{"not_picked":["Endless Agony","Sucker Punch"],"picked":"Expertise+1","floor":35.0},{"not_picked":["Bane","Flechettes+1"],"picked":"Blade Dance+1","floor":36.0}],"player_experience":1034711,"relics_obtained":[{"floor":6.0,"key":"Whetstone"},{"floor":9.0,"key":"Bottled Tornado"},{"floor":12.0,"key":"Pear"},{"floor":24.0,"key":"Orichalcum"},{"floor":26.0,"key":"construct:RocketBooster"},{"floor":29.0,"key":"Toxic Egg 2"},{"floor":31.0,"key":"aspiration:FetidBarrel"}],"event_choices":[{"damage_healed":0.0,"max_hp_gain":0.0,"max_hp_loss":0.0,"gold_gain":0.0,"event_name":"Shining Light","player_choice":"Ignored","floor":14.0,"gold_loss":0.0,"damage_taken":0.0},{"cards_removed":["Venomology"],"damage_healed":0.0,"max_hp_gain":0.0,"max_hp_loss":0.0,"gold_gain":0.0,"event_name":"betterNote:BetterNote","player_choice":"Take \u0026 Give","floor":20.0,"gold_loss":0.0,"damage_taken":0.0,"cards_obtained":["PanicButton"]}],"is_beta":false,"boss_relics":[{"not_picked":["construct:ClawGrip","aspiration:DefectSkillbook"],"picked":"Ectoplasm"},{"not_picked":["Tiny House","Runic Dome"],"picked":"Empty Cage"}],"items_purged_floors":[],"is_endless":false,"potions_floor_spawned":[3,4,5,11,12,19,22,24,29,31,35],"killed_by":"Writhing Mass","ascension_level":20}}