{"host":"3j2m8n0ywf988fwb","time":1611136501,"event":{"mods":["2.2 Compatiblity","AchievementEnabler","Act Like it!","Aspiration","Astrologer","BaseMod","Beaked The Cultist","Better Altar","Better Match","Better Note","Better Sensory Stone","Better Skull","Better Third Choice","CCEM","ChefMod","Colored Map","Colored Powertips","Conspire","Dark Map","Energized Spire","Evolution","Fireblade Mod","GifTheSpireLib","Googly Eyes","Halation","Hallownest","Highlight Path","Hubris","Infinite Spire","Jedi Mod","Marisa????????","Marked Mod","Mimic Mod","Minty Spire (QoL Compilation)","Random Character Button","Relic Stats","Replay The Spire","Robot Space Explorer","Shop Mod","Somnambulant","Spire Arcade","StSLib","Stuff the Spire","The Bug Knight","The Hierophant","The Marked","The Runesmith","TheFirefly","Unceasing Turn Reminder","everything is the same but u backflip on backflip"],"gold_per_floor":[113,113,167,182,182,182,195,222,253,279,279,298,298,318,318,318,318],"floor_reached":16,"language":"ENG","playtime":641,"items_purged":[],"score":146,"play_id":"6183e229-c2f2-42a4-a316-00f464e7509f","local_time":"20210120035501","is_ascension_mode":true,"campfire_choices":[{"floor":6,"key":"REST"},{"floor":13,"key":"REST"},{"floor":15,"key":"REST"}],"circlet_count":0,"master_deck":["somnambulantmod: Trauma+1","somnambulantmod: Trauma","somnambulantmod: SomnambulantStrike","somnambulantmod: SomnambulantStrike","somnambulantmod: SomnambulantStrike","somnambulantmod: Defend_Somnambulant","somnambulantmod: Defend_Somnambulant","somnambulantmod: Defend_Somnambulant","somnambulantmod: Defend_Somnambulant","somnambulantmod: Defend_Somnambulant","somnambulantmod: QuickNap+1","somnambulantmod: PrimingPunch","Pain","Spreading Infection","somnambulantmod: SickeningSwathe","somnambulantmod: Pinch","conspire:Banana","somnambulantmod: TrepanningBlow+1","somnambulantmod: SleepingBody","somnambulantmod: Pinch","somnambulantmod: Mindlessness"],"relics":["somnambulantmod: DreamJournal","EVO:Axolotl","halation:IncompleteEncyclopedia","halation:EternalFortune","hubris:DeckOfHolding","PreservedInsect","StuffTheSpire:Experiment12"],"acts_visited":["Exordium"],"potions_floor_usage":[14],"damage_taken":[{"damage":0,"enemies":"Small Slimes","floor":1,"turns":3},{"damage":9,"enemies":"2 Louse","floor":4,"turns":2},{"damage":1,"enemies":"Cultist","floor":7,"turns":4},{"damage":34,"enemies":"Lagavulin","floor":8,"turns":6},{"damage":4,"enemies":"2 Fungi Beasts","floor":9,"turns":5},{"damage":18,"enemies":"HollowMod:MossKnight","floor":10,"turns":8},{"damage":11,"enemies":"2 Fungi Beasts","floor":12,"turns":3},{"damage":11,"enemies":"Gremlin Gang","floor":14,"turns":6},{"damage":58,"enemies":"Slime Boss","floor":16,"turns":6}],"seed_played":"4780292003639753728","potions_obtained":[{"floor":4,"key":"Doom Potion"},{"floor":10,"key":"Block Potion"},{"floor":12,"key":"Elixir"},{"floor":14,"key":"jedi:StrikingPotion"}],"is_trial":false,"path_per_floor":["M","?","?","M","?","R","M","E","MIM","E","?","M","R","M","R","B"],"character_chosen":"THE_SOMNAMBULANT","items_purchased":[],"campfire_rested":3,"item_purchase_floors":[],"current_hp_per_floor":[70,73,73,64,64,75,75,42,42,25,25,14,40,30,57,0,0],"gold":318,"neow_bonus":"CURSED_BOSS_RELIC","is_daily":false,"chose_seed":false,"campfire_upgraded":0,"win_rate":0.0,"timestamp":1611136501,"path_taken":["M","?","?","M","?","R","M","E","MIM","E","?","M","R","M","R","BOSS"],"items_purchased_type":[],"build_version":"2020-12-22","purchased_purges":0,"victory":false,"max_hp_per_floor":[70,73,73,73,73,75,76,77,81,82,82,82,84,85,87,88,88],"relic_stats":{"counters":[9,43],"PreservedInsect":22,"obtain_stats":[{"StuffTheSpire:Experiment12":10,"halation:EternalFortune":2,"somnambulantmod: DreamJournal":0,"hubris:DeckOfHolding":8,"PreservedInsect":9,"EVO:Axolotl":0,"halation:IncompleteEncyclopedia":0},{"StuffTheSpire:Experiment12":6,"halation:EternalFortune":1,"somnambulantmod: DreamJournal":0,"hubris:DeckOfHolding":4,"PreservedInsect":5,"EVO:Axolotl":0,"halation:IncompleteEncyclopedia":0},{"StuffTheSpire:Experiment12":28,"halation:EternalFortune":3,"somnambulantmod: DreamJournal":0,"hubris:DeckOfHolding":15,"PreservedInsect":20,"EVO:Axolotl":0,"halation:IncompleteEncyclopedia":0}]},"card_choices":[{"not_picked":["somnambulantmod: Sleepyhead","somnambulantmod: Stumble"],"picked":"somnambulantmod: SickeningSwathe","floor":1},{"not_picked":["somnambulantmod: Harden","somnambulantmod: Extract"],"picked":"somnambulantmod: Pinch","floor":4},{"not_picked":["Enlightenment","Survey Options"],"picked":"conspire:Banana","floor":5},{"not_picked":["somnambulantmod: RecurringDream","somnambulantmod: Cower","somnambulantmod: SickeningSwathe"],"picked":"SKIP","floor":7},{"not_picked":["somnambulantmod: RacingThoughts","somnambulantmod: AllForNothing"],"picked":"somnambulantmod: TrepanningBlow","floor":8},{"not_picked":["somnambulantmod: Unknow","somnambulantmod: BadIdea"],"picked":"somnambulantmod: SleepingBody","floor":9},{"not_picked":["somnambulantmod: BrainFeeder","somnambulantmod: LeechFears","somnambulantmod: ShowerThought"],"picked":"SKIP","floor":10},{"not_picked":["somnambulantmod: Sleepyhead","somnambulantmod: SnuggleUp"],"picked":"somnambulantmod: Pinch","floor":12},{"not_picked":["somnambulantmod: Blink","somnambulantmod: HorrificThought"],"picked":"somnambulantmod: Mindlessness","floor":14}],"player_experience":1080170,"relics_obtained":[{"floor":8,"key":"hubris:DeckOfHolding"},{"floor":9,"key":"PreservedInsect"},{"floor":9,"key":"halation:EternalFortune"},{"floor":10,"key":"StuffTheSpire:Experiment12"}],"event_choices":[{"damage_healed":0,"gold_gain":54,"player_choice":"Gained Gold","damage_taken":0,"max_hp_gain":0,"max_hp_loss":0,"event_name":"Golden Wing","floor":3,"gold_loss":0},{"damage_healed":0,"gold_gain":1,"player_choice":"1","damage_taken":0,"max_hp_gain":0,"max_hp_loss":0,"event_name":"betterStone:BetterStone","floor":5,"gold_loss":0}],"is_beta":false,"boss_relics":[],"items_purged_floors":[],"is_endless":false,"potions_floor_spawned":[4,10,12,14],"killed_by":"Slime Boss","ascension_level":2}}