{"host":"uyrebrj0204enqpc","time":1611102280,"event":{"mods":["Act Like it!","Bard","BaseMod","Block Reminder","Challenge The Spire","Colored Map","Colored Powertips","DeckTracker","Downfall","GifTheSpireLib","HexUI Lib","Highlight Path","Hubris","Infinite Spire","Minty Spire (QoL Compilation)","Pale of the Ancients","Quick Restart","Random Character Button","Relic Sorter","Relic Stats","Shop Mod","StSLib","The Blue Laboratory","The Bug Knight","The Cursed","The Jungle","The Marked","Wandering Minibosses"],"gold_per_floor":[116,116,116,128,237,272,272,272,272,272,287,305,337,337,337,435,435,450,270,340,340,607,607,637,650,677,689,799,543,573,592,592,696,696,712,712,724,427,477,508,558,587,613,663,663,713,776,881,881,977,977,990,1007,1057,878,878,888,888,438,438,438,438],"floor_reached":61,"language":"ENG","playtime":3369,"items_purged":["theMarked:Strike","theMarked:Strike","theMarked:Defend","theMarked:Defend"],"score":1278,"play_id":"a7c70398-5945-4849-a32e-84246fd0ca26","local_time":"20210119192440","is_ascension_mode":true,"campfire_choices":[{"data":"theMarked:SoldierOfQuellstein","floor":7.0,"key":"SMITH"},{"data":"theMarked:EmpowerWeapon","floor":8.0,"key":"SMITH"},{"data":"theMarked:SuspiciousRaven","floor":10.0,"key":"SMITH"},{"data":"theMarked:Defend","floor":15.0,"key":"SMITH"},{"data":"theMarked:ElementalBlade","floor":23.0,"key":"SMITH"},{"data":"hubris:DuctTapeCard","floor":32.0,"key":"SMITH"},{"data":"Madness","floor":45.0,"key":"SMITH"},{"data":"theMarked:TwofoldDefense","floor":49.0,"key":"SMITH"},{"data":"theMarked:Levitate","floor":56.0,"key":"SMITH"},{"data":"theMarked:Levitate","floor":58.0,"key":"SMITH"}],"circlet_count":0,"master_deck":["theMarked:Defend+1","theMarked:SoldierOfQuellstein+1","theMarked:EmpowerWeapon+1","theMarked:SuspiciousRaven+1","theMarked:Levitate+1","theMarked:RepellingDischarge+1","theMarked:Levitate+1","theMarked:TwofoldDefense+1","Madness+1","Madness","infinitespire:Starlight","hubris:DuctTapeCard"],"relics":["theMarked:ArtifactOfAir","WingedGreaves","hubris:MedicalManual","Akabeko","SsserpentHead","infinitespire:Cupcake","Lantern","Boot","MealTicket","wanderingMiniBosses:LockLocket","Bag of Marbles","hubris:DuctTape","Tiny Chest","Kunai","infinitespire:Golems Mask","hubris:GlazedTorus","hubris:RunicObelisk","hubris:SlimyHat","Anchor","Bag of Preparation","infinitespire:CheckeredPen","Vajra","Black Star","paleoftheancients:Timepiece","paleoftheancients:KeyRelic","paleoftheancients:SoulOfTheShowman","hubris:Towel","infinitespire:Lucky Rock","MerchantsRug","theMarked:Winder","theMarked:VonisonLock"],"acts_visited":["Exordium","TheCity","TheBeyond","TheBeyond"],"potions_floor_usage":[],"damage_taken":[{"damage":1.0,"enemies":"2 Louse","floor":1.0,"turns":4.0},{"damage":0.0,"enemies":"Cultist","floor":4.0,"turns":3.0},{"damage":0.0,"enemies":"Jaw Worm","floor":5.0,"turns":6.0},{"damage":3.0,"enemies":"HollowMod:MossKnight","floor":6.0,"turns":5.0},{"damage":4.0,"enemies":"2 Fungi Beasts","floor":11.0,"turns":3.0},{"damage":3.0,"enemies":"Lots of Slimes","floor":12.0,"turns":3.0},{"damage":10.0,"enemies":"3 Sentries","floor":13.0,"turns":5.0},{"damage":3.0,"enemies":"Slime Boss","floor":16.0,"turns":6.0},{"damage":3.0,"enemies":"Chosen","floor":18.0,"turns":4.0},{"damage":0.0,"enemies":"Spheric Guardian","floor":20.0,"turns":3.0},{"damage":1.0,"enemies":"Centurion and Healer","floor":22.0,"turns":8.0},{"damage":0.0,"enemies":"Book of Stabbing","floor":24.0,"turns":2.0},{"damage":0.0,"enemies":"Snake Plant","floor":25.0,"turns":2.0},{"damage":0.0,"enemies":"3 Cultists","floor":27.0,"turns":3.0},{"damage":1.0,"enemies":"Chosen and Byrds","floor":28.0,"turns":4.0},{"damage":0.0,"enemies":"HollowMod:Nosk","floor":30.0,"turns":3.0},{"damage":10.0,"enemies":"Centurion and Healer","floor":31.0,"turns":3.0},{"damage":23.0,"enemies":"hubris:MusketHawk","floor":33.0,"turns":5.0},{"damage":0.0,"enemies":"3 Darklings","floor":35.0,"turns":4.0},{"damage":0.0,"enemies":"Orb Walker","floor":37.0,"turns":1.0},{"damage":37.0,"enemies":"Nightmare","floor":40.0,"turns":5.0},{"damage":0.0,"enemies":"Nemesis","floor":42.0,"turns":3.0},{"damage":0.0,"enemies":"Maw","floor":47.0,"turns":4.0},{"damage":0.0,"enemies":"2 Orb Walkers","floor":48.0,"turns":2.0},{"damage":26.0,"enemies":"hubris:GrandSnecko","floor":50.0,"turns":5.0},{"damage":12.0,"enemies":"hubris:GrandSnecko","floor":52.0,"turns":7.0},{"damage":18.0,"enemies":"hubris:GrandSnecko","floor":53.0,"turns":6.0},{"damage":1.0,"enemies":"","floor":57.0,"turns":6.0},{"damage":12,"enemies":"paleoftheancients:N","floor":61,"turns":3}],"seed_played":"2732120219238450384","potions_obtained":[{"floor":1.0,"key":"blueLaboratory:BottledHope"},{"floor":11.0,"key":"blueLaboratory:LouseDecoction"},{"floor":12.0,"key":"Block Potion"},{"floor":13.0,"key":"Weak Potion"},{"floor":20.0,"key":"Energy Potion"},{"floor":27.0,"key":"SpeedPotion"},{"floor":28.0,"key":"blueLaboratory:PolymorphPotion"},{"floor":30.0,"key":"blueLaboratory:EmptyBottle"},{"floor":57.0,"key":"sneckomod:MuddlingPotion"}],"is_trial":false,"path_per_floor":["M","?","?","M","M","E","R","R","T","R","M","M","E","?","R","B",null,"M","$","M","AVR","M","R","E","M","T","M","M","$","E","M","R","B",null,"M","AVR","M","$","?","NM","?","E","T","?","R","T","M","?","R","B",null,"M","M","?","$","R","M","R","$","?","B"],"character_chosen":"THE_DEFAULT","items_purchased":["Lantern","Bag of Marbles","hubris:SlimyHat","Anchor","infinitespire:Lucky Rock","MerchantsRug","theMarked:Winder","theMarked:VonisonLock"],"campfire_rested":0,"item_purchase_floors":[19,29,38,38,55,55,59,59],"current_hp_per_floor":[76,76,76,76,76,73,73,73,73,73,69,66,56,56,56,53,77,74,74,74,84,83,83,83,83,83,83,82,87,87,77,77,54,87,87,87,87,87,76,39,18,28,28,28,28,28,38,62,62,46,111,105,109,109,111,111,111,111,111,111,99,99],"gold":438,"neow_bonus":"TEN_PERCENT_HP_BONUS","is_daily":false,"chose_seed":false,"campfire_upgraded":10,"win_rate":0.0,"timestamp":1611102280,"path_taken":["M","?","?","?","M","E","R","R","T","R","M","M","E","?","R","BOSS","M","?","?","AVR","M","R","E","M","T","M","M","$","E","M","R","BOSS","M","AVR","M","$","?","NM","?","E","T","?","R","?","?","?","R","BOSS","M","M","?","$","R","M","R","$","?","BOSS"],"items_purchased_type":["Relic","Relic","Relic","Relic","Relic","Relic","Relic","Relic"],"build_version":"2020-12-22","purchased_purges":4,"victory":false,"max_hp_per_floor":[77,77,77,77,77,77,77,77,77,77,77,77,77,77,77,77,77,77,77,77,87,87,87,87,87,87,87,87,87,87,87,87,87,87,87,87,87,87,87,87,87,87,87,87,87,87,87,101,101,101,111,111,111,111,111,111,111,111,111,111,111,111],"relic_stats":{"SsserpentHead":450,"counters":[29,118],"MealTicket":7,"Tiny Chest":1,"Bag of Preparation":[24],"Black Star":0,"Kunai":[13],"Boot":[8],"obtain_stats":[{"Lantern":19,"Vajra":46,"Mango":48,"hubris:SlimyHat":38,"Bag of Preparation":40,"hubris:RunicObelisk":36,"Empty Cage":21,"Boot":24,"SsserpentHead":14,"MealTicket":26,"Tiny Chest":34,"infinitespire:Golems Mask":34,"WingedGreaves":6,"theMarked:VonisonLock":59,"Kunai":34,"wanderingMiniBosses:LockLocket":28,"hubris:GlazedTorus":36,"MerchantsRug":55,"paleoftheancients:KeyRelic":51,"Pear":21,"hubris:DuctTape":30,"hubris:MedicalManual":9,"infinitespire:CheckeredPen":42,"infinitespire:Lucky Rock":55,"hubris:Towel":54,"Akabeko":13,"Calling Bell":34,"paleoftheancients:Timepiece":51,"theMarked:ArtifactOfAir":0,"Anchor":38,"Bag of Marbles":29,"Black Star":51,"theMarked:Winder":59,"paleoftheancients:SoulOfTheShowman":52,"infinitespire:Cupcake":17},{"Lantern":9,"Vajra":22,"Mango":24,"hubris:SlimyHat":20,"Bag of Preparation":21,"hubris:RunicObelisk":19,"Empty Cage":10,"Boot":12,"SsserpentHead":7,"MealTicket":13,"Tiny Chest":18,"infinitespire:Golems Mask":18,"WingedGreaves":4,"theMarked:VonisonLock":28,"Kunai":18,"wanderingMiniBosses:LockLocket":15,"hubris:GlazedTorus":19,"MerchantsRug":27,"paleoftheancients:KeyRelic":25,"Pear":10,"hubris:DuctTape":16,"hubris:MedicalManual":4,"infinitespire:CheckeredPen":22,"infinitespire:Lucky Rock":27,"hubris:Towel":27,"Akabeko":7,"Calling Bell":18,"paleoftheancients:Timepiece":25,"theMarked:ArtifactOfAir":0,"Anchor":20,"Bag of Marbles":15,"Black Star":25,"theMarked:Winder":28,"paleoftheancients:SoulOfTheShowman":26,"infinitespire:Cupcake":8},{"Lantern":39,"Vajra":85,"Mango":91,"hubris:SlimyHat":77,"Bag of Preparation":82,"hubris:RunicObelisk":76,"Empty Cage":42,"Boot":52,"SsserpentHead":29,"MealTicket":54,"Tiny Chest":72,"infinitespire:Golems Mask":72,"WingedGreaves":18,"theMarked:VonisonLock":115,"Kunai":72,"wanderingMiniBosses:LockLocket":61,"hubris:GlazedTorus":76,"MerchantsRug":109,"paleoftheancients:KeyRelic":96,"Pear":42,"hubris:DuctTape":64,"hubris:MedicalManual":18,"infinitespire:CheckeredPen":85,"infinitespire:Lucky Rock":109,"hubris:Towel":109,"Akabeko":29,"Calling Bell":72,"paleoftheancients:Timepiece":96,"theMarked:ArtifactOfAir":0,"Anchor":77,"Bag of Marbles":61,"Black Star":96,"theMarked:Winder":115,"paleoftheancients:SoulOfTheShowman":103,"infinitespire:Cupcake":35}]},"card_choices":[{"not_picked":["theMarked:BanishingStrike","theMarked:TwofoldDefense"],"picked":"theMarked:EmpowerWeapon","floor":1.0},{"not_picked":["theMarked:Aftermath","theMarked:WastefulAttack"],"picked":"theMarked:SuspiciousRaven","floor":4.0},{"not_picked":["theMarked:Polarize","theMarked:ResourceFulStrike","theMarked:SelfDefenseTraining"],"picked":"SKIP","floor":5.0},{"not_picked":["theMarked:GodGivenPower","theMarked:HeritageOfTheMarked","theMarked:ComboAttacks"],"picked":"SKIP","floor":6.0},{"not_picked":["theMarked:SwordAndMagic","theMarked:WastefulDefense","theMarked:RogueSparks"],"picked":"SKIP","floor":11.0},{"not_picked":["theMarked:ResourceFulStrike","theMarked:ElectricStrings","theMarked:Improvise"],"picked":"SKIP","floor":12.0},{"not_picked":["theMarked:HeightenedSenses","theMarked:ResourceFulStrike"],"picked":"theMarked:ParalyzingBlade","floor":13.0},{"not_picked":["theMarked:Vacuum","theMarked:DispelDoubt"],"picked":"theMarked:Levitate","floor":16.0},{"not_picked":["theMarked:Overthink","theMarked:Improvise","theMarked:MaelstromOfLightning"],"picked":"SKIP","floor":18.0},{"not_picked":["theMarked:Static","theMarked:Electrocute","theMarked:HeightenedSenses"],"picked":"SKIP","floor":20.0},{"not_picked":["theMarked:Levitate","theMarked:KeepCalmAndFightOn"],"picked":"theMarked:ElementalBlade","floor":22.0},{"not_picked":["theMarked:BanishingStrike","theMarked:Parkour","theMarked:Convert+1"],"picked":"SKIP","floor":24.0},{"not_picked":["theMarked:DeterminationOfTheMarked","theMarked:WardOff","theMarked:GodGivenPower"],"picked":"SKIP","floor":25.0},{"not_picked":["theMarked:WardOff","theMarked:Seal","theMarked:SwordAndMagic"],"picked":"SKIP","floor":27.0},{"not_picked":["theMarked:Panic","theMarked:SwordAndMagic","theMarked:TakeCover+1"],"picked":"SKIP","floor":28.0},{"not_picked":["theMarked:ElectricStrings+1","theMarked:Parkour+1","theMarked:TunnelVision+1"],"picked":"SKIP","floor":30.0},{"not_picked":["theMarked:ContemptForTheProud","theMarked:Aftermath+1"],"picked":"theMarked:RepellingDischarge+1","floor":31.0},{"not_picked":["theMarked:ThrowWeapon","theMarked:Abjuration"],"picked":"theMarked:Levitate","floor":33.0},{"not_picked":["theMarked:RepellingDischarge","theMarked:Aftermath"],"picked":"theMarked:TwofoldDefense","floor":35.0},{"not_picked":["theMarked:Vacuum","theMarked:HeightenedSenses+1","theMarked:Indomitable+1"],"picked":"SKIP","floor":37.0},{"not_picked":["theMarked:WastefulAttack+1","theMarked:Convert","theMarked:ParalyzingBlade"],"picked":"SKIP","floor":40.0},{"not_picked":["hubris:Fate","infinitespire:Execution"],"picked":"infinitespire:Starlight","floor":41.0},{"not_picked":["theMarked:Snap","theMarked:Standoff","theMarked:Indomitable"],"picked":"SKIP","floor":42.0},{"not_picked":["theMarked:SelfDefenseTraining","theMarked:RepellingDischarge+1","theMarked:SwordAndMagic"],"picked":"SKIP","floor":47.0},{"not_picked":["theMarked:Frustration","theMarked:MysticalArsenal","theMarked:WastefulDefense"],"picked":"SKIP","floor":52.0},{"not_picked":["theMarked:ResourceFulStrike+1","theMarked:ShockingTouch","theMarked:WastefulAttack"],"picked":"SKIP","floor":53.0},{"not_picked":["theMarked:DeterminationOfTheMarked","theMarked:Aftermath+1","theMarked:Improvise"],"picked":"SKIP","floor":57.0}],"player_experience":1072434,"relics_obtained":[{"floor":6.0,"key":"WingedGreaves"},{"floor":9.0,"key":"hubris:MedicalManual"},{"floor":13.0,"key":"Akabeko"},{"floor":24.0,"key":"Boot"},{"floor":26.0,"key":"MealTicket"},{"floor":28.0,"key":"wanderingMiniBosses:LockLocket"},{"floor":30.0,"key":"hubris:DuctTape"},{"floor":34.0,"key":"Tiny Chest"},{"floor":34.0,"key":"Kunai"},{"floor":34.0,"key":"infinitespire:Golems Mask"},{"floor":40.0,"key":"Bag of Preparation"},{"floor":42.0,"key":"infinitespire:CheckeredPen"},{"floor":46.0,"key":"Vajra"},{"floor":48.0,"key":"Mango"},{"floor":52.0,"key":"paleoftheancients:SoulOfTheShowman"},{"floor":53.0,"key":"paleoftheancients:SoulOfTheWatcher"}],"event_choices":[{"cards_removed":["theMarked:Strike"],"damage_healed":0.0,"max_hp_gain":0.0,"max_hp_loss":0.0,"gold_gain":0.0,"event_name":"Purifier","player_choice":"Purged","floor":3.0,"gold_loss":0.0,"damage_taken":0.0},{"damage_healed":0.0,"max_hp_gain":0.0,"max_hp_loss":0.0,"gold_gain":0.0,"event_name":"FaceTrader","player_choice":"Trade","floor":14.0,"gold_loss":0.0,"damage_taken":0.0,"relics_obtained":["SsserpentHead"]},{"damage_healed":0.0,"max_hp_gain":0.0,"max_hp_loss":0.0,"gold_gain":0.0,"event_name":"Winding Halls","player_choice":"Embrace Madness","floor":39.0,"gold_loss":0.0,"damage_taken":11.0,"cards_obtained":["Madness","Madness"]},{"damage_healed":0.0,"max_hp_gain":0.0,"max_hp_loss":0.0,"gold_gain":0.0,"event_name":"Duplicator","player_choice":"Copied","floor":44.0,"gold_loss":0.0,"damage_taken":0.0,"cards_obtained":["hubris:DuctTapeCard"]},{"damage_healed":0.0,"max_hp_gain":0.0,"max_hp_loss":0.0,"gold_gain":0.0,"event_name":"Mysterious Sphere","player_choice":"Fight","floor":48.0,"gold_loss":0.0,"damage_taken":0.0}],"is_beta":false,"boss_relics":[{"not_picked":["hubris:BlackHole","Philosopher\u0027s Stone"],"picked":"infinitespire:Cupcake"},{"not_picked":["hubris:VirtuousBlindfold","Busted Crown"],"picked":"Calling Bell"},{"not_picked":["SlaversCollar","Snecko Eye"],"picked":"Black Star"}],"items_purged_floors":[19,21,29,36],"is_endless":true,"potions_floor_spawned":[1,11,12,13,20,27,28,30,35,37,57],"killed_by":"paleoftheancients:N","ascension_level":4}}