{"host":"o6k2gaocsza4qys9","time":1611134199,"event":{"mods":["BaseMod","Minty Spire (QoL Compilation)","Relic Stats"],"gold_per_floor":[116,134,153,153,35,70,70,81,81,97,110,110,139,189,189,189,189],"floor_reached":16,"language":"ENG","playtime":725,"items_purged":[],"score":224,"play_id":"6d80156e-20ff-4c63-a051-5ac76dc75c06","local_time":"20210120171639","is_ascension_mode":true,"campfire_choices":[{"data":"Carnage","floor":7,"key":"SMITH"},{"data":"Rage","floor":12,"key":"SMITH"},{"data":"Burning Pact","floor":15,"key":"SMITH"}],"circlet_count":0,"master_deck":["AscendersBane","Strike_R","Strike_R","Strike_R","Strike_R","Strike_R","Defend_R","Defend_R","Defend_R","Defend_R","Bash","Double Tap","Power Through","Battle Trance","Carnage+1","Feel No Pain","Shrug It Off","Rage+1","Battle Trance","Burning Pact+1"],"relics":["Burning Blood","Ancient Tea Set","InkBottle","Oddly Smooth Stone","Centennial Puzzle"],"acts_visited":["Exordium"],"potions_floor_usage":[6,6,16],"damage_taken":[{"damage":12,"enemies":"2 Louse","floor":1,"turns":3},{"damage":6,"enemies":"Cultist","floor":2,"turns":4},{"damage":7,"enemies":"Small Slimes","floor":3,"turns":4},{"damage":16,"enemies":"Gremlin Nob","floor":6,"turns":4},{"damage":6,"enemies":"Exordium Wildlife","floor":8,"turns":2},{"damage":6,"enemies":"Exordium Thugs","floor":10,"turns":4},{"damage":0,"enemies":"Looter","floor":11,"turns":1},{"damage":2,"enemies":"3 Sentries","floor":13,"turns":8},{"damage":56,"enemies":"The Guardian","floor":16,"turns":10}],"seed_played":"3356083903384075096","potions_obtained":[{"floor":1,"key":"Weak Potion"},{"floor":2,"key":"SkillPotion"},{"floor":6,"key":"Strength Potion"},{"floor":10,"key":"PowerPotion"}],"is_trial":false,"path_per_floor":["M","M","M","?","$","E","R","M","T","M","M","R","E","?","R","B"],"character_chosen":"IRONCLAD","items_purchased":["Carnage","Feel No Pain"],"campfire_rested":0,"item_purchase_floors":[5,5],"current_hp_per_floor":[62,62,61,56,56,46,46,46,46,46,52,52,56,56,56,0,0],"gold":189,"neow_bonus":"ONE_RANDOM_RARE_CARD","is_daily":false,"chose_seed":false,"campfire_upgraded":3,"win_rate":0.0,"timestamp":1611134199,"path_taken":["M","M","M","?","$","E","R","M","T","M","M","R","E","?","R","BOSS"],"items_purchased_type":["Card","Card"],"build_version":"2020-12-22","purchased_purges":0,"victory":false,"max_hp_per_floor":[75,75,75,75,75,75,75,75,75,75,75,75,75,75,75,75,75],"relic_stats":{"Centennial Puzzle":[3],"counters":[9,40],"obtain_stats":[{"Centennial Puzzle":13,"Oddly Smooth Stone":9,"Ancient Tea Set":4,"Burning Blood":0,"InkBottle":6},{"Centennial Puzzle":8,"Oddly Smooth Stone":5,"Ancient Tea Set":3,"Burning Blood":0,"InkBottle":4},{"Centennial Puzzle":30,"Oddly Smooth Stone":17,"Ancient Tea Set":11,"Burning Blood":0,"InkBottle":15}],"Burning Blood":48,"InkBottle":[2]},"card_choices":[{"not_picked":["Body Slam","Dual Wield"],"picked":"Power Through","floor":1},{"not_picked":["Ghostly Armor","Wild Strike"],"picked":"Battle Trance","floor":2},{"not_picked":["Cleave","Intimidate","Dropkick"],"picked":"SKIP","floor":3},{"not_picked":["Cleave","Intimidate","Dropkick"],"picked":"SKIP","floor":3},{"not_picked":["Sentinel","Headbutt"],"picked":"Shrug It Off","floor":6},{"not_picked":["Clothesline","Feel No Pain"],"picked":"Rage","floor":8},{"not_picked":["Dual Wield","Headbutt","Thunderclap"],"picked":"SKIP","floor":10},{"not_picked":["Hemokinesis","Armaments"],"picked":"Battle Trance","floor":11},{"not_picked":["Metallicize","Flex"],"picked":"Burning Pact","floor":13}],"player_experience":446967,"relics_obtained":[{"floor":6,"key":"InkBottle"},{"floor":9,"key":"Oddly Smooth Stone"},{"floor":13,"key":"Centennial Puzzle"}],"event_choices":[{"damage_healed":0,"gold_gain":0,"player_choice":"Success","damage_taken":5,"relics_obtained":["Ancient Tea Set"],"max_hp_gain":0,"max_hp_loss":0,"event_name":"Scrap Ooze","floor":4,"gold_loss":0},{"damage_healed":0,"gold_gain":50,"player_choice":"Pray","damage_taken":0,"max_hp_gain":0,"max_hp_loss":0,"event_name":"Golden Shrine","floor":14,"gold_loss":0}],"is_beta":false,"boss_relics":[],"items_purged_floors":[],"is_endless":false,"potions_floor_spawned":[1,2,6,10],"killed_by":"The Guardian","ascension_level":20}}