{"host":"08z5bj28eube4vug","time":1611101468,"event":{"mods":["2.2 Compatiblity","Abigail Mod","Act Like it!","BaseMod","Beaked The Cultist","Bestiary","Friendly Minions","Gensokyo","GungeonMod","Hallownest","Kiyohime????","Koishi","Lobotomy","Marisa????????","Minty Spire (QoL Compilation)","Prisma Mod","Remilia??????","Replay The Spire","StSLib","Td1madao Mod","The Alterego","The Bug Knight","The Jungle","The Sage","The Senshi","The Servant 0.9.4","Waifu the Spire","WarShipGirlsR/????R mod","Yuri Mod"],"gold_per_floor":[110,123,63,77,94,94,105,105,130,150,150,163,163,195,195,298,398,417,357,357,357,377,377,395,395,445,462,494,506,506,506,506,607,607,627,488,488,501,513,513,538,538,538,538,552,552,570,599,599,599],"floor_reached":51,"language":"ENG","playtime":4658,"items_purged":[],"score":1018,"play_id":"09d79e9f-e8b9-4b8b-973f-5022c840b48d","local_time":"20210120031108","is_ascension_mode":true,"campfire_choices":[{"data":"rmod:lonelyqueen","floor":8.0,"key":"SMITH"},{"data":"rmod:diamondstrike","floor":11.0,"key":"SMITH"},{"data":"rmod:tearstotiara","floor":13.0,"key":"SMITH"},{"data":"rmod:basicallowance","floor":15.0,"key":"SMITH"},{"data":"rmod:seals","floor":23.0,"key":"SMITH"},{"data":"rmod:intelligenceanalysis","floor":25.0,"key":"SMITH"},{"data":"rmod:acesubmarine","floor":40.0,"key":"SMITH"},{"floor":42.0,"key":"DIG"},{"data":"rmod:lonelyqueen","floor":46,"key":"SMITH"},{"floor":49,"key":"REST"}],"circlet_count":0,"master_deck":["rmod:strick","rmod:strick","rmod:defend","rmod:defend","rmod:defend","rmod:basicallowance+1","rmod:maingunfire","rmod:tearstotiara+1","rmod:lonelyqueen+1","rmod:diamondstrike+1","rmod:maintain","rmod:unsinkable","rmod:unsinkable","rmod:circuitoustactics","rmod:tearstotiara","rmod:seals+1","rmod:intelligenceanalysis+1","rmod:tearstotiara","rmod:smokecover+1","RitualDagger","rmod:acesubmarine+1","rmod:smokecover+1","rmod:lonelyqueen+1","rmod:expedition+1","rmod:smokecover+1","rmod:ring+1","rmod:wolves+1","rmod:gendarmerie","rmod:unsinkable+1"],"relics":["rmod:firstchargereward","Anchor","Smiling Mask","DemoMod:NanoMachines","Replay:Grab Bag","beaked:SacredNecklace","Replay:Wanted Poster","Empty Cage","Pen Nib","Replay:Multitool","Ring of Chaos","Boot","theSenshi:SailorFukuRelic","Garlic","DemoMod:WhiteGuonStone","DemoMod:Armor"],"acts_visited":["Exordium","TheCity","TheBeyond"],"potions_floor_usage":[47,48,50,50],"damage_taken":[{"damage":0.0,"enemies":"Jaw Worm","floor":1.0,"turns":3.0},{"damage":5.0,"enemies":"Small Slimes","floor":2.0,"turns":3.0},{"damage":0.0,"enemies":"2 Louse","floor":4.0,"turns":2.0},{"damage":6.0,"enemies":"Large Slime","floor":5.0,"turns":6.0},{"damage":0.0,"enemies":"2 Fungi Beasts","floor":7.0,"turns":4.0},{"damage":0.0,"enemies":"3 Louse","floor":10.0,"turns":3.0},{"damage":0.0,"enemies":"Looter","floor":12.0,"turns":3.0},{"damage":10.0,"enemies":"Gremlin Nob","floor":14.0,"turns":3.0},{"damage":7.0,"enemies":"The Guardian","floor":16.0,"turns":9.0},{"damage":9.0,"enemies":"2 Thieves","floor":18.0,"turns":4.0},{"damage":0.0,"enemies":"Spheric Guardian","floor":22.0,"turns":2.0},{"damage":2.0,"enemies":"Snake Plant","floor":24.0,"turns":4.0},{"damage":0.0,"enemies":"Centurion and Healer","floor":27.0,"turns":5.0},{"damage":10.0,"enemies":"Book of Stabbing","floor":28.0,"turns":7.0},{"damage":10.0,"enemies":"Snecko","floor":29.0,"turns":4.0},{"damage":0.0,"enemies":"Champ","floor":33.0,"turns":16.0},{"damage":8.0,"enemies":"3 Darklings","floor":35.0,"turns":4.0},{"damage":0.0,"enemies":"Orb Walker","floor":38.0,"turns":4.0},{"damage":0.0,"enemies":"Maw","floor":39.0,"turns":8.0},{"damage":1.0,"enemies":"Giant Head","floor":41.0,"turns":7.0},{"damage":10.0,"enemies":"Jaw Worm Horde","floor":45.0,"turns":5.0},{"damage":19,"enemies":"Transient","floor":47,"turns":5},{"damage":25,"enemies":"Reptomancer","floor":48,"turns":5},{"damage":21,"enemies":"Awakened One","floor":50,"turns":15}],"seed_played":"-7317007741954468199","potions_obtained":[{"floor":7.0,"key":"Venom Potion"},{"floor":10.0,"key":"FearPotion"},{"floor":12.0,"key":"Energy Potion"},{"floor":14.0,"key":"Explosive Potion"},{"floor":29.0,"key":"Regen Potion"},{"floor":33.0,"key":"Dexterity Potion"},{"floor":39.0,"key":"SkillPotion"},{"floor":48,"key":"Venom Potion"}],"is_trial":false,"path_per_floor":["M","M","?","M","M","?","M","R","T","M","R","M","R","E","R","B",null,"M","?","?","?","M","R","M","R","T","M","E","M","?","?","R","B",null,"M","$","?","M","M","R","E","R","T","$","M","R","M","E","R","B",null],"character_chosen":"PRAEFECT","items_purchased":["rmod:lonelyqueen","rmod:expedition+1"],"campfire_rested":1,"item_purchase_floors":[36,36],"current_hp_per_floor":[68,63,63,63,57,57,57,57,57,57,57,57,57,47,47,40,66,57,57,57,57,57,57,55,55,55,55,45,35,35,29,51,51,69,61,61,61,61,61,61,60,60,60,60,50,50,52,27,49,28],"gold":599,"neow_bonus":"RANDOM_COMMON_RELIC","is_daily":false,"chose_seed":false,"campfire_upgraded":8,"win_rate":0.0,"timestamp":1611101468,"path_taken":["M","M","?","M","M","?","M","R","T","?","R","M","R","E","R","BOSS","M","?","?","?","M","R","?","R","T","M","E","M","?","?","R","BOSS","M","$","?","M","?","R","E","R","T","$","M","R","M","E","R","BOSS"],"items_purchased_type":["Card","Card"],"build_version":"2020-12-22","purchased_purges":0,"victory":true,"max_hp_per_floor":[75,75,75,75,75,75,75,75,75,75,75,75,75,75,75,75,75,75,75,75,75,75,75,75,75,75,75,75,75,75,75,75,75,75,75,75,75,75,75,75,75,75,75,75,75,75,75,75,75,75],"card_choices":[{"not_picked":["rmod:diamondstrike","rmod:victimresponsibility"],"picked":"rmod:tearstotiara","floor":1.0},{"not_picked":["rmod:aggressivemary","rmod:aviationdawn"],"picked":"rmod:lonelyqueen","floor":2.0},{"not_picked":["rmod:victimresponsibility","rmod:sl","rmod:aggressivemary"],"picked":"SKIP","floor":4.0},{"not_picked":["rmod:aluminumsupply","rmod:ammunitionsupply"],"picked":"rmod:diamondstrike","floor":5.0},{"not_picked":["rmod:combined","rmod:supportescort"],"picked":"rmod:unsinkable","floor":7.0},{"not_picked":["rmod:shuttlebombing","rmod:aluminumsupply"],"picked":"rmod:unsinkable","floor":10.0},{"not_picked":["rmod:ammunitionsupply","rmod:capitalist"],"picked":"rmod:circuitoustactics","floor":12.0},{"not_picked":["rmod:unsinkable","rmod:ammunitionsupply"],"picked":"rmod:tearstotiara","floor":14.0},{"not_picked":["rmod:auspiciousomen","rmod:saltedfish"],"picked":"rmod:seals","floor":16.0},{"not_picked":["rmod:diamondstrike+1","rmod:shuttlebombing","rmod:capitalist+1"],"picked":"SKIP","floor":18.0},{"not_picked":["rmod:combined","rmod:aviationdawn"],"picked":"rmod:intelligenceanalysis","floor":22.0},{"not_picked":["rmod:unsinkable","rmod:luckystar"],"picked":"rmod:tearstotiara","floor":24.0},{"not_picked":["rmod:aviationdawn","rmod:luckystar","rmod:combined"],"picked":"SKIP","floor":27.0},{"not_picked":["rmod:windflower","rmod:goodsister","rmod:launchingtorpedo"],"picked":"SKIP","floor":28.0},{"not_picked":["rmod:ammunitionsupply","rmod:salvage"],"picked":"rmod:smokecover","floor":29.0},{"not_picked":["rmod:lastglory","rmod:supriseattacks"],"picked":"rmod:acesubmarine","floor":33.0},{"not_picked":["rmod:aviationdawn+1","rmod:lonelyqueen+1"],"picked":"rmod:smokecover+1","floor":35.0},{"not_picked":["rmod:aviationdawn+1","rmod:fletcherpendant"],"picked":"rmod:ring+1","floor":38.0},{"not_picked":["rmod:intelligenceanalysis+1","rmod:fuelsupply"],"picked":"rmod:wolves+1","floor":39.0},{"not_picked":["rmod:victimresponsibility+1","rmod:luckystar+1"],"picked":"rmod:gendarmerie","floor":41.0},{"not_picked":["rmod:saltedfish","rmod:supportescort"],"picked":"rmod:unsinkable+1","floor":45.0},{"not_picked":["rmod:combined","rmod:ring","rmod:shuttlebombing"],"picked":"SKIP","floor":47},{"not_picked":["rmod:supportescort+1","rmod:luckystar","rmod:wife+1"],"picked":"SKIP","floor":48}],"player_experience":818382,"relics_obtained":[{"floor":9.0,"key":"Smiling Mask"},{"floor":14.0,"key":"DemoMod:NanoMachines"},{"floor":26.0,"key":"Pen Nib"},{"floor":28.0,"key":"Replay:Multitool"},{"floor":41.0,"key":"Boot"},{"floor":42.0,"key":"theSenshi:SailorFukuRelic"},{"floor":43.0,"key":"Garlic"},{"floor":48,"key":"DemoMod:WhiteGuonStone"}],"event_choices":[{"damage_healed":0.0,"max_hp_gain":0.0,"max_hp_loss":0.0,"gold_gain":0.0,"cards_transformed":["rmod:strick"],"event_name":"Transmorgrifier","player_choice":"Transformed","floor":6.0,"gold_loss":0.0,"damage_taken":0.0,"cards_obtained":["rmod:maintain"]},{"damage_healed":0.0,"max_hp_gain":0.0,"max_hp_loss":0.0,"gold_gain":0.0,"event_name":"Nest","player_choice":"Joined the Cult","floor":31.0,"gold_loss":0.0,"damage_taken":6.0,"cards_obtained":["RitualDagger"]},{"damage_healed":0.0,"max_hp_gain":0.0,"max_hp_loss":0.0,"gold_gain":0.0,"event_name":"Duplicator","player_choice":"Copied","floor":37.0,"gold_loss":0.0,"damage_taken":0.0,"cards_obtained":["rmod:smokecover"]}],"is_beta":false,"boss_relics":[{"not_picked":["Astrolabe","Velvet Choker"],"picked":"Replay:Grab Bag"},{"not_picked":["Fusion Hammer","Ectoplasm"],"picked":"beaked:SacredNecklace"},{"not_picked":["ReplayTheSpireMod:DimensionalGlitch","Abe\u0027s Treasure"],"picked":"Replay:Wanted Poster"},{"not_picked":["Kintsugi","Pandora\u0027s Box"],"picked":"Empty Cage"},{"not_picked":["Black Star","Replay:Drink Me"],"picked":"Ring of Chaos"}],"items_purged_floors":[],"is_endless":false,"potions_floor_spawned":[7,10,12,14,18,29,33,38,39,45,48],"ascension_level":7}}