{"host":"oc9z8cublggqyfxu","time":1611138168,"event":{"mods":["AchievementEnabler","Act Like it!","Aspiration","BaseMod","Colored Map","Colored Powertips","Dota2Spire","Friendly Minions","Gensokyo","GifTheSpireLib","Hallownest","Hermit","Highlight Path","Infinite Spire","KinomotoSakuraMod(木之本樱)","Koishi","Lobotomy","LobotomyExtend","Marisa（F雨　魔理沙）","Minty Spire (QoL Compilation)","Quick Restart","Rare Cards Sparkle","Relic Stats","Remilia（蕾米莉亚）","Replay The Spire","RumiaBox-露米娅的神秘盒子","Spicy Shops","StSLib","The Administrix","The Animator","The Blackbeard","The Bug Knight","The Cursed","The Hierophant","The Mystic","The Runesmith","The Servant 0.9.4","Yakumo Yukari mod","Youmu（魂魄妖梦）","Yuyuko","vexMod","【功能Mod】混沌之环修复补丁","【功能Mod】聪明的最终Boss"],"gold_per_floor":[277,277,294,294,27,27,27],"floor_reached":6,"language":"ZHS","playtime":245,"items_purged":["Replay:Sluggish","Defend_G"],"score":39,"play_id":"481467c3-f5af-4957-a700-44226fefc0a0","local_time":"20210120182248","is_ascension_mode":true,"campfire_choices":[],"circlet_count":0,"master_deck":["Strike_G","Strike_G","Strike_G","Strike_G","Strike_G","Defend_G","Defend_G","Defend_G","Defend_G","Survivor","Neutralize","Finisher","LaLuna","Acrobatics","Acrobatics"],"relics":["Ring of the Snake","CogitoBucket","RabbitCall","LetterFromLob","Mango","Ring of Panic","Ring of Fangs"],"acts_visited":["Gensokyo:Gensokyo"],"potions_floor_usage":[],"damage_taken":[{"damage":1.0,"enemies":"Gensokyo:Gryphon","floor":1.0,"turns":4.0},{"damage":3.0,"enemies":"Gensokyo:Python","floor":3.0,"turns":3.0},{"damage":0,"enemies":"Gensokyo:Cirno","floor":6,"turns":1}],"seed_played":"7974404559218840859","potions_obtained":[],"is_trial":false,"path_per_floor":["M","?","M","?","$","E"],"character_chosen":"THE_SILENT","items_purchased":["Acrobatics"],"campfire_rested":0,"item_purchase_floors":[5],"current_hp_per_floor":[69,62,59,59,59,59,59],"gold":27,"neow_bonus":"","is_daily":false,"chose_seed":false,"campfire_upgraded":0,"win_rate":0.0,"timestamp":1611138168,"path_taken":["M","?","M","?","$","E"],"items_purchased_type":["Card"],"build_version":"2020-12-22","purchased_purges":2,"victory":false,"max_hp_per_floor":[70,84,84,84,84,84,84],"relic_stats":{"counters":[2,7],"obtain_stats":[{"RabbitCall":0,"CogitoBucket":0,"Ring of Fangs":4,"Mango":2,"LetterFromLob":1,"Ring of Panic":4,"Ring of the Snake":0},{"RabbitCall":0,"CogitoBucket":0,"Ring of Fangs":2,"Mango":1,"LetterFromLob":1,"Ring of Panic":2,"Ring of the Snake":0},{"RabbitCall":0,"CogitoBucket":0,"Ring of Fangs":7,"Mango":4,"LetterFromLob":4,"Ring of Panic":7,"Ring of the Snake":0}],"Ring of the Snake":[4]},"card_choices":[{"not_picked":["Cloak And Dagger","PiercingWail"],"picked":"Finisher","floor":1.0},{"not_picked":["FairyFestival","MHz"],"picked":"LaLuna","floor":1.0},{"not_picked":["Underhanded Strike","Sucker Punch"],"picked":"Acrobatics","floor":3.0},{"not_picked":["Rudolta","OldLady","DreamingCurrent"],"picked":"Singing Bowl","floor":3.0}],"player_experience":348562,"relics_obtained":[{"floor":1.0,"key":"LetterFromLob"},{"floor":4.0,"key":"Ring of Panic"},{"floor":4.0,"key":"Ring of Fangs"}],"event_choices":[],"is_beta":false,"boss_relics":[],"items_purged_floors":[5,5],"is_endless":false,"potions_floor_spawned":[],"killed_by":"Gensokyo:Cirno","ascension_level":3}}