{"host":"1zjc08c6hob33401","time":1611149597,"event":{"mods":["AchievementEnabler","Act Like it!","Aspiration","BaseMod","Downfall","Energized Spire","Evolution","Friendly Minions","Gensokyo","GifTheSpireLib","Hubris","Infinite Spire","Jedi Mod","Minty Spire (QoL Compilation)","Pale of the Ancients","Quick Restart","Replay The Spire","Retaliation","Shop Mod","Spire Arcade","StS++","StSLib","Stuff the Spire","The Blue Laboratory","Wandering Minibosses","vexMod","??????REMEMod"],"gold_per_floor":[115,131,148,148,148,148,165,194,221,231,250,250,12,28,62,98,98,195,195,212,222,240,190,190,90,90,90,102,112,128,141,26,38,38,38,38],"floor_reached":35,"language":"RUS","playtime":2762,"items_purged":["Voices","StSpp:CorrosivePoison"],"score":396,"play_id":"53b2c00b-0465-4df0-92d4-7f27e0ab820b","local_time":"20210120153317","is_ascension_mode":true,"campfire_choices":[{"data":"Gensokyo:MorningStar","floor":12.0,"key":"SMITH"},{"floor":27.0,"key":"REST"},{"data":"Sneak Up","floor":34.0,"key":"SMITH"}],"circlet_count":0,"master_deck":["Dagger Spray","Strike_G+1","Strike_G+1","Strike_G+1","Defend_G+1","Defend_G+1","Defend_G+1","Survivor","Neutralize","Gensokyo:MorningStar+1","Quick Slash","jedi:pocketpoison","StSpp:Lure","StuffTheSpire:Incantation","Sneak Up+1","Calculated Gamble","Dagger Throw","Hidden Blade","StuffTheSpire:Sprint","Terror","Poisoned Stab","jedi:brewingpoison","Dagger Throw","StuffTheSpire:BrimstoneBlast","Bane","Venomology","Blade Dance+1","StSpp:Throw","Envenom","Footwork+1","Acrobatics+1","ReplayTheSpireMod:Tripwire+1","ReplayTheSpireMod:From All Sides","Slice+1","Deflect"],"relics":["Ring of the Snake","EVO:Axolotl","REME_ComplimentaryCards","StuffTheSpire:Barrel","Pen Nib","TwistedFunnel","Strawberry","aspiration:ArtOfWarUpgrade","StSpp:Magatama","downfall:HeartBlessingGreen","hubris:Metronome"],"acts_visited":["Exordium","TheCity"],"potions_floor_usage":[35],"damage_taken":[{"damage":0.0,"enemies":"2 Louse","floor":1.0,"turns":3.0},{"damage":0.0,"enemies":"Cultist","floor":2.0,"turns":3.0},{"damage":0.0,"enemies":"Jaw Worm","floor":3.0,"turns":2.0},{"damage":3.0,"enemies":"2 Fungi Beasts","floor":7.0,"turns":4.0},{"damage":12.0,"enemies":"Gremlin Nob","floor":8.0,"turns":4.0},{"damage":0.0,"enemies":"3 Louse","floor":10.0,"turns":2.0},{"damage":0.0,"enemies":"Large Slime","floor":11.0,"turns":3.0},{"damage":0.0,"enemies":"downfall:FleeingMerchant","floor":13.0,"turns":4.0},{"damage":0.0,"enemies":"3 Louse","floor":14.0,"turns":2.0},{"damage":14.0,"enemies":"3 Sentries","floor":15.0,"turns":4.0},{"damage":1.0,"enemies":"IC_STATUS_ARCHETYPE","floor":18.0,"turns":5.0},{"damage":20.0,"enemies":"Chosen","floor":20.0,"turns":5.0},{"damage":24.0,"enemies":"Sentry and Sphere","floor":21.0,"turns":4.0},{"damage":21.0,"enemies":"Snake Plant","floor":22.0,"turns":5.0},{"damage":18.0,"enemies":"Chosen and Byrds","floor":28.0,"turns":6.0},{"damage":11.0,"enemies":"Snecko","floor":29.0,"turns":3.0},{"damage":7.0,"enemies":"3 Cultists","floor":30.0,"turns":4.0},{"damage":22.0,"enemies":"Centurion and Healer","floor":31.0,"turns":6.0},{"damage":0.0,"enemies":"downfall:FleeingMerchant","floor":32.0,"turns":4.0},{"damage":0.0,"enemies":"Sentry and Sphere","floor":33.0,"turns":4.0},{"damage":46,"enemies":"DF_ARCHETYPE_CLAW","floor":35,"turns":3}],"seed_played":"-7125262097960830240","potions_obtained":[{"floor":3.0,"key":"SkillPotion"},{"floor":7.0,"key":"blueLaboratory:ArtificerPotion"},{"floor":8.0,"key":"Block Potion"},{"floor":14.0,"key":"FairyPotion"},{"floor":15.0,"key":"Block Potion"},{"floor":16.0,"key":"blueLaboratory:FrostheartPotion"},{"floor":20.0,"key":"Weak Potion"},{"floor":28.0,"key":"DDmod:CleansePotion"},{"floor":30.0,"key":"blueLaboratory:EnvenomedCoating"},{"floor":31.0,"key":"blueLaboratory:CorrosionFlask"}],"is_trial":false,"path_per_floor":["M","M","M","PTL","PTL","?","M","E","T","M","M","R","$","M","E","?","R","B",null,"M","M","M","?","?","R","T","R","M","M","M","M","$","M","R","B"],"character_chosen":"THE_SILENT","items_purchased":["TwistedFunnel"],"campfire_rested":1,"item_purchase_floors":[13],"current_hp_per_floor":[63,63,63,63,63,63,60,48,48,48,48,48,48,56,57,38,38,37,67,47,23,2,31,31,31,31,54,36,25,18,22,22,42,42,0,0],"gold":38,"neow_bonus":"THREE_CARDS","is_daily":false,"chose_seed":false,"campfire_upgraded":2,"win_rate":0.0,"timestamp":1611149597,"path_taken":["M","M","M","PTL","PTL","?","M","E","T","?","M","R","$","?","E","?","R","BOSS","M","M","M","?","?","R","T","R","M","M","M","M","$","M","R","BOSS"],"items_purchased_type":["Relic"],"build_version":"2020-12-22","purchased_purges":2,"victory":false,"max_hp_per_floor":[70,70,70,70,70,70,70,70,70,70,70,70,70,70,77,77,77,77,77,77,77,77,77,77,77,77,77,77,77,77,77,77,77,77,77,77],"card_choices":[{"not_picked":["Sucker Punch","Dodge and Roll"],"picked":"Quick Slash","floor":0.0},{"not_picked":["Dagger Throw","StuffTheSpire:ClusterCrunch"],"picked":"jedi:pocketpoison","floor":1.0},{"not_picked":["Backflip","StSpp:Dive"],"picked":"StSpp:Lure","floor":2.0},{"not_picked":["hubris:SlightOfHand","Poisoned Stab"],"picked":"StuffTheSpire:Incantation","floor":3.0},{"not_picked":["Calculated Gamble","PiercingWail"],"picked":"Dagger Throw","floor":7.0},{"not_picked":["ReplayTheSpireMod:The Works","Dodge and Roll"],"picked":"Hidden Blade","floor":8.0},{"not_picked":["Dagger Throw","StSpp:Anticipation"],"picked":"StuffTheSpire:Sprint","floor":10.0},{"not_picked":["Prepared","Escape Plan"],"picked":"Terror","floor":11.0},{"not_picked":["Calculated Gamble","StSpp:Throw"],"picked":"Poisoned Stab","floor":13.0},{"not_picked":["Flying Knee","StuffTheSpire:ReptileScales"],"picked":"jedi:brewingpoison","floor":14.0},{"not_picked":["Quick Slash","StSpp:Dive"],"picked":"Dagger Throw","floor":15.0},{"not_picked":["Poisoned Stab","Heel Hook"],"picked":"StuffTheSpire:BrimstoneBlast","floor":16.0},{"not_picked":["Flying Knee","Terror"],"picked":"Bane","floor":16.0},{"not_picked":["Malaise","Phantasmal Killer"],"picked":"Venomology","floor":18.0},{"not_picked":["Backflip","StuffTheSpire:Sprint"],"picked":"Blade Dance+1","floor":20.0},{"not_picked":["Dagger Throw","hubris:SlightOfHand"],"picked":"StSpp:Throw","floor":21.0},{"not_picked":["ReplayTheSpireMod:Tripwire","StSpp:TimeParadox+1"],"picked":"Envenom","floor":22.0},{"not_picked":["Blade Dance","Bouncing Flask"],"picked":"Footwork+1","floor":28.0},{"not_picked":["hubris:SlightOfHand","StuffTheSpire:Repulse"],"picked":"Acrobatics+1","floor":29.0},{"not_picked":["REME_ShadowStrike","Bane+1"],"picked":"ReplayTheSpireMod:Tripwire+1","floor":30.0},{"not_picked":["Replay:Poison Smokescreen","Bane"],"picked":"ReplayTheSpireMod:From All Sides","floor":31.0},{"not_picked":["PiercingWail","Dodge and Roll"],"picked":"Slice+1","floor":32.0},{"not_picked":["StSpp:Throw","Underhanded Strike"],"picked":"Deflect","floor":33.0}],"player_experience":634060,"relics_obtained":[{"floor":8.0,"key":"StuffTheSpire:Barrel"},{"floor":9.0,"key":"Pen Nib"},{"floor":15.0,"key":"Strawberry"},{"floor":16.0,"key":"Art of War"},{"floor":26.0,"key":"hubris:Metronome"}],"event_choices":[{"damage_healed":0.0,"max_hp_gain":0.0,"max_hp_loss":0.0,"gold_gain":0.0,"event_name":"Back to Basics","player_choice":"Simplicity","floor":24.0,"gold_loss":0.0,"damage_taken":0.0,"cards_upgraded":["Strike_G","Strike_G","Strike_G","Defend_G","Defend_G","Defend_G"]}],"is_beta":false,"boss_relics":[{"not_picked":["hubris:VirtuousBlindfold","StSpp:FireArrow"],"picked":"StSpp:Magatama"}],"items_purged_floors":[13,32],"is_endless":false,"potions_floor_spawned":[3,7,8,14,15,20,28,30,31],"killed_by":"DF_ARCHETYPE_CLAW","ascension_level":7}}