{"host":"9czo1ewqehy3yunx","time":1611156213,"event":{"mods":["Act Like it!","BaseMod","CapriCore","DeckTracker","GifTheSpireLib","Hermit","Keyboard Shortcuts","Minty Spire (QoL Compilation)","Permanent Neow","Quick Restart","StSLib","SuperFastMode"],"gold_per_floor":[119,131,211,228,303,303,318,333,359,370,381,381,381,346,346,446,446,462,478,89,89,109,109,127,127,127,402,402,402,422,422,422,422,422],"floor_reached":33,"language":"KOR","playtime":1386,"items_purged":[],"score":239,"play_id":"06d64f29-aec3-45df-83cd-a3ef0b6a43d4","local_time":"20210121002333","is_ascension_mode":false,"campfire_choices":[{"data":"hermit:Combo","floor":6,"key":"SMITH"},{"floor":12,"key":"REST"},{"floor":15,"key":"REST"},{"floor":23,"key":"REST"},{"floor":25,"key":"REST"},{"data":"hermit:Vantage","floor":28,"key":"SMITH"},{"floor":32,"key":"REST"}],"circlet_count":0,"master_deck":["hermit:Strike_Hermit+1","hermit:Strike_Hermit+1","hermit:Strike_Hermit+1","hermit:Strike_Hermit+1","hermit:Defend_Hermit+1","hermit:Defend_Hermit+1","hermit:Defend_Hermit+1","hermit:Defend_Hermit+1","hermit:Snapshot","hermit:Covet","hermit:Dive","hermit:Combo+1","hermit:Dive","hermit:Deadeye","hermit:Ricochet","hermit:Enervate","hermit:Ricochet","hermit:Roughhouse","hermit:Enervate+1","hermit:Snipe","hermit:TakeAim","hermit:Vantage+1","hermit:Ricochet","Regret","Decay"],"relics":["hermit:Momento","Juzu Bracelet","Centennial Puzzle","Black Star","Bronze Scales","Sling","Nilry\u0027s Codex","Question Card"],"acts_visited":["Exordium","TheCity"],"potions_floor_usage":[10,24],"damage_taken":[{"damage":0,"enemies":"2 Louse","floor":1,"turns":3},{"damage":6,"enemies":"Small Slimes","floor":2,"turns":4},{"damage":8,"enemies":"Jaw Worm","floor":4,"turns":4},{"damage":13,"enemies":"3 Louse","floor":7,"turns":3},{"damage":12,"enemies":"Large Slime","floor":8,"turns":6},{"damage":10,"enemies":"Red Slaver","floor":10,"turns":5},{"damage":11,"enemies":"3 Louse","floor":11,"turns":5},{"damage":30,"enemies":"Slime Boss","floor":16,"turns":7},{"damage":26,"enemies":"Spheric Guardian","floor":18,"turns":5},{"damage":23,"enemies":"Shell Parasite","floor":19,"turns":5},{"damage":8,"enemies":"Snecko","floor":22,"turns":5},{"damage":24,"enemies":"Sentry and Sphere","floor":24,"turns":7},{"damage":24,"enemies":"Chosen and Byrds","floor":30,"turns":6},{"damage":46,"enemies":"Champ","floor":33,"turns":6}],"seed_played":"4691896750178313346","potions_obtained":[{"floor":1,"key":"Strength Potion"},{"floor":2,"key":"FearPotion"},{"floor":10,"key":"Fruit Juice"},{"floor":11,"key":"Weak Potion"},{"floor":18,"key":"Regen Potion"},{"floor":24,"key":"DuplicationPotion"}],"is_trial":false,"path_per_floor":["M","M","?","M","?","R","M","M","T","M","M","R","?","?","R","B",null,"M","M","$","?","M","R","M","R","T","?","R","?","M","?","R","B"],"character_chosen":"HERMIT","items_purchased":["hermit:TakeAim","Bronze Scales","Sling"],"campfire_rested":5,"item_purchase_floors":[20,20,20],"current_hp_per_floor":[75,69,69,61,50,50,37,25,25,20,9,33,15,35,59,29,80,54,31,31,15,7,31,22,46,46,46,46,46,22,22,46,0,0],"gold":422,"neow_bonus":"THREE_CARDS","is_daily":false,"chose_seed":false,"campfire_upgraded":2,"win_rate":0.0,"timestamp":1611156213,"path_taken":["M","M","?","M","?","R","M","M","T","M","M","R","?","?","R","BOSS","M","M","$","?","M","R","M","R","T","?","R","?","M","?","R","BOSS"],"items_purchased_type":["Card","Relic","Relic"],"build_version":"2020-12-22","purchased_purges":0,"victory":false,"max_hp_per_floor":[75,75,75,75,75,75,75,75,75,80,80,80,80,80,80,80,80,80,80,80,80,80,80,80,80,80,80,80,80,80,80,80,80,80],"card_choices":[{"not_picked":["hermit:LowProfile","hermit:HoleUp"],"picked":"hermit:Dive","floor":0},{"not_picked":["hermit:BodyArmor","hermit:FullyLoaded"],"picked":"hermit:Combo","floor":1},{"not_picked":["hermit:TrackingShot","hermit:Determination"],"picked":"hermit:Dive","floor":2},{"not_picked":["hermit:Brawl","hermit:Headshot"],"picked":"hermit:Deadeye","floor":4},{"not_picked":["hermit:PistolWhip","hermit:BodyArmor"],"picked":"hermit:Ricochet","floor":7},{"not_picked":["hermit:ItchyTrigger","hermit:GhostlyPresence"],"picked":"hermit:Enervate","floor":8},{"not_picked":["hermit:ShadowCloak","hermit:Misfire","hermit:Manifest"],"picked":"SKIP","floor":10},{"not_picked":["hermit:ShadowCloak","hermit:TrackingShot"],"picked":"hermit:Ricochet","floor":11},{"not_picked":["hermit:FinalCanter","hermit:Dissolve"],"picked":"hermit:Roughhouse","floor":16},{"not_picked":["hermit:TrackingShot+1","hermit:Snipe+1"],"picked":"hermit:Enervate+1","floor":18},{"not_picked":["hermit:Coalescence","hermit:Midnight"],"picked":"hermit:Snipe","floor":19},{"not_picked":["hermit:LowProfile+1","hermit:Glare"],"picked":"hermit:Vantage","floor":22},{"not_picked":["hermit:Gambit","hermit:WideOpen"],"picked":"hermit:Ricochet","floor":24},{"not_picked":["hermit:HoleUp+1","hermit:FullyLoaded+1","hermit:Spite","hermit:Gestalt"],"picked":"SKIP","floor":30}],"player_experience":201889,"relics_obtained":[{"floor":9,"key":"Juzu Bracelet"},{"floor":21,"key":"Nilry\u0027s Codex"},{"floor":26,"key":"Question Card"}],"event_choices":[{"damage_healed":0,"gold_gain":80,"player_choice":"Gained Gold","damage_taken":0,"max_hp_gain":0,"max_hp_loss":0,"event_name":"Golden Wing","floor":3,"gold_loss":0},{"damage_healed":0,"gold_gain":75,"player_choice":"Gather Gold","damage_taken":11,"max_hp_gain":0,"max_hp_loss":0,"event_name":"World of Goop","floor":5,"gold_loss":0},{"damage_healed":0,"gold_gain":0,"player_choice":"Success","damage_taken":18,"relics_obtained":["Centennial Puzzle"],"max_hp_gain":0,"max_hp_loss":0,"event_name":"Scrap Ooze","floor":13,"gold_loss":0},{"damage_healed":20,"gold_gain":0,"player_choice":"Healed","damage_taken":0,"max_hp_gain":0,"max_hp_loss":0,"event_name":"The Cleric","floor":14,"gold_loss":35},{"damage_healed":0,"gold_gain":0,"player_choice":"Obtained Book","damage_taken":16,"max_hp_gain":0,"max_hp_loss":0,"event_name":"Cursed Tome","floor":21,"gold_loss":0},{"damage_healed":0,"gold_gain":275,"player_choice":"Desecrate","damage_taken":0,"max_hp_gain":0,"max_hp_loss":0,"event_name":"Golden Shrine","floor":27,"gold_loss":0,"cards_obtained":["Regret"]},{"damage_healed":0,"gold_gain":0,"player_choice":"Smashed Altar","damage_taken":0,"max_hp_gain":0,"max_hp_loss":0,"event_name":"Forgotten Altar","floor":29,"gold_loss":0,"cards_obtained":["Decay"]},{"damage_healed":0,"gold_gain":0,"player_choice":"Simplicity","damage_taken":0,"max_hp_gain":0,"max_hp_loss":0,"event_name":"Back to Basics","floor":31,"gold_loss":0,"cards_upgraded":["hermit:Strike_Hermit","hermit:Strike_Hermit","hermit:Strike_Hermit","hermit:Strike_Hermit","hermit:Defend_Hermit","hermit:Defend_Hermit","hermit:Defend_Hermit","hermit:Defend_Hermit"]}],"is_beta":false,"boss_relics":[{"not_picked":["Fusion Hammer","Pandora\u0027s Box"],"picked":"Black Star"}],"items_purged_floors":[],"is_endless":false,"potions_floor_spawned":[1,2,10,11,18,24,30],"killed_by":"Champ","ascension_level":0}}