{"host":"dwyzfvnzfcqffr30","time":1611153555,"event":{"mods":["2.2 Compatiblity","Act Like it!","Aspiration","BaseMod","Beaked The Cultist","Better Altar","Better Match","Better Note","Better Sensory Stone","Better Skull","Better Third Choice","Clockwork Mod","Colored Map","Colored Powertips","Conspire","Elementarium","GifTheSpireLib","Halation","Hermit","Hubris","Infinite Spire","Ironclad Rager","Jedi Mod","Menagerie","Mimic Mod","Minty Spire (QoL Compilation)","Permanent Neow","Random Character Button","Replay The Spire","Spicy Shops","Spikes Relics","StSLib","Stuff the Spire","The Construct","The Disciple","The Druid","The Marked","TheFirefly","Trackpad","Wandering Minibosses","vexMod"],"gold_per_floor":[335,372,27,21,21,42,59,93,139,158,158,182,33,60,60,139,139,167,117,40,89,89,122,122,166,193,234,263,304,48,814,814,940,940,1018,1018,1018,1018,1018,1100,1183,1183,1317,1317,1356,1477,1589,1724,1724,1895,1895,1895,1895,1895,1582,3191,3191],"floor_reached":58,"language":"ENG","playtime":7800,"items_purged":["CloudedMind","Dualcast+1","jedi:studyfrost+1","conspire:SpireCoStock+1"],"score":2894,"play_id":"9d226cbc-066d-4bb9-a401-8ac00e039360","local_time":"20210120063915","is_ascension_mode":true,"campfire_choices":[{"floor":11,"key":"RECALL"},{"data":"jedi:meditation+1","floor":15,"key":"SMITH"},{"data":"jedi:meditation+2","floor":24,"key":"SMITH"},{"data":"jedi:meditation+3","floor":32,"key":"SMITH"},{"data":"hubris:PowerSurge+1","floor":42,"key":"SMITH"},{"data":"hubris:PowerSurge+2","floor":44,"key":"SMITH"},{"data":"jedi:blockon+1","floor":49,"key":"SMITH"},{"data":"hubris:PowerSurge+3","floor":51,"key":"SMITH"},{"data":"hubris:PowerSurge+4","floor":54,"key":"SMITH"}],"circlet_count":0,"master_deck":["AscendersBane","Zap+1","Ball Lightning+1","Cold Snap+2","Ball Lightning+2","Cold Snap+1","Leap+1","Leap+1","Leap+1","Leap+1","MasterReality+1","Apotheosis+1","jedi:blockon+2","Self Repair+1","Conserve Battery+1","BasicCrystalCard+1","BootSequence+1","jedi:meditation+4","hubris:PowerSurge+5","jedi:markofdeath+1","Doom and Gloom+1","DiskWipe+1","BasicCrystalCard+1","aspiration:Polymerization+1","StuffTheSpire:Synthwave+1","BlessedFruit+1","BlessedFruit+1"],"relics":["Cracked Core","Bottled Tornado","conspire:InfiniteJournal","infinitespire:EvilPickle","Quantum Egg","Molten Egg 2","Frozen Egg 2","Toxic Egg 2","BargainBundle","trackpad:AdjectivePendant","Whetstone","Ancient Tea Set","trackpad:SappingStone","hubris:BallOfYels","halation:PrussianBluePaint","Lee\u0027s Waffle","Rawhide","BrokenLever","conspire:SpecialSausage","Prayer Wheel","trackpad:ToughGloves","infinitespire:Satchel","Frozen Egg 2","halation:LettersToHer","Runic Capacitor","wanderingMiniBosses:MasterThiefsPresence","trackpad:NeutrinoGenerator","StuffTheSpire:BottledEssence","Nuclear Battery","jedi:heavyjacket","trackpad:ByrdBGone","Torii","MiniBlackHole","trackpad:IceCube","Mirror","Happy Flower","hubris:NiceRug","HeavenlyBonsai","hubris:64BitClover","trackpad:CultistFigurine","SacredBark"],"acts_visited":["Menagerie:Menagerie","TheCity","TheBeyond","TheEnding"],"potions_floor_usage":[4,6,12,27,27,52,57,57],"damage_taken":[{"damage":0,"enemies":"Menagerie:WhisperingWraith","floor":1,"turns":3},{"damage":0,"enemies":"Menagerie:2_RABBITS","floor":2,"turns":2},{"damage":0,"enemies":"Menagerie:StygianBoar","floor":4,"turns":6},{"damage":0,"enemies":"Menagerie:MaskedSummoner","floor":6,"turns":8},{"damage":8,"enemies":"Menagerie:RedMage","floor":7,"turns":3},{"damage":9,"enemies":"Menagerie:VoidReaper","floor":8,"turns":4},{"damage":4,"enemies":"Menagerie:3_RABBITS","floor":10,"turns":4},{"damage":0,"enemies":"Menagerie:Hexasnake","floor":12,"turns":3},{"damage":0,"enemies":"Menagerie:MaskedSummoner","floor":14,"turns":7},{"damage":4,"enemies":"Menagerie:Suneater","floor":16,"turns":5},{"damage":0,"enemies":"Shell Parasite","floor":18,"turns":4},{"damage":9,"enemies":"3 Byrds","floor":21,"turns":4},{"damage":0,"enemies":"Replay:Snechameleon","floor":23,"turns":5},{"damage":0,"enemies":"Sentry and Sphere","floor":25,"turns":4},{"damage":0,"enemies":"Gremlin Leader","floor":27,"turns":3},{"damage":0,"enemies":"Snake Plant","floor":28,"turns":2},{"damage":0,"enemies":"Slavers","floor":29,"turns":6},{"damage":0,"enemies":"3 Cultists","floor":31,"turns":5},{"damage":0,"enemies":"conspire:MysteriousRune","floor":33,"turns":6},{"damage":0,"enemies":"3 Shapes","floor":35,"turns":3},{"damage":0,"enemies":"Orb Walker","floor":40,"turns":3},{"damage":0,"enemies":"Writhing Mass","floor":41,"turns":4},{"damage":0,"enemies":"Giant Head","floor":43,"turns":6},{"damage":0,"enemies":"3 Darklings","floor":45,"turns":4},{"damage":0,"enemies":"Reptomancer","floor":46,"turns":5},{"damage":0,"enemies":"3 Darklings","floor":47,"turns":3},{"damage":0,"enemies":"4 Shapes","floor":48,"turns":4},{"damage":0,"enemies":"Nemesis","floor":50,"turns":5},{"damage":0,"enemies":"infinitespire:MassOfShapes","floor":52,"turns":4},{"damage":0,"enemies":"hubris:Merchant","floor":55,"turns":4},{"damage":0,"enemies":"Shield and Spear","floor":56,"turns":10},{"damage":0,"enemies":"The Heart","floor":57,"turns":5}],"seed_played":"-3142152351975843634","potions_obtained":[{"floor":1,"key":"DuplicationPotion"},{"floor":2,"key":"Flashbang"},{"floor":7,"key":"FocusPotion"},{"floor":8,"key":"jedi:wingpotion"},{"floor":18,"key":"ColorlessPotion"},{"floor":21,"key":"Dexterity Potion"},{"floor":29,"key":"SpeedPotion"},{"floor":33,"key":"jedi:StrikingPotion"},{"floor":41,"key":"DuplicationPotion"}],"is_trial":false,"path_per_floor":["M","M","$","M","?","E","M","E","T","M","R","M","$","E","R","B",null,"M","?","$","M","$","E","R","M","T","E","M","E","$","M","R","B",null,"M","AVR","PTL","PTL","?","M","M","R","E","R","MIM","E","M","M","R","E","R","B",null,"R","$","E","B",null],"character_chosen":"DEFECT","items_purchased":["BargainBundle","trackpad:AdjectivePendant","Whetstone","Ancient Tea Set","Self Repair+1","Lee\u0027s Waffle","Rawhide","hubris:PowerSurge+1","DiskWipe+1","Runic Capacitor","Ancient Potion","Mirror","Happy Flower"],"campfire_rested":0,"item_purchase_floors":[3,3,3,3,3,13,13,13,20,30,55,55,55],"current_hp_per_floor":[46,46,46,62,48,64,64,64,64,64,64,64,71,71,71,67,70,71,71,71,71,71,71,71,71,71,71,71,71,71,71,71,71,71,71,71,71,71,71,71,71,71,71,71,71,71,71,71,71,71,71,71,71,71,71,81,86],"gold":3191,"neow_bonus":"DEFECT_STORMLORD","is_daily":false,"chose_seed":false,"campfire_upgraded":8,"win_rate":0.0,"timestamp":1611153555,"path_taken":["M","M","$","M","?","E","M","E","T","?","R","M","$","E","R","BOSS","M","?","$","M","?","E","R","M","T","E","M","E","$","?","R","BOSS","M","AVR","PTL","PTL","?","?","M","R","E","R","MIM","E","M","M","R","E","R","BOSS","R","$","E","BOSS"],"items_purchased_type":["Relic","Relic","Relic","Relic","Card","Relic","Relic","Card","Card","Relic","Potion","Relic","Relic"],"build_version":"2020-12-22","purchased_purges":4,"victory":true,"max_hp_per_floor":[64,64,64,64,64,64,64,64,64,64,64,64,71,71,71,71,71,71,71,71,71,71,71,71,71,71,71,71,71,71,71,71,71,71,71,71,71,71,71,71,71,71,71,71,71,71,71,71,71,71,71,71,71,71,71,81,86],"card_choices":[{"not_picked":["Ball Lightning+1","StuffTheSpire:CleanHardDrive+1","jedi:BurstLightning+1"],"picked":"SKIP","floor":1},{"not_picked":["jedi:BurstFrost+1","Barrage+1"],"picked":"jedi:blockon+1","floor":2},{"not_picked":["Streamline+1","jedi:BurstLightning+1"],"picked":"Conserve Battery+1","floor":4},{"not_picked":["jedi:overflow+1","Storm+1"],"picked":"BasicCrystalCard+1","floor":6},{"not_picked":["jedi:BurstFrost+1","Gash+1","Coolheaded+1"],"picked":"SKIP","floor":7},{"not_picked":["Steam+1","Hello World+1"],"picked":"BootSequence+1","floor":8},{"not_picked":["StuffTheSpire:LoadUp+1","Leap+1","Conserve Battery+1"],"picked":"SKIP","floor":10},{"not_picked":["ReplaySort+1","Glacier+1"],"picked":"jedi:meditation+1","floor":12},{"not_picked":["Skim+1","ReplayGash+1"],"picked":"jedi:markofdeath+1","floor":14},{"not_picked":["Multi-Cast+1","Amplify+1"],"picked":"ReplayTheSpireMod:Fabricate Wheel+1","floor":16},{"not_picked":["Sweeping Beam+1","Lockon+1"],"picked":"Doom and Gloom+1","floor":18},{"not_picked":["jedi:BurstLightning+1","Steam+1","Leap+1"],"picked":"SKIP","floor":18},{"not_picked":["Lockon+1","Streamline+1"],"picked":"BasicCrystalCard+1","floor":21},{"not_picked":["Gash+1","Ball Lightning+1","Go for the Eyes+1"],"picked":"SKIP","floor":21},{"not_picked":["Doom and Gloom+1","Rebound+1","Beam Cell+1"],"picked":"SKIP","floor":23},{"not_picked":["jedi:BurstLightning+1","Barrage+1","Self Repair+1"],"picked":"SKIP","floor":25},{"not_picked":["Ball Lightning+1","aspiration:Polymerization+1","Sweeping Beam+1"],"picked":"SKIP","floor":25},{"not_picked":["ICR:ChainLightning+1","Compile Driver+1","Sweeping Beam+1"],"picked":"SKIP","floor":27},{"not_picked":["BootSequence+1","Barrage+1","Time Bomb+1"],"picked":"SKIP","floor":28},{"not_picked":["Stack+1","Redo+1","conspire:Rain+1"],"picked":"SKIP","floor":28},{"not_picked":["Sunder+1","Scrape+1","Redo+1"],"picked":"SKIP","floor":29},{"not_picked":["Coolheaded+1","Leap+1","BasicCrystalCard+1"],"picked":"SKIP","floor":31},{"not_picked":["Steam+1","Streamline+1","Hologram+1"],"picked":"SKIP","floor":31},{"not_picked":["BootSequence+1","StuffTheSpire:LoadUp+1","Conserve Battery+1"],"picked":"SKIP","floor":35},{"not_picked":["Undo+1","Barrage+1","Turbo+1"],"picked":"SKIP","floor":35},{"not_picked":["ReplayTheSpireMod:Dual Polarity+1","Time Bomb+1","BasicCrystalCard+1"],"picked":"SKIP","floor":40},{"not_picked":["Rebound+1","Heatsinks+1","Hologram+1"],"picked":"SKIP","floor":40},{"not_picked":["jedi:BurstFrost+1","BasicCrystalCard+1","Auto Shields+1"],"picked":"SKIP","floor":41},{"not_picked":["conspire:SharedLibrary+1","Cold Snap+1","Barrage+1"],"picked":"SKIP","floor":41},{"not_picked":["Rebound+1","Melter+1","StuffTheSpire:Plugnplay+1"],"picked":"SKIP","floor":43},{"not_picked":["Consume+1","Rip and Tear+1"],"picked":"aspiration:Polymerization+1","floor":45},{"not_picked":["Doom and Gloom+1","Hologram+1","ReplaySolidLightProjector+1"],"picked":"SKIP","floor":46},{"not_picked":["Go for the Eyes+1","BasicCrystalCard+1","jedi:hex+1"],"picked":"SKIP","floor":47},{"not_picked":["Recycle+1","Coolheaded+1","Steam+1"],"picked":"SKIP","floor":47},{"not_picked":["Conserve Battery+1","jedi:hex+1","jedi:spotbugs+1"],"picked":"SKIP","floor":48},{"not_picked":["Go for the Eyes+1","jedi:BurstLightning+1","Blizzard+1"],"picked":"SKIP","floor":48},{"not_picked":["Streamline+1","Auto Shields+1"],"picked":"StuffTheSpire:Synthwave+1","floor":50},{"not_picked":["Melter+1"],"picked":"SKIP","floor":55},{"not_picked":["Barrage+1"],"picked":"SKIP","floor":55},{"not_picked":["Redo+1"],"picked":"SKIP","floor":55},{"not_picked":["Stack+1"],"picked":"SKIP","floor":55},{"not_picked":["ReplayTheSpireMod:GoodbyeWorld+1"],"picked":"SKIP","floor":55},{"not_picked":["vexMod:EmailVexCard+1"],"picked":"SKIP","floor":55},{"not_picked":["Thinking Ahead+1"],"picked":"SKIP","floor":55},{"not_picked":["Undo+1","Beam Cell+1","Scrape+1"],"picked":"SKIP","floor":56}],"player_experience":2194753,"relics_obtained":[{"floor":6,"key":"hubris:BallOfYels"},{"floor":8,"key":"halation:PrussianBluePaint"},{"floor":14,"key":"BrokenLever"},{"floor":23,"key":"trackpad:ToughGloves"},{"floor":26,"key":"infinitespire:Satchel"},{"floor":27,"key":"Frozen Egg 2"},{"floor":29,"key":"halation:LettersToHer"},{"floor":31,"key":"wanderingMiniBosses:MasterThiefsPresence"},{"floor":43,"key":"trackpad:ByrdBGone"},{"floor":45,"key":"Torii"},{"floor":45,"key":"halation:LettersToHer"},{"floor":46,"key":"MiniBlackHole"},{"floor":50,"key":"trackpad:IceCube"},{"floor":55,"key":"HeavenlyBonsai"},{"floor":55,"key":"hubris:64BitClover"},{"floor":56,"key":"trackpad:CultistFigurine"}],"event_choices":[{"damage_healed":0,"gold_gain":0,"player_choice":"Simplicity","damage_taken":0,"max_hp_gain":0,"max_hp_loss":8,"event_name":"betterThird:BetterWriting","floor":0,"gold_loss":0},{"damage_healed":0,"gold_gain":0,"player_choice":"RE ","damage_taken":16,"relics_obtained":["trackpad:SappingStone"],"max_hp_gain":0,"max_hp_loss":0,"event_name":"betterSkull:BetterSkull","floor":5,"gold_loss":0,"cards_upgraded":[]},{"damage_healed":0,"gold_gain":0,"player_choice":"Invest 1","damage_taken":0,"max_hp_gain":0,"max_hp_loss":0,"event_name":"conspire:Investor","floor":19,"gold_loss":0}],"is_beta":false,"boss_relics":[{"not_picked":["ReplayTheSpireMod:DimensionalGlitch","vexMod:BigBerry"],"picked":"conspire:SpecialSausage"},{"not_picked":["halation:Yufonium","aspiration:WatcherSkillbook"],"picked":"trackpad:NeutrinoGenerator"}],"items_purged_floors":[3,30,36,55],"is_endless":false,"potions_floor_spawned":[1,2,7,8,18,21,29,33,41,43,48,50,56],"ascension_level":15}}