{"host":"gk9qdtkqd8dwfeg2","time":1611132732,"event":{"mods":["Act Like it!","Aspiration","BaseMod","Colored Powertips","KomeijiMod","Minty Spire (QoL Compilation)","Quick Restart","Replay The Spire","Shop Mod","StSLib","TestMod","The Gatherer","The Servant 0.9.4","Waifu the Spire","WarShipGirlsR/战舰少女R mod","Yuri Mod","【遗物卡牌】REMEMod"],"gold_per_floor":[119,119,99,119,194,223,223,252,252,286,296,310,310,310,310,382,382,401,401,421,431,381,409,409,438,438,17,103,115,134,149,149,228,228,238,37,54,97,147,173,173,142,142,142,142,142,174,174,174,174,174,174,266,72,102,102],"floor_reached":57,"language":"ZHS","playtime":1859,"items_purged":["Sickly"],"score":3315,"play_id":"5ad5749f-b0d0-4800-b7af-aa3b9bed6eea","local_time":"20210120165212","is_ascension_mode":true,"campfire_choices":[{"data":"Eruption","floor":7.0,"key":"SMITH"},{"data":"Replay:BasicMightCard","floor":13.0,"key":"SMITH"},{"data":"Hyperbeam","floor":15.0,"key":"SMITH"},{"data":"Adaptation","floor":24.0,"key":"SMITH"},{"data":"Reprogram","floor":32.0,"key":"SMITH"},{"floor":49.0,"key":"RECALL"}],"circlet_count":0,"master_deck":["AscendersBane","Eruption+1","Vigilance","Hyperbeam+1","Replay:BasicMightCard+1","Adaptation+1","Tantrum+1","Omniscience+1","Reprogram+1","FearNoEvil","Wish","ForeignInfluence","REME_CRH","Scrawl+1"],"relics":["PureWater","testmod-TestBox","REME_ComplimentaryCards","testmod-FatalChain","Simple Rune","Calipers","Thread and Needle","testmod-HeartOfDaVinci","ReplayTheSpireMod:Shallot","BookofPenglai","PocketWatch","MerchantsRug","Replay:Multitool","Fusion Hammer","SlaversCollar","aspiration:IroncladSkillbook","Matryoshka","Ring of Fury","Ring of Greed","Smiling Mask","Golden Egg","Singing Bowl","Happy Flower","REME_HandOfSuture","Potion Belt","ReplayTheSpireMod:Ninjato","TeardropLocket","Sundial"],"acts_visited":["Exordium","TheCity","TheBeyond","TheEnding"],"potions_floor_usage":[56,56,56,56],"damage_taken":[{"damage":4.0,"enemies":"Jaw Worm","floor":1.0,"turns":4.0},{"damage":0.0,"enemies":"2 Louse","floor":4.0,"turns":1.0},{"damage":5.0,"enemies":"3 Sentries","floor":6.0,"turns":2.0},{"damage":0.0,"enemies":"Lagavulin","floor":8.0,"turns":4.0},{"damage":0.0,"enemies":"3 Sentries","floor":10.0,"turns":2.0},{"damage":0.0,"enemies":"Cultist","floor":11.0,"turns":2.0},{"damage":0.0,"enemies":"Looter","floor":12.0,"turns":3.0},{"damage":3.0,"enemies":"Hexaghost","floor":16.0,"turns":7.0},{"damage":0.0,"enemies":"2 Thieves","floor":18.0,"turns":1.0},{"damage":11.0,"enemies":"3 Byrds","floor":20.0,"turns":4.0},{"damage":0.0,"enemies":"3 Cultists","floor":21.0,"turns":1.0},{"damage":14.0,"enemies":"Replay:Snechameleon","floor":23.0,"turns":5.0},{"damage":0.0,"enemies":"REME_1_Revenger","floor":25.0,"turns":3.0},{"damage":0.0,"enemies":"Sentry and Sphere","floor":29.0,"turns":1.0},{"damage":14.0,"enemies":"Shelled Parasite and Fungi","floor":30.0,"turns":2.0},{"damage":0.0,"enemies":"Centurion and Healer","floor":31.0,"turns":1.0},{"damage":3.0,"enemies":"Pondfish","floor":33.0,"turns":4.0},{"damage":0.0,"enemies":"3 Shapes","floor":35.0,"turns":1.0},{"damage":0.0,"enemies":"3 Darklings","floor":37.0,"turns":1.0},{"damage":0.0,"enemies":"Maw","floor":38.0,"turns":3.0},{"damage":18.0,"enemies":"R_Hoarder","floor":40.0,"turns":4.0},{"damage":0.0,"enemies":"Spire Growth","floor":45.0,"turns":2.0},{"damage":0.0,"enemies":"Reptomancer","floor":47.0,"turns":1.0},{"damage":0.0,"enemies":"Sphere and 2 Shapes","floor":48.0,"turns":1.0},{"damage":0.0,"enemies":"Awakened One","floor":50.0,"turns":2.0},{"damage":6.0,"enemies":"Replay:Hell Engine","floor":51.0,"turns":3.0},{"damage":0.0,"enemies":"Shield and Spear","floor":55.0,"turns":1.0},{"damage":71,"enemies":"The Heart","floor":56,"turns":7}],"seed_played":"-636223224934408772","potions_obtained":[{"floor":1.0,"key":"LiquidMemories"},{"floor":3.0,"key":"CalmPotion"},{"floor":23.0,"key":"Reflective Coating"},{"floor":33.0,"key":"Fire Potion"},{"floor":45.0,"key":"LifebloodPotion"},{"floor":46.0,"key":"RedTea"}],"is_trial":false,"path_per_floor":["M","?","?","M","?","E","R","E","T","E","M","M","R","T","R","B",null,"M","?","M","M","?","E","R","E","T","$","R","M","M","M","R","B",null,"M","$","M","M","?","E","T","$","T","?","M","?","E","M","R","B","B",null,"R","$","E","B",null],"character_chosen":"WATCHER","items_purchased":["MerchantsRug","Replay:Multitool","Orrery","Matryoshka","SkillPotion","Flashbang","AttackPotion"],"campfire_rested":0,"item_purchase_floors":[27,27,36,36,42,54,54],"current_hp_per_floor":[57,39,39,39,28,23,23,23,23,23,23,23,23,23,23,20,56,56,56,45,45,45,31,31,31,31,31,31,31,17,17,17,14,55,59,59,63,67,67,55,55,55,55,55,61,61,67,71,71,74,72,74,74,74,76,9],"gold":102,"neow_bonus":"COLORLESS_CARD","is_daily":false,"chose_seed":false,"campfire_upgraded":5,"win_rate":0.0,"timestamp":1611132732,"path_taken":["M","?","?","?","?","E","R","E","T","E","M","M","R","?","R","BOSS","M","?","M","M","?","E","R","E","T","?","R","M","?","M","R","BOSS","M","$","M","M","?","E","?","$","T","?","?","?","E","M","R","BOSS","BOSS","R","$","E","BOSS"],"items_purchased_type":["Relic","Relic","Relic","Relic","Potion","Potion","Potion"],"build_version":"2020-12-22","purchased_purges":1,"victory":true,"max_hp_per_floor":[68,68,68,68,68,68,68,68,68,68,68,68,68,68,68,68,68,68,68,68,68,68,68,68,68,68,68,68,68,68,68,68,68,68,68,68,68,68,68,70,70,70,70,70,72,72,74,74,74,74,74,74,74,74,76,76],"card_choices":[{"not_picked":["Replay:AtTheReady","Replay:BluntJabs","EmptyFist"],"picked":"SKIP","floor":1.0},{"not_picked":["Vengeance","ForeignInfluence"],"picked":"Adaptation","floor":4.0},{"not_picked":["Sanctity","ThirdEye"],"picked":"BowlingBash","floor":6.0},{"not_picked":["MentalFortress","Perseverance"],"picked":"Tantrum","floor":8.0},{"not_picked":["FlyingSleeves","Establishment","Crescendo"],"picked":"SKIP","floor":10.0},{"not_picked":["SandsOfTime","ThirdEye","CutThroughFate"],"picked":"SKIP","floor":11.0},{"not_picked":["Halt","EmptyBody"],"picked":"BattleHymn","floor":12.0},{"not_picked":["Establishment","Blasphemy"],"picked":"Omniscience","floor":16.0},{"not_picked":["Protect","REME_Repentance+1","Replay:ManipulateFuture"],"picked":"SKIP","floor":18.0},{"not_picked":["ClearTheMind","Wireheading","SashWhip"],"picked":"SKIP","floor":20.0},{"not_picked":["JustLucky+1","CutThroughFate","Replay:Anticipation"],"picked":"SKIP","floor":21.0},{"not_picked":["JustLucky","Prostrate"],"picked":"REME_WorshipGod","floor":23.0},{"not_picked":["PathToVictory","Replay:AtTheReady","Halt"],"picked":"SKIP","floor":25.0},{"not_picked":["PathToVictory","Replay:AtTheReady"],"picked":"Halt","floor":25.0},{"not_picked":["JustLucky","REME_MusicOfDeath","ForeignInfluence"],"picked":"SKIP","floor":29.0},{"not_picked":["Replay:AtTheReady","PathToVictory","EmptyFist"],"picked":"SKIP","floor":30.0},{"not_picked":["Alpha","Replay:BluntJabs"],"picked":"FearNoEvil","floor":31.0},{"not_picked":["Blasphemy","Alpha"],"picked":"Wish","floor":33.0},{"not_picked":["FlyingSleeves","CrushJoints","WheelKick"],"picked":"ForeignInfluence","floor":35.0},{"not_picked":["Vault","Halt+1","Evaluate"],"picked":"REME_CRH","floor":36.0},{"not_picked":["Replay:Vibes","REME_Repentance","ClearTheMind","Replay:AtTheReady+1"],"picked":"SKIP","floor":37.0},{"not_picked":["ThirdEye+1","JustLucky","BowlingBash","Pray"],"picked":"SKIP","floor":38.0},{"not_picked":["CrushJoints","CutThroughFate","Replay:AtTheReady","PathToVictory"],"picked":"Singing Bowl","floor":40.0},{"not_picked":["Replay:AtTheReady","EmptyFist","SignatureMove","Crescendo"],"picked":"Singing Bowl","floor":45.0},{"not_picked":["REME_CRH","Replay:BluntJabs","Replay:ManipulateFuture+1","Pray"],"picked":"Singing Bowl","floor":47.0},{"not_picked":["BowlingBash","PathToVictory","MentalFortress"],"picked":"Scrawl","floor":48.0},{"not_picked":["Replay:Vibes","Indignation","EmptyMind","Swivel"],"picked":"Singing Bowl","floor":55.0}],"player_experience":666986,"relics_obtained":[{"floor":6.0,"key":"Calipers"},{"floor":8.0,"key":"Thread and Needle"},{"floor":9.0,"key":"testmod-HeartOfDaVinci"},{"floor":10.0,"key":"ReplayTheSpireMod:Shallot"},{"floor":14.0,"key":"BookofPenglai"},{"floor":23.0,"key":"PocketWatch"},{"floor":25.0,"key":"Carrot"},{"floor":39.0,"key":"Ring of Fury"},{"floor":39.0,"key":"Ring of Greed"},{"floor":39.0,"key":"Smiling Mask"},{"floor":39.0,"key":"Golden Egg"},{"floor":40.0,"key":"Singing Bowl"},{"floor":41.0,"key":"Happy Flower"},{"floor":41.0,"key":"REME_HandOfSuture"},{"floor":43.0,"key":"Potion Belt"},{"floor":43.0,"key":"ReplayTheSpireMod:Ninjato"},{"floor":47.0,"key":"TeardropLocket"},{"floor":55.0,"key":"Sundial"}],"event_choices":[{"damage_healed":0.0,"max_hp_gain":0.0,"max_hp_loss":0.0,"gold_gain":0.0,"event_name":"Scrap Ooze","player_choice":"Success","floor":2.0,"gold_loss":0.0,"damage_taken":18.0,"relics_obtained":["Simple Rune"]},{"damage_healed":0.0,"max_hp_gain":0.0,"max_hp_loss":0.0,"gold_gain":0.0,"event_name":"The Woman in Blue","player_choice":"Bought 1 Potion","floor":3.0,"gold_loss":0.0,"damage_taken":0.0},{"damage_healed":0.0,"max_hp_gain":0.0,"max_hp_loss":0.0,"gold_gain":75.0,"event_name":"World of Goop","player_choice":"Gather Gold","floor":5.0,"gold_loss":0.0,"damage_taken":11.0},{"damage_healed":0.0,"max_hp_gain":0.0,"max_hp_loss":0.0,"gold_gain":0.0,"event_name":"Designer","player_choice":"Upgraded Two","floor":22.0,"gold_loss":50.0,"damage_taken":0.0,"cards_upgraded":["Tantrum","Strike_P"]},{"damage_healed":0.0,"max_hp_gain":0.0,"max_hp_loss":0.0,"gold_gain":0.0,"event_name":"Upgrade Shrine","player_choice":"Upgraded","floor":44.0,"gold_loss":0.0,"damage_taken":0.0,"cards_upgraded":["ReplayTheSpireMod:Faulty Equipment"]},{"damage_healed":0.0,"max_hp_gain":0.0,"max_hp_loss":0.0,"gold_gain":0.0,"event_name":"Lab","player_choice":"Got Potions","floor":46.0,"gold_loss":0.0,"damage_taken":0.0}],"is_beta":false,"boss_relics":[{"not_picked":["MysterySword","Cursed Key"],"picked":"testmod-KeyOfTheVoid"},{"not_picked":["rmod:monthlycard","Snecko Scales"],"picked":"Replay:Grab Bag"},{"not_picked":["Coffee Dripper","Runic Dome"],"picked":"Fusion Hammer"},{"not_picked":["Busted Crown","Philosopher\u0027s Stone"],"picked":"SlaversCollar"},{"not_picked":["Memoirist","aspiration:RunicSpoon"],"picked":"aspiration:IroncladSkillbook"}],"items_purged_floors":[54],"is_endless":false,"potions_floor_spawned":[1,10,20,23,33,37,38,45,47],"ascension_level":20}}