{"host":"3jhxjeq8h3mqaq9s","time":1611164640,"event":{"mods":["BaseMod","Bestiary","Colored Map","Downfall","Highlight Path","Minty Spire (QoL Compilation)","Rare Cards Sparkle","Relic Stats","StSLib","everything is the same but u backflip on backflip","slay the spire mod where everything is the same but ironclad has a cowboy hat"],"gold_per_floor":[99,110,126,126,140,240,267,286,86,71,86,104,136,46,60,164,164,164,181,197,208,208,237,310,340,350,366,376,376,83,33,51,156,156,56,74,74,28,43,89,89,101,149,161,173,210,222,267,291,303,315,361,29,29,29,29,29,29],"floor_reached":56,"language":"ENG","playtime":3688,"items_purged":["champ:Strike","champ:Strike","champ:Defend"],"score":944,"play_id":"dc509684-e199-4ff0-a5f3-c5e272f619b4","local_time":"20210120124400","is_ascension_mode":true,"campfire_choices":[{"floor":1,"key":"RECALL"},{"floor":9,"key":"REST"},{"data":"champ:PerfectedStrike","floor":18,"key":"SMITH"},{"data":"champ:PerfectedStrike","floor":35,"key":"SMITH"},{"data":"champ:PerfectedStrike","floor":42,"key":"SMITH"},{"data":"champ:PerfectedStrike","floor":45,"key":"SMITH"},{"data":"champ:PerfectedStrike","floor":47,"key":"SMITH"},{"data":"expansioncontent:QuickStudy","floor":54,"key":"SMITH"}],"circlet_count":0,"master_deck":["champ:Defend","champ:Defend","champ:Taunt","champ:StanceDance","champ:TripleStrike+1","champ:RisingSlash","champ:ShieldSlam","champ:FlashCut","champ:PerfectedStrike+1","champ:PerfectedStrike+1","champ:FlashCut","champ:FlashCut","champ:BladeFlurry","champ:BladeFlurry+1","champ:TripleStrike","champ:PerfectedStrike+1","champ:FlashCut+1","champ:PerfectedStrike+1","champ:AdrenalArmor","expansioncontent:DashGenerateEvil","champ:HoldFirm","champ:PerfectedStrike+1","champ:BladeFlurry","champ:PerfectedStrike+1","expansioncontent:QuickStudy+1","champ:Backstep"],"relics":["champ:ChampionCrownUpgraded","downfall:HeartBlessingBlue","downfall:HeartBlessingRed","StrikeDummy","Sozu","Ancient Tea Set","Pear","Kunai","champ:DefensiveTrainingManual","Incense Burner","downfall:HeartBlessingGreen","StoneCalendar","MawBank","CeramicFish","Dream Catcher","Thread and Needle","Eternal Feather"],"acts_visited":["Exordium","TheCity","TheBeyond","TheEnding"],"potions_floor_usage":[56],"damage_taken":[{"damage":11,"enemies":"Jaw Worm","floor":2,"turns":5},{"damage":19,"enemies":"2 Louse","floor":3,"turns":3},{"damage":39,"enemies":"Cultist","floor":5,"turns":4},{"damage":101,"enemies":"downfall:Heads","floor":6,"turns":7},{"damage":3,"enemies":"3 Louse","floor":8,"turns":3},{"damage":10,"enemies":"downfall:FleeingMerchant","floor":10,"turns":4},{"damage":1,"enemies":"2 Fungi Beasts","floor":11,"turns":2},{"damage":22,"enemies":"Exordium Thugs","floor":12,"turns":3},{"damage":10,"enemies":"Gremlin Nob","floor":13,"turns":2},{"damage":3,"enemies":"downfall:FleeingMerchant","floor":14,"turns":4},{"damage":11,"enemies":"Gremlin Gang","floor":15,"turns":2},{"damage":35,"enemies":"IC_STATUS_ARCHETYPE","floor":16,"turns":5},{"damage":0,"enemies":"Shell Parasite","floor":19,"turns":1},{"damage":11,"enemies":"Shelled Parasite and Fungi","floor":20,"turns":3},{"damage":0,"enemies":"Snake Plant","floor":21,"turns":1},{"damage":7,"enemies":"Gremlin Leader","floor":23,"turns":3},{"damage":2,"enemies":"Slavers","floor":25,"turns":3},{"damage":10,"enemies":"Snecko","floor":26,"turns":2},{"damage":0,"enemies":"Chosen and Byrds","floor":27,"turns":3},{"damage":15,"enemies":"Centurion and Healer","floor":28,"turns":2},{"damage":40,"enemies":"downfall:FleeingMerchant","floor":30,"turns":3},{"damage":0,"enemies":"Snake Plant","floor":32,"turns":2},{"damage":41,"enemies":"SI_MIRROR_ARCHETYPE","floor":33,"turns":5},{"damage":15,"enemies":"3 Shapes","floor":36,"turns":2},{"damage":0,"enemies":"Orb Walker","floor":39,"turns":2},{"damage":3,"enemies":"2 Orb Walkers","floor":40,"turns":3},{"damage":16,"enemies":"Nemesis","floor":43,"turns":3},{"damage":45,"enemies":"Giant Head","floor":46,"turns":5},{"damage":2,"enemies":"Nemesis","floor":48,"turns":3},{"damage":0,"enemies":"Spire Growth","floor":49,"turns":2},{"damage":24,"enemies":"DF_ARCHETYPE_ORBS","floor":50,"turns":6},{"damage":81,"enemies":"downfall:CharBossMerchant","floor":52,"turns":6},{"damage":50,"enemies":"downfall:NeowBoss","floor":55,"turns":14},{"damage":75,"enemies":"downfall:NeowBossFinal","floor":56,"turns":8}],"seed_played":"6360895745781359380","potions_obtained":[{"floor":0,"key":"champ:CounterPotion"},{"floor":0,"key":"GamblersBrew"},{"floor":0,"key":"GamblersBrew"},{"floor":2,"key":"Energy Potion"},{"floor":6,"key":"champ:OpenerPotion"}],"is_trial":false,"path_per_floor":["R","M","M","?","M","?","T","M","R","$","M","M","E","$","M","B",null,"R","M","M","M","?","E","T","E","M","M","M","?","$","?","M","B",null,"R","M","?","$","M","?","T","R","E","?","R","E","R","E","M","B",null,"E","$","R","B","B"],"character_chosen":"THE_CHAMP","items_purchased":["champ:AdrenalArmor","Incense Burner","expansioncontent:DashGenerateEvil","champ:BladeFlurry","expansioncontent:QuickStudy","champ:Backstep"],"campfire_rested":1,"item_purchase_floors":[30,30,30,38,53,53],"current_hp_per_floor":[90,89,80,80,76,35,35,32,72,72,71,59,59,56,45,25,100,100,100,99,99,100,93,103,101,101,101,101,101,86,110,110,79,110,110,110,110,110,110,110,110,110,109,99,99,94,94,102,102,88,110,64,64,79,39,0,0,0],"gold":29,"neow_bonus":"THREE_SMALL_POTIONS","is_daily":false,"chose_seed":false,"campfire_upgraded":6,"win_rate":0.0,"timestamp":1611164640,"path_taken":["R","M","M","?","M","?","T","M","R","$","M","M","E","$","M","BOSS","R","M","M","M","?","E","T","E","M","M","?","?","$","?","M","BOSS","R","M","?","$","?","?","T","R","E","?","R","E","R","E","M","BOSS","E","$","R","BOSS","BOSS"],"items_purchased_type":["Card","Relic","Card","Card","Card","Card"],"build_version":"2020-12-22","purchased_purges":3,"victory":false,"max_hp_per_floor":[90,90,90,90,90,90,90,90,100,100,100,100,100,100,100,100,100,100,100,100,100,100,100,110,110,110,110,110,110,110,110,110,110,110,110,110,110,110,110,110,110,110,110,110,110,110,110,110,110,110,110,110,110,110,110,110,110,110],"relic_stats":{"Sozu":7,"Dream Catcher":0,"counters":[34,126],"CeramicFish":27,"StoneCalendar":[104],"Eternal Feather":15,"Kunai":[38],"MawBank":144,"obtain_stats":[{"Pear":24,"downfall:HeartBlessingRed":9,"CeramicFish":43,"champ:ChampionCrown":0,"downfall:HeartBlessingGreen":35,"StoneCalendar":40,"Thread and Needle":48,"Eternal Feather":52,"champ:ChampionCrownUpgraded":34,"Incense Burner":30,"Ancient Tea Set":23,"MawBank":41,"Sozu":17,"Dream Catcher":46,"downfall:HeartBlessingBlue":9,"champ:DefensiveTrainingManual":29,"Kunai":25,"StrikeDummy":13},{"Pear":16,"downfall:HeartBlessingRed":5,"CeramicFish":27,"champ:ChampionCrown":0,"downfall:HeartBlessingGreen":23,"StoneCalendar":26,"Thread and Needle":29,"Eternal Feather":32,"champ:ChampionCrownUpgraded":23,"Incense Burner":21,"Ancient Tea Set":16,"MawBank":26,"Sozu":12,"Dream Catcher":28,"downfall:HeartBlessingBlue":5,"champ:DefensiveTrainingManual":20,"Kunai":17,"StrikeDummy":9},{"Pear":52,"downfall:HeartBlessingRed":22,"CeramicFish":82,"champ:ChampionCrown":0,"downfall:HeartBlessingGreen":72,"StoneCalendar":79,"Thread and Needle":90,"Eternal Feather":104,"champ:ChampionCrownUpgraded":72,"Incense Burner":65,"Ancient Tea Set":52,"MawBank":79,"Sozu":44,"Dream Catcher":87,"downfall:HeartBlessingBlue":22,"champ:DefensiveTrainingManual":62,"Kunai":55,"StrikeDummy":33}]},"card_choices":[{"not_picked":["champ:Circumvent","champ:GladiatorStyle"],"picked":"champ:StanceDance","floor":2},{"not_picked":["champ:StanceDance","champ:EnragedBash"],"picked":"champ:TripleStrike","floor":3},{"not_picked":["champ:PreemptiveStrike","champ:EnGarde"],"picked":"champ:RisingSlash","floor":5},{"not_picked":["champ:Circumvent","champ:BladeFlurry"],"picked":"champ:ShieldSlam","floor":6},{"not_picked":["champ:FocusedDefense","champ:DefensiveShout"],"picked":"champ:PerfectedStrike","floor":8},{"not_picked":["champ:FanOfKnives","champ:FancyFootwork"],"picked":"champ:PerfectedStrike","floor":10},{"not_picked":["champ:Haymaker","champ:EndlessRage","champ:Parry"],"picked":"SKIP","floor":11},{"not_picked":["champ:ViciousMockery","champ:DancingMaster"],"picked":"champ:FlashCut","floor":12},{"not_picked":["champ:BringItOn","champ:Backstep"],"picked":"champ:FlashCut","floor":13},{"not_picked":["champ:RisingSlash","champ:ShieldWall"],"picked":"champ:BladeFlurry","floor":14},{"not_picked":["champ:StanceDance","champ:BerserkersShout","champ:FanOfKnives"],"picked":"SKIP","floor":15},{"not_picked":["champ:Encircle","champ:FanOfKnives"],"picked":"champ:BladeFlurry+1","floor":19},{"not_picked":["champ:Parry","champ:AdrenalArmor","champ:Shatter+1"],"picked":"SKIP","floor":20},{"not_picked":["champ:RisingSlash","champ:PreemptiveStrike"],"picked":"champ:TripleStrike","floor":21},{"not_picked":["champ:Shatter","champ:Duel+1"],"picked":"champ:PerfectedStrike+1","floor":23},{"not_picked":["champ:Haymaker","champ:FanOfKnives"],"picked":"champ:FlashCut+1","floor":25},{"not_picked":["champ:AdrenalArmor+1","champ:FaceSlap"],"picked":"champ:PerfectedStrike","floor":26},{"not_picked":["champ:SetATrap","champ:DefensiveShout","champ:DeathBlow"],"picked":"SKIP","floor":27},{"not_picked":["champ:RecklessLeap+1","champ:Lariat","champ:AdrenalArmor"],"picked":"SKIP","floor":28},{"not_picked":["champ:BerserkersShout","champ:FocusedDefense","champ:Shatter"],"picked":"SKIP","floor":30},{"not_picked":["champ:ShieldWall+1","champ:BerserkersShout","champ:CalledShot"],"picked":"SKIP","floor":32},{"not_picked":["champ:DancingMaster","champ:ShieldThrow"],"picked":"champ:HoldFirm","floor":33},{"not_picked":["champ:FlashCut+1","champ:StanceDance+1"],"picked":"champ:PerfectedStrike","floor":36},{"not_picked":["champ:Circumvent","champ:CrookedStrike+1","champ:AdrenalArmor"],"picked":"SKIP","floor":39},{"not_picked":["champ:FancyFootwork+1","champ:CalledShot+1"],"picked":"champ:PerfectedStrike","floor":43},{"not_picked":["champ:FancyFootwork+1","champ:PreemptiveStrike+1","champ:Circumvent"],"picked":"SKIP","floor":46},{"not_picked":["champ:GutPunch+1","champ:BerserkersShout+1","champ:FaceSlap"],"picked":"SKIP","floor":48},{"not_picked":["champ:FlashCut+1","champ:CrookedStrike","champ:PreciseThrust+1"],"picked":"SKIP","floor":49},{"not_picked":["champ:RisingSlash","champ:BringItOn+1","champ:FocusedDefense"],"picked":"SKIP","floor":52}],"player_experience":2606635,"relics_obtained":[{"floor":13,"key":"StrikeDummy"},{"floor":23,"key":"Ancient Tea Set"},{"floor":24,"key":"Pear"},{"floor":25,"key":"Kunai"},{"floor":40,"key":"StoneCalendar"},{"floor":41,"key":"MawBank"},{"floor":43,"key":"CeramicFish"},{"floor":46,"key":"Dream Catcher"},{"floor":48,"key":"Thread and Needle"},{"floor":52,"key":"Eternal Feather"}],"event_choices":[{"cards_removed":["champ:Strike"],"damage_healed":0,"gold_gain":0,"player_choice":"Card Removal","damage_taken":0,"max_hp_gain":0,"max_hp_loss":0,"event_name":"The Cleric","floor":4,"gold_loss":0},{"damage_healed":1,"gold_gain":0,"player_choice":"Full Heal","damage_taken":0,"max_hp_gain":0,"max_hp_loss":0,"event_name":"Wheel of Change","floor":22,"gold_loss":0},{"damage_healed":0,"gold_gain":0,"player_choice":"Fight","damage_taken":0,"max_hp_gain":0,"max_hp_loss":0,"event_name":"Mysterious Sphere","floor":40,"gold_loss":0}],"is_beta":false,"boss_relics":[{"not_picked":["Calling Bell","Empty Cage"],"picked":"Sozu"},{"not_picked":["SacredBark","Black Star"],"picked":"champ:ChampionCrownUpgraded"}],"items_purged_floors":[14,30,53],"is_endless":false,"potions_floor_spawned":[2,3,6,8,23,25,26,28,36,46,49],"killed_by":"downfall:NeowBossFinal","ascension_level":1}}