{"host":"2zc57igszyqgae0y","time":1611124354,"event":{"mods":["ATMod(°¢èªMod)","Act Like it!","Aspiration","BaseMod","CapriCore","GifTheSpireLib","Minty Spire (QoL Compilation)","Quick Restart","Rare Cards Sparkle","Replay The Spire","RumiaBox-Â¶Ã×æ«µÄÉñÃØºÐ×Ó","SIMod","Shop Mod","StSLib","[IsaacMod]ÒÔÈö¼âËþ","vexMod"],"gold_per_floor":[117,133,133,59,59,59,59,94,121,152,152,162,162,176,176,275,275,295,68,79,92,92,92,92,92],"floor_reached":24,"language":"ZHS","playtime":1112,"items_purged":["Strike_G"],"score":365,"play_id":"58c00ef6-ffb5-47d7-9bbc-f5c773959313","local_time":"20210120143234","is_ascension_mode":true,"campfire_choices":[{"data":"AT_ArcaneSupremacy","floor":6.0,"key":"SMITH"},{"floor":7.0,"key":"REST"},{"floor":15,"key":"REST"},{"data":"Terror","floor":23,"key":"SMITH"}],"circlet_count":0,"master_deck":["Strike_G","Strike_G","Strike_G","Strike_G","Defend_G","Defend_G","Defend_G","Defend_G","Defend_G","Survivor","Neutralize","Unload+1","AT_TinkerSharpsword+1","Terror+1","AT_ArcaneSupremacy+1","Prepared","Glacier","Unload+1"],"relics":["HushsDoor","AT_ATBox","MoneyPower","Gremlin Horn","Tiny Chest","Ccalipers","Golden Egg","Sizzling Blood","aspiration:DefectSkillbook","Guide Book","Replay:Baseball"],"acts_visited":["Exordium","TheCity"],"potions_floor_usage":[16,24],"damage_taken":[{"damage":0.0,"enemies":"Cultist","floor":1.0,"turns":3.0},{"damage":12.0,"enemies":"Jaw Worm","floor":2.0,"turns":5.0},{"damage":8.0,"enemies":"Small Slimes","floor":5.0,"turns":3.0},{"damage":32,"enemies":"Gremlin Nob","floor":8,"turns":4},{"damage":2,"enemies":"Replay:BlueRogue","floor":10,"turns":6},{"damage":13,"enemies":"Red Slaver","floor":12,"turns":5},{"damage":5,"enemies":"Looter","floor":14,"turns":3},{"damage":0,"enemies":"The Guardian","floor":16,"turns":1},{"damage":3,"enemies":"Chosen","floor":18,"turns":8},{"damage":15,"enemies":"3 Byrds","floor":20,"turns":5},{"damage":23,"enemies":"Shelled Parasite and Fungi","floor":21,"turns":13},{"damage":30,"enemies":"Book of Stabbing","floor":24,"turns":5}],"seed_played":"-5905222510399204294","potions_obtained":[{"floor":8,"key":"Adrenaline Potion"},{"floor":14,"key":"ColorlessPotion"},{"floor":21,"key":"Block Potion"}],"is_trial":false,"path_per_floor":["M","M","?","$","M","R","R","E","T","E","?","M","?","M","R","B",null,"M","$","M","M","T","R","E"],"character_chosen":"THE_SILENT","items_purchased":["AT_ArcaneSupremacy","Guide Book"],"campfire_rested":2,"item_purchase_floors":[4,19],"current_hp_per_floor":[63,51,39,39,31,31,49,17,17,15,19,10,10,9,29,33,59,60,60,49,30,30,30,0,0],"gold":92,"neow_bonus":"THREE_RARE_CARDS","is_daily":false,"chose_seed":false,"campfire_upgraded":2,"win_rate":0.0,"timestamp":1611124354,"path_taken":["M","?","?","$","M","E","R","E","T","E","?","?","?","M","R","BOSS","M","$","M","M","?","R","E"],"items_purchased_type":["Card","Relic"],"build_version":"2020-12-22","purchased_purges":1,"victory":false,"max_hp_per_floor":[63,63,63,63,63,63,63,63,63,63,67,67,67,67,67,67,67,67,67,67,67,67,67,67,67],"card_choices":[{"not_picked":["Poison Darts","After Image"],"picked":"Unload","floor":0.0},{"not_picked":["ReplayTheSpireMod:Speed Training","Deadly Poison"],"picked":"AT_TinkerSharpsword","floor":1.0},{"not_picked":["Poisoned Stab","Dagger Throw"],"picked":"Terror","floor":2.0},{"not_picked":["ReplayTheSpireMod:Scrap Shanks","Acrobatics","Choke"],"picked":"SKIP","floor":8},{"not_picked":["Deflect","Heel Hook","Concentrate"],"picked":"SKIP","floor":10},{"not_picked":["Bane","AT_ThistleTea"],"picked":"Prepared","floor":12},{"not_picked":["AT_Desolate","Setup","Phantasmal Killer"],"picked":"SKIP","floor":14},{"not_picked":["Reinforced Body","Acrobatics+1","Panic Button","Finisher"],"picked":"SKIP","floor":18},{"not_picked":["AT_StudyProgram","Noxious Fumes","Turbo"],"picked":"Glacier","floor":20},{"not_picked":["Dodge and Roll","Reinforced Body","Quick Slash"],"picked":"Unload","floor":21}],"player_experience":295779,"relics_obtained":[{"floor":8,"key":"Tiny Chest"},{"floor":9,"key":"Ccalipers"},{"floor":10,"key":"Golden Egg"},{"floor":22,"key":"Replay:Baseball"}],"event_choices":[{"damage_healed":0.0,"max_hp_gain":0.0,"max_hp_loss":0.0,"gold_gain":0.0,"event_name":"Scrap Ooze","player_choice":"Success","floor":3.0,"gold_loss":0.0,"damage_taken":12.0,"relics_obtained":["Gremlin Horn"]}],"is_beta":false,"boss_relics":[{"not_picked":["Coffee Dripper","vexMod:DeviousBotling"],"picked":"aspiration:DefectSkillbook"},{"not_picked":[]}],"items_purged_floors":[19],"is_endless":false,"potions_floor_spawned":[5,8,14,21],"killed_by":"Book of Stabbing","ascension_level":6}}