{"host":"ebj6lkgm8suah319","time":1611109646,"event":{"mods":["2.2 Compatiblity","AchievementEnabler","BaseMod","Block Reminder","Colored Map","Colored Powertips","Minty Spire (QoL Compilation)","Quick Restart","Rare Cards Sparkle","Relic Stats","SuperFastMode"],"gold_per_floor":[159,159,180,23,46,46,382,382,382,382,382,421,446,476,476,570,570,583,583,583,192,192,226,25,25,25],"floor_reached":25,"language":"ENG","playtime":609,"items_purged":["Strike_R"],"score":371,"play_id":"7d2157e5-88ea-46d2-9c0c-b8008a5dc3da","local_time":"20210119212726","is_ascension_mode":true,"campfire_choices":[{"data":"Bash","floor":6.0,"key":"SMITH"},{"floor":11,"key":"REST"},{"data":"True Grit","floor":15,"key":"SMITH"}],"circlet_count":0,"master_deck":["AscendersBane","Strike_R+1","Strike_R","Strike_R","Strike_R","Defend_R+1","Defend_R+1","Defend_R+1","Defend_R","Bash+1","Hemokinesis+1","Inflame","Headbutt","Fiend Fire","Brutality","True Grit+1","Reaper","Uppercut","Dark Embrace","Rupture"],"relics":["Tiny House","Golden Idol","Red Skull","Old Coin","Question Card","Regal Pillow","Coffee Dripper","War Paint","Oddly Smooth Stone","Boot","Medical Kit"],"acts_visited":["Exordium","TheCity"],"potions_floor_usage":[7,12,16,23,23,25],"damage_taken":[{"damage":1.0,"enemies":"2 Louse","floor":1.0,"turns":3.0},{"damage":11.0,"enemies":"Jaw Worm","floor":3.0,"turns":3.0},{"damage":2.0,"enemies":"Small Slimes","floor":5.0,"turns":3.0},{"damage":10,"enemies":"Gremlin Nob","floor":7,"turns":3},{"damage":13,"enemies":"3 Sentries","floor":12,"turns":5},{"damage":10,"enemies":"Blue Slaver","floor":13,"turns":3},{"damage":21,"enemies":"Hexaghost","floor":16,"turns":7},{"damage":27,"enemies":"Spheric Guardian","floor":18,"turns":5},{"damage":64,"enemies":"Book of Stabbing","floor":23,"turns":7},{"damage":19,"enemies":"Gremlin Leader","floor":25,"turns":4}],"seed_played":"-2534711236962874960","potions_obtained":[{"floor":0.0,"key":"Strength Potion"},{"floor":5.0,"key":"PowerPotion"},{"floor":7,"key":"SkillPotion"},{"floor":16,"key":"GamblersBrew"}],"is_trial":false,"path_per_floor":["M","?","M","$","M","R","E","?","T","?","R","E","M","?","R","B",null,"M","?","?","$","?","E","$","E"],"character_chosen":"IRONCLAD","items_purchased":["Red Skull","Uppercut","Dark Embrace","BloodPotion","Oddly Smooth Stone","Medical Kit","AttackPotion"],"campfire_rested":1,"item_purchase_floors":[4,21,21,21,21,24,24],"current_hp_per_floor":[76,76,65,65,63,63,53,37,37,30,68,55,45,45,45,24,65,38,38,38,38,38,2,2,0,0],"gold":25,"neow_bonus":"BOSS_RELIC","is_daily":false,"chose_seed":false,"campfire_upgraded":2,"win_rate":0.0,"timestamp":1611109646,"path_taken":["M","?","M","$","M","R","E","?","T","?","R","E","M","?","R","BOSS","M","?","?","$","?","E","?","E"],"items_purchased_type":["Relic","Card","Card","Potion","Relic","Relic","Potion"],"build_version":"2020-12-22","purchased_purges":1,"victory":false,"max_hp_per_floor":[85,79,79,79,79,79,79,79,79,79,79,79,79,79,79,79,79,79,79,79,79,79,79,79,79,79],"relic_stats":{"Regal Pillow":15,"counters":[10,43],"Golden Idol":58,"War Paint":["Defend_R","Defend_R"],"Question Card":5,"Boot":[0],"Medical Kit":[0],"obtain_stats":[{"Regal Pillow":10,"Tiny House":0,"Golden Idol":2,"Oddly Smooth Stone":21,"Coffee Dripper":17,"War Paint":20,"Question Card":9,"Boot":23,"Medical Kit":24,"Burning Blood":0,"Red Skull":4,"Old Coin":7},{"Regal Pillow":4,"Tiny House":0,"Golden Idol":1,"Oddly Smooth Stone":8,"Coffee Dripper":7,"War Paint":8,"Question Card":4,"Boot":9,"Medical Kit":9,"Burning Blood":0,"Red Skull":2,"Old Coin":4},{"Regal Pillow":12,"Tiny House":0,"Golden Idol":3,"Oddly Smooth Stone":32,"Coffee Dripper":27,"War Paint":32,"Question Card":12,"Boot":39,"Medical Kit":39,"Burning Blood":0,"Red Skull":6,"Old Coin":12}]},"card_choices":[{"not_picked":["Clothesline","Thunderclap"],"picked":"Hemokinesis","floor":0.0},{"not_picked":["Bloodletting","Havoc","Burning Pact"],"picked":"SKIP","floor":1.0},{"not_picked":["Perfected Strike","Flame Barrier"],"picked":"Inflame","floor":3.0},{"not_picked":["Blood for Blood","True Grit"],"picked":"Headbutt","floor":5.0},{"not_picked":["Burning Pact","Cleave"],"picked":"Fiend Fire","floor":7},{"not_picked":["Havoc","Searing Blow","Headbutt"],"picked":"Brutality","floor":12},{"not_picked":["Anger","Warcry","Armaments"],"picked":"True Grit","floor":13},{"not_picked":["Feed","Limit Break","Offering"],"picked":"Reaper","floor":16},{"not_picked":["Thunderclap","Power Through","Perfected Strike+1","Headbutt+1"],"picked":"SKIP","floor":18},{"not_picked":["Pommel Strike+1","Heavy Blade","Headbutt"],"picked":"Rupture","floor":23}],"player_experience":39744,"relics_obtained":[{"floor":7,"key":"Old Coin"},{"floor":9,"key":"Question Card"},{"floor":23,"key":"Boot"}],"event_choices":[{"damage_healed":0.0,"max_hp_gain":0.0,"max_hp_loss":6.0,"gold_gain":0.0,"event_name":"Golden Idol","player_choice":"Lose Max HP","floor":2.0,"gold_loss":0.0,"damage_taken":0.0,"relics_obtained":["Golden Idol"]},{"damage_healed":0,"gold_gain":0,"player_choice":"Entered Light","damage_taken":16,"max_hp_gain":0,"max_hp_loss":0,"event_name":"Shining Light","floor":8,"gold_loss":0,"cards_upgraded":["Defend_R","Hemokinesis"]},{"damage_healed":0,"gold_gain":0,"player_choice":"Success","damage_taken":7,"relics_obtained":["Regal Pillow"],"max_hp_gain":0,"max_hp_loss":0,"event_name":"Scrap Ooze","floor":10,"gold_loss":0},{"damage_healed":0,"gold_gain":30,"player_choice":"Searched \u00271\u0027 times","damage_taken":0,"max_hp_gain":0,"max_hp_loss":0,"event_name":"Dead Adventurer","floor":14,"gold_loss":0},{"damage_healed":0,"gold_gain":0,"player_choice":"Ignored","damage_taken":0,"max_hp_gain":0,"max_hp_loss":0,"event_name":"Vampires","floor":19,"gold_loss":0},{"damage_healed":0,"gold_gain":0,"player_choice":"Opened","damage_taken":0,"relics_obtained":["War Paint"],"max_hp_gain":0,"max_hp_loss":0,"event_name":"The Mausoleum","floor":20,"gold_loss":0},{"damage_healed":0,"gold_gain":0,"player_choice":"Ignored","damage_taken":0,"max_hp_gain":0,"max_hp_loss":0,"event_name":"Ghosts","floor":22,"gold_loss":0}],"is_beta":false,"boss_relics":[{"not_picked":["Runic Cube","Astrolabe"],"picked":"Coffee Dripper"}],"items_purged_floors":[21],"is_endless":false,"potions_floor_spawned":[5,7,16],"killed_by":"Gremlin Leader","ascension_level":13}}