{"host":"yd6hhqps9de4qmof","time":1611164310,"event":{"mods":["BaseMod","Downfall","Hermit","Highlight Path","Jorbs\u0027s Wanderer Trilogy","Minty Spire (QoL Compilation)","Relic Stats","Shade Mod","StSLib","The Cursed","The Servant 0.9.4"],"gold_per_floor":[99,114,132,162,177,77,77,77,77,95,105,137,151,37,55,55,55,55],"floor_reached":16,"language":"ENG","playtime":668,"items_purged":[],"score":109,"play_id":"934d1d95-289a-4905-92e5-8b8f94f276c5","local_time":"20210120183830","is_ascension_mode":true,"campfire_choices":[{"floor":1,"key":"RECALL"},{"data":"bronze:Flail","floor":6,"key":"SMITH"},{"data":"Magnetism","floor":9,"key":"SMITH"}],"circlet_count":0,"master_deck":["bronze:Strike","bronze:Strike","bronze:Strike","bronze:Strike","bronze:Defend","bronze:Defend","bronze:Defend","bronze:Defend","bronze:Replicate","bronze:Goto","Doubt","Magnetism+1","bronze:ChildClass","bronze:Flail+1","bronze:Frontload","Parasite","bronze:Branch","bronze:DarkDash","bronze:WildBeam","bronze:Boost","bronze:WhirlingStrike","bronze:ForceShield","bronze:Constructor"],"relics":["bronze:BronzeCore","downfall:HeartBlessingRed","Pear","Pantograph"],"acts_visited":["Exordium"],"potions_floor_usage":[15],"damage_taken":[{"damage":8,"enemies":"Cultist","floor":2,"turns":5},{"damage":7,"enemies":"Jaw Worm","floor":3,"turns":4},{"damage":2,"enemies":"2 Louse","floor":5,"turns":2},{"damage":3,"enemies":"Large Slime","floor":10,"turns":4},{"damage":9,"enemies":"Exordium Thugs","floor":11,"turns":5},{"damage":37,"enemies":"Lagavulin","floor":12,"turns":8},{"damage":0,"enemies":"Lots of Slimes","floor":13,"turns":1},{"damage":0,"enemies":"downfall:FleeingMerchant","floor":14,"turns":4},{"damage":0,"enemies":"Large Slime","floor":15,"turns":3},{"damage":61,"enemies":"SI_SHIV_ARCHETYPE","floor":16,"turns":10}],"seed_played":"-8716351732606416044","potions_obtained":[{"floor":5,"key":"Weak Potion"},{"floor":11,"key":"DistilledChaos"},{"floor":13,"key":"Dexterity Potion"}],"is_trial":false,"path_per_floor":["R","M","M","?","M","R","T","?","R","M","M","E","M","$","M","B"],"character_chosen":"THE_AUTOMATON","items_purchased":["bronze:WhirlingStrike","bronze:ForceShield"],"campfire_rested":0,"item_purchase_floors":[14,14],"current_hp_per_floor":[70,62,55,55,53,53,63,80,80,77,68,31,31,31,31,0,0,0],"gold":55,"neow_bonus":"RANDOM_COLORLESS_2","is_daily":false,"chose_seed":false,"campfire_upgraded":2,"win_rate":0.0,"timestamp":1611164310,"path_taken":["R","M","?","?","M","R","T","?","R","M","M","E","M","?","M","BOSS"],"items_purchased_type":["Card","Card"],"build_version":"2020-12-22","purchased_purges":0,"victory":false,"max_hp_per_floor":[70,70,70,70,70,70,80,80,80,80,80,80,80,80,80,80,80,80],"relic_stats":{"counters":[10,46],"Pantograph":25,"obtain_stats":[{"bronze:BronzeCore":0,"Pear":7,"downfall:HeartBlessingRed":6,"Pantograph":12},{"bronze:BronzeCore":0,"Pear":3,"downfall:HeartBlessingRed":3,"Pantograph":6},{"bronze:BronzeCore":0,"Pear":11,"downfall:HeartBlessingRed":11,"Pantograph":28}]},"card_choices":[{"not_picked":["Master of Strategy","Sadistic Nature"],"picked":"Magnetism","floor":0},{"not_picked":["bronze:FineTuning","bronze:Repulsor"],"picked":"bronze:ChildClass","floor":2},{"not_picked":["bronze:Return","bronze:BitShift"],"picked":"bronze:Flail","floor":3},{"not_picked":["bronze:ForLoop","bronze:Refactor"],"picked":"bronze:Frontload","floor":5},{"not_picked":["bronze:Deprecate","bronze:Return"],"picked":"bronze:Branch","floor":10},{"not_picked":["bronze:Shield","bronze:Fortify"],"picked":"bronze:DarkDash","floor":11},{"not_picked":["bronze:ChildClass","bronze:BitShift"],"picked":"bronze:WildBeam","floor":12},{"not_picked":["bronze:ThunderWave","bronze:WhirlingStrike"],"picked":"bronze:Boost","floor":13},{"not_picked":["bronze:Repulsor","bronze:Separator","bronze:WildBeam"],"picked":"SKIP","floor":14},{"not_picked":["bronze:Turbo","bronze:Deprecate"],"picked":"bronze:Constructor","floor":15}],"player_experience":1159218,"relics_obtained":[{"floor":7,"key":"Pear"},{"floor":12,"key":"Pantograph"}],"event_choices":[{"damage_healed":20,"gold_gain":0,"player_choice":"Healed and dodged fight","damage_taken":0,"max_hp_gain":0,"max_hp_loss":0,"event_name":"Mushrooms","floor":8,"gold_loss":0,"cards_obtained":["Parasite"]}],"is_beta":false,"boss_relics":[],"items_purged_floors":[],"is_endless":false,"potions_floor_spawned":[5,11,13],"killed_by":"SI_SHIV_ARCHETYPE","ascension_level":1}}