{"host":"7gewg82ormp6yt4e","time":1611143282,"event":{"mods":["BaseMod","Block Reminder","Colored Map","Colored Powertips","DeckTracker","Highlight Path","Minty Spire (QoL Compilation)","Relic Stats","StSLib","ojb\u0027s Info Mod"],"gold_per_floor":[155,186,222,222,8,74,74,128,128,128,139,139,195,238,238,238,238],"floor_reached":16,"language":"JPN","playtime":894,"items_purged":[],"score":240,"play_id":"129fa4b3-e336-48f2-b5fd-aa1a469438e2","local_time":"20210120204802","is_ascension_mode":true,"campfire_choices":[{"data":"HandOfGreed","floor":7,"key":"SMITH"},{"floor":10,"key":"REST"},{"floor":12,"key":"REST"},{"data":"Beam Cell","floor":15,"key":"SMITH"}],"circlet_count":0,"master_deck":["AscendersBane","Strike_B","Strike_B","Strike_B","Strike_B","Defend_B","Defend_B","Defend_B","Defend_B","Zap","Dualcast","Decay","HandOfGreed+1","Steam","Beam Cell+1","Coolheaded","Core Surge","Undo","Cold Snap+1","Rebound+1"],"relics":["Cracked Core","Lee\u0027s Waffle","Singing Bowl","Calipers","Thread and Needle","Molten Egg 2"],"acts_visited":["Exordium"],"potions_floor_usage":[6,8,16],"damage_taken":[{"damage":7.0,"enemies":"Small Slimes","floor":1.0,"turns":4.0},{"damage":14.0,"enemies":"Jaw Worm","floor":2.0,"turns":5.0},{"damage":2.0,"enemies":"Cultist","floor":3.0,"turns":4.0},{"damage":47,"enemies":"3 Sentries","floor":6,"turns":14},{"damage":18,"enemies":"Gremlin Nob","floor":8,"turns":4},{"damage":0,"enemies":"Red Slaver","floor":11,"turns":2},{"damage":25,"enemies":"Lagavulin","floor":13,"turns":10},{"damage":3,"enemies":"3 Louse","floor":14,"turns":5},{"damage":43,"enemies":"Hexaghost","floor":16,"turns":11}],"seed_played":"-2577865877536884135","potions_obtained":[{"floor":3.0,"key":"Dexterity Potion"},{"floor":6,"key":"PotionOfCapacity"}],"is_trial":false,"path_per_floor":["M","M","M","?","$","E","R","E","T","R","M","R","E","M","R","B"],"character_chosen":"DEFECT","items_purchased":["Fire Potion","Lee\u0027s Waffle"],"campfire_rested":2,"item_purchase_floors":[5,5],"current_hp_per_floor":[57,43,41,46,83,36,36,20,20,45,45,70,45,42,42,0,0],"gold":238,"neow_bonus":"RANDOM_COLORLESS_2","is_daily":false,"chose_seed":false,"campfire_upgraded":2,"win_rate":0.0,"timestamp":1611143282,"path_taken":["M","M","M","?","$","E","R","E","T","R","M","R","E","M","R","BOSS"],"items_purchased_type":["Potion","Relic"],"build_version":"2020-12-22","purchased_purges":0,"victory":false,"max_hp_per_floor":[71,71,71,76,83,83,83,85,85,85,85,85,85,85,85,85,85],"relic_stats":{"Lee\u0027s Waffle":37,"Singing Bowl":2,"counters":[9,59],"obtain_stats":[{"Lee\u0027s Waffle":5,"Calipers":8,"Singing Bowl":6,"Thread and Needle":9,"Molten Egg 2":13,"Cracked Core":0},{"Lee\u0027s Waffle":3,"Calipers":5,"Singing Bowl":4,"Thread and Needle":5,"Molten Egg 2":7,"Cracked Core":0},{"Lee\u0027s Waffle":13,"Calipers":31,"Singing Bowl":27,"Thread and Needle":31,"Molten Egg 2":43,"Cracked Core":0}]},"card_choices":[{"not_picked":["The Bomb","Thinking Ahead"],"picked":"HandOfGreed","floor":0.0},{"not_picked":["Redo","Blizzard"],"picked":"Steam","floor":1.0},{"not_picked":["Go for the Eyes","Steam"],"picked":"Beam Cell","floor":2.0},{"not_picked":["Steam","Hologram"],"picked":"Coolheaded","floor":3.0},{"not_picked":["Reinforced Body","Barrage"],"picked":"Core Surge","floor":6},{"not_picked":["Sweeping Beam","Go for the Eyes","Rebound"],"picked":"Singing Bowl","floor":8},{"not_picked":["Genetic Algorithm","Force Field"],"picked":"Undo","floor":11},{"not_picked":["Steam","White Noise"],"picked":"Cold Snap+1","floor":13},{"not_picked":["Tempest","Hologram"],"picked":"Rebound+1","floor":14}],"player_experience":2630986,"relics_obtained":[{"floor":6,"key":"Singing Bowl"},{"floor":8,"key":"Calipers"},{"floor":9,"key":"Thread and Needle"},{"floor":13,"key":"Molten Egg 2"}],"event_choices":[{"damage_healed":0.0,"max_hp_gain":5.0,"max_hp_loss":0.0,"gold_gain":0.0,"event_name":"Big Fish","player_choice":"Donut","floor":4.0,"gold_loss":0.0,"damage_taken":0.0}],"is_beta":false,"boss_relics":[],"items_purged_floors":[],"is_endless":false,"potions_floor_spawned":[3,6],"killed_by":"Hexaghost","ascension_level":20}}