{"host":"9ltncrns7b9wt2tr","time":1611121697,"event":{"mods":["AchievementEnabler","BaseMod","BetterRewards","Colored Map","Colored Powertips","Minty Spire (QoL Compilation)","Quick Restart","Replay The Spire","StSLib","SuperFastMode"],"gold_per_floor":[112,387,406,406,418,432,432,466,466,485,485,518,194,194,194,194,194],"floor_reached":16,"language":"ZHS","playtime":964,"items_purged":["Regret"],"score":154,"play_id":"592bef51-deb9-47fb-9a80-060ed1246ca8","local_time":"20210120134817","is_ascension_mode":true,"campfire_choices":[{"data":"Prepared","floor":7.0,"key":"SMITH"},{"data":"Sneak Up","floor":11,"key":"SMITH"},{"data":"Acrobatics","floor":15,"key":"SMITH"}],"circlet_count":0,"master_deck":["Strike_G","Strike_G","Strike_G","Strike_G","Strike_G","Defend_G","Defend_G","Defend_G","Defend_G","Defend_G","Survivor","Neutralize","Prepared+1","ReplayTheSpireMod:The Works","Sneak Up+1","Acrobatics+1"],"relics":["Ring of the Snake","NeowsBlessing","ReplayTheSpireMod:Ring of Collecting","ReplayTheSpireMod:Ring of Addiction","Toy Ornithopter","SacredBark","Unceasing Top","Ring of Hypnosis","InkBottle","Replay:Rubber Ducky","ReplayTheSpireMod:Ninjato","Spirit Poop"],"acts_visited":["Exordium"],"potions_floor_usage":[10,12,16],"damage_taken":[{"damage":0.0,"enemies":"Cultist","floor":1.0,"turns":1.0},{"damage":0.0,"enemies":"Jaw Worm","floor":3.0,"turns":1.0},{"damage":0.0,"enemies":"Small Slimes","floor":5.0,"turns":2.0},{"damage":7.0,"enemies":"Gremlin Gang","floor":6.0,"turns":8.0},{"damage":27.0,"enemies":"Gremlin Nob","floor":8.0,"turns":4.0},{"damage":2,"enemies":"Exordium Wildlife","floor":10,"turns":5},{"damage":48,"enemies":"3 Sentries","floor":12,"turns":16},{"damage":14,"enemies":"The Guardian","floor":16,"turns":7}],"seed_played":"-7346070819183013217","potions_obtained":[{"floor":4.0,"key":"Swift Potion"},{"floor":4.0,"key":"Fruit Juice"},{"floor":4.0,"key":"FearPotion"},{"floor":5.0,"key":"BlessingOfTheForge"},{"floor":6.0,"key":"Energy Potion"},{"floor":8.0,"key":"Death Potion"},{"floor":12,"key":"Energy Potion"}],"is_trial":false,"path_per_floor":["M","?","M","?","M","M","R","E","T","M","R","E","$","?","R","B"],"character_chosen":"THE_SILENT","items_purchased":["ReplayTheSpireMod:Ninjato"],"campfire_rested":0,"item_purchase_floors":[13],"current_hp_per_floor":[70,70,70,70,75,68,68,48,48,51,51,8,8,8,8,0,0],"gold":194,"neow_bonus":"THREE_ENEMY_KILL","is_daily":false,"chose_seed":false,"campfire_upgraded":3,"win_rate":0.0,"timestamp":1611121697,"path_taken":["M","?","?","?","M","M","R","E","T","M","R","E","$","?","R","BOSS"],"items_purchased_type":["Relic"],"build_version":"2020-12-22","purchased_purges":1,"victory":false,"max_hp_per_floor":[70,70,70,70,75,75,75,75,75,75,75,75,75,75,75,73,73],"card_choices":[{"not_picked":["Dash","Dodge and Roll"],"picked":"Prepared","floor":1.0},{"not_picked":["Dagger Spray","Poisoned Stab"],"picked":"ReplayTheSpireMod:The Works","floor":3.0},{"not_picked":["Dagger Throw","All Out Attack","Deflect"],"picked":"SKIP","floor":5.0},{"not_picked":["Underhanded Strike","Sucker Punch","Expertise"],"picked":"SKIP","floor":6.0},{"not_picked":["Well Laid Plans","PiercingWail"],"picked":"Sneak Up","floor":8.0},{"not_picked":["Skewer","Outmaneuver","Flying Knee"],"picked":"SKIP","floor":10},{"not_picked":["Deadly Poison","Hidden Blade"],"picked":"Acrobatics","floor":12}],"player_experience":86865,"relics_obtained":[{"floor":4.0,"key":"ReplayTheSpireMod:Ring of Collecting"},{"floor":4.0,"key":"ReplayTheSpireMod:Ring of Addiction"},{"floor":4.0,"key":"Toy Ornithopter"},{"floor":4.0,"key":"SacredBark"},{"floor":8.0,"key":"Unceasing Top"},{"floor":9.0,"key":"Ring of Hypnosis"},{"floor":9.0,"key":"InkBottle"},{"floor":12,"key":"Replay:Rubber Ducky"}],"event_choices":[{"damage_healed":0.0,"max_hp_gain":0.0,"max_hp_loss":0.0,"gold_gain":275.0,"event_name":"Golden Shrine","player_choice":"Desecrate","floor":2.0,"gold_loss":0.0,"damage_taken":0.0,"cards_obtained":["Regret"]},{"cards_removed":["CommonCold"],"damage_healed":0,"gold_gain":0,"player_choice":"Offered Curse","damage_taken":0,"relics_obtained":["Spirit Poop"],"max_hp_gain":0,"max_hp_loss":0,"event_name":"Bonfire Elementals","floor":14,"gold_loss":0}],"is_beta":false,"boss_relics":[],"items_purged_floors":[13],"is_endless":false,"potions_floor_spawned":[5,6,8,12],"killed_by":"The Guardian","ascension_level":3}}