{"host":"1a3cjta80tad0aqj","time":1611101682,"event":{"mods":["2.2 Compatiblity","AchievementEnabler","BaseMod","Colored Map","DeckTracker","KOR Keyword Fix","Keyboard Shortcuts","Minty Spire (QoL Compilation)","Permanent Neow","Quick Restart","Random Character Button","StSLib","SuperFastMode","everything is the same but u backflip on backflip"],"gold_per_floor":[111,121,121,46,58,58,58,58,83,110,27,45,72,82,82,82,82],"floor_reached":16,"language":"KOR","playtime":655,"items_purged":["Defend_P"],"score":340,"play_id":"03c9a2b3-668c-4c63-8881-c4c748ce89fd","local_time":"20210120091442","is_ascension_mode":true,"campfire_choices":[{"data":"Eruption","floor":6.0,"key":"SMITH"},{"data":"CutThroughFate","floor":8.0,"key":"SMITH"},{"data":"Impatience","floor":15,"key":"SMITH"}],"circlet_count":0,"master_deck":["AscendersBane","Strike_P+1","Strike_P","Strike_P+1","Strike_P","Defend_P","Defend_P","Defend_P","Eruption+1","Vigilance","Impatience+1","CutThroughFate+1","Halt","Meditate","LessonLearned"],"relics":["PureWater","Whetstone","WingedGreaves","Toxic Egg 2"],"acts_visited":[],"potions_floor_usage":[16],"damage_taken":[{"damage":2.0,"enemies":"Jaw Worm","floor":1.0,"turns":4.0},{"damage":9.0,"enemies":"Small Slimes","floor":2.0,"turns":4.0},{"damage":5.0,"enemies":"2 Louse","floor":5.0,"turns":2.0},{"damage":0.0,"enemies":"Lagavulin","floor":7.0,"turns":4.0},{"damage":0.0,"enemies":"Gremlin Nob","floor":10.0,"turns":2.0},{"damage":0.0,"enemies":"Large Slime","floor":12.0,"turns":2.0},{"damage":0,"enemies":"Lagavulin","floor":13,"turns":3},{"damage":0,"enemies":"Exordium Thugs","floor":14,"turns":2},{"damage":43,"enemies":"The Guardian","floor":16,"turns":12}],"seed_played":"-5869529110286804290","potions_obtained":[{"floor":1.0,"key":"GamblersBrew"},{"floor":5.0,"key":"SmokeBomb"},{"floor":10.0,"key":"EssenceOfSteel"},{"floor":12.0,"key":"SkillPotion"},{"floor":14,"key":"DistilledChaos"}],"is_trial":false,"path_per_floor":["M","M","?","$","M","R","E","R","T","E","$","M","E","M","R","B"],"character_chosen":"WATCHER","items_purchased":["Meditate"],"campfire_rested":0,"item_purchase_floors":[11],"current_hp_per_floor":[59,50,50,50,45,45,45,45,45,45,45,45,45,45,45,2,2],"gold":82,"neow_bonus":"RANDOM_COLORLESS","is_daily":false,"chose_seed":false,"campfire_upgraded":3,"win_rate":0.0,"timestamp":1611101682,"path_taken":["M","M","?","$","M","R","E","R","T","E","$","M","E","M","R","BOSS"],"items_purchased_type":["Card"],"build_version":"2020-12-22","purchased_purges":1,"victory":false,"max_hp_per_floor":[68,68,68,68,68,68,68,68,68,68,68,68,68,68,68,68,68],"card_choices":[{"not_picked":["Finesse","Dark Shackles"],"picked":"Impatience","floor":0.0},{"not_picked":["DeceiveReality","EmptyBody"],"picked":"CutThroughFate","floor":1.0},{"not_picked":["SashWhip","CrushJoints","Evaluate"],"picked":"SKIP","floor":2.0},{"not_picked":["Weave","Worship","JustLucky"],"picked":"SKIP","floor":5.0},{"not_picked":["Fasting2","CrushJoints"],"picked":"Halt","floor":10.0},{"not_picked":["Crescendo","FollowUp","Indignation"],"picked":"SKIP","floor":12.0},{"not_picked":["SignatureMove","Evaluate+1"],"picked":"LessonLearned","floor":13},{"not_picked":["ClearTheMind+1","Protect+1","Pray+1"],"picked":"SKIP","floor":14}],"player_experience":801337,"relics_obtained":[{"floor":9.0,"key":"Whetstone"},{"floor":10.0,"key":"WingedGreaves"},{"floor":13,"key":"Toxic Egg 2"}],"event_choices":[{"damage_healed":0.0,"max_hp_gain":0.0,"max_hp_loss":0.0,"gold_gain":0.0,"event_name":"Liars Game","player_choice":"Ignored","floor":3.0,"gold_loss":0.0,"damage_taken":0.0}],"is_beta":false,"boss_relics":[],"items_purged_floors":[4],"is_endless":false,"potions_floor_spawned":[1,5,10,12,14],"killed_by":"The Guardian","ascension_level":20}}