{"host":"oc9z8cublggqyfxu","time":1611125773,"event":{"mods":["AchievementEnabler","Act Like it!","Aspiration","BaseMod","Colored Map","Colored Powertips","Dota2Spire","Friendly Minions","Gensokyo","GifTheSpireLib","Hallownest","Hermit","Highlight Path","KinomotoSakuraMod(木之本樱)","Koishi","Lobotomy","LobotomyExtend","Marisa（F雨　魔理沙）","Minty Spire (QoL Compilation)","Quick Restart","Rare Cards Sparkle","Relic Stats","Remilia（蕾米莉亚）","Replay The Spire","RumiaBox-露米娅的神秘盒子","Spicy Shops","StSLib","The Administrix","The Animator","The Blackbeard","The Bug Knight","The Cursed","The Hierophant","The Mystic","The Runesmith","The Servant 0.9.4","Yakumo Yukari mod","Youmu（魂魄妖梦）","Yuyuko","vexMod","【功能Mod】混沌之环修复补丁","【功能Mod】聪明的最终Boss"],"gold_per_floor":[118,118,218,218,233,233,258,258,258,292,12,39,39,39,39,141,141,161,161,161,18,33,63,63,76,76,102,102,102],"floor_reached":28,"language":"ZHS","playtime":2505,"items_purged":["Strike_P","Defend_P"],"score":433,"play_id":"c5f0cd8a-3f7b-410e-a9ab-a4d71ede777d","local_time":"20210120145613","is_ascension_mode":true,"campfire_choices":[{"data":"Eruption","floor":6.0,"key":"SMITH"},{"data":"CrushJoints","floor":8.0,"key":"SMITH"},{"floor":15.0,"key":"REST"},{"data":"Tantrum","floor":24,"key":"SMITH"}],"circlet_count":0,"master_deck":["BodiesMountain","Strike_P","Strike_P","Strike_P","Defend_P","Defend_P","Defend_P","Eruption+1","Vigilance","CrushJoints+1","EmptyFist","Tantrum+1","Replay:Battleflow","Wireheading","WhitesApple","SandsOfTime","Parasite","DeusExMachina","Pride","Parasite","EmptyMind","BlackArmy","WreathOfFlame","Parasite","Parasite"],"relics":["HolyWater","CogitoBucket","RabbitCall","LetterFromLob","Quantum Egg","HornCleat","Bottled Flame","Simple Rune","HellTrain","GreatHeart","Membership Card","TheSmile_r","Molten Egg 2","Dota2Spire:Butterfly"],"acts_visited":["Gensokyo:Gensokyo","TheCity"],"potions_floor_usage":[18,18,22,23,27,28],"damage_taken":[{"damage":0.0,"enemies":"Gensokyo:3_Fairies","floor":1.0,"turns":3.0},{"damage":6.0,"enemies":"Gensokyo:Python","floor":5.0,"turns":4.0},{"damage":41.0,"enemies":"Gensokyo:Mamizou","floor":7.0,"turns":10.0},{"damage":0.0,"enemies":"Gensokyo:Aya","floor":10.0,"turns":3.0},{"damage":2.0,"enemies":"Gensokyo:Cirno","floor":12.0,"turns":4.0},{"damage":20.0,"enemies":"Gensokyo:Yukari","floor":16.0,"turns":7.0},{"damage":9,"enemies":"2 Thieves","floor":18,"turns":3},{"damage":0,"enemies":"3 Byrds","floor":22,"turns":4},{"damage":7,"enemies":"Replay:Snechameleon","floor":23,"turns":2},{"damage":0,"enemies":"Sentry and Sphere","floor":25,"turns":3},{"damage":2,"enemies":"HollowMod:Nosk","floor":27,"turns":3},{"damage":106,"enemies":"Shelled Parasite and Fungi","floor":28,"turns":7}],"seed_played":"1850249487767323494","potions_obtained":[{"floor":5.0,"key":"Dexterity Potion"},{"floor":10.0,"key":"Block Potion"},{"floor":12.0,"key":"AttackPotion"},{"floor":16.0,"key":"Ambrosia"},{"floor":22,"key":"DistilledChaos"},{"floor":23,"key":"SpeedPotion"},{"floor":25,"key":"Swift Potion"},{"floor":27,"key":"DistilledChaos"}],"is_trial":false,"path_per_floor":["M","?","?","?","M","R","E","R","T","E","$","E","?","$","R","B",null,"M","?","?","$","M","E","R","M","T","E","M"],"character_chosen":"WATCHER","items_purchased":["Wireheading","Membership Card"],"campfire_rested":1,"item_purchase_floors":[11,21],"current_hp_per_floor":[72,79,79,79,73,73,32,32,32,32,32,30,38,38,61,41,79,70,70,55,55,57,55,55,66,66,76,0,0],"gold":102,"neow_bonus":"","is_daily":false,"chose_seed":false,"campfire_upgraded":3,"win_rate":0.0,"timestamp":1611125773,"path_taken":["M","?","?","?","?","R","E","R","T","E","$","E","?","?","R","BOSS","M","?","?","$","M","E","R","M","T","E","M"],"items_purchased_type":["Card","Relic"],"build_version":"2020-12-22","purchased_purges":2,"victory":false,"max_hp_per_floor":[72,79,79,79,79,79,79,79,79,79,79,79,79,79,79,79,79,79,79,84,84,84,84,84,84,84,84,84,84],"relic_stats":{"counters":[14,55],"obtain_stats":[{"RabbitCall":0,"Quantum Egg":7,"CogitoBucket":0,"Bottled Flame":10,"HornCleat":9,"Dota2Spire:Butterfly":27,"TheSmile_r":22,"HolyWater":17,"Simple Rune":12,"Molten Egg 2":23,"LetterFromLob":1,"GreatHeart":19,"Membership Card":21,"PureWater":0,"HellTrain":18},{"RabbitCall":0,"Quantum Egg":3,"CogitoBucket":0,"Bottled Flame":4,"HornCleat":3,"Dota2Spire:Butterfly":12,"TheSmile_r":9,"HolyWater":6,"Simple Rune":5,"Molten Egg 2":10,"LetterFromLob":1,"GreatHeart":8,"Membership Card":8,"PureWater":0,"HellTrain":8},{"RabbitCall":0,"Quantum Egg":17,"CogitoBucket":0,"Bottled Flame":20,"HornCleat":17,"Dota2Spire:Butterfly":47,"TheSmile_r":39,"HolyWater":31,"Simple Rune":24,"Molten Egg 2":41,"LetterFromLob":3,"GreatHeart":35,"Membership Card":35,"PureWater":0,"HellTrain":35}]},"card_choices":[{"not_picked":["JustLucky","FollowUp"],"picked":"CrushJoints","floor":1.0},{"not_picked":["FairyFestival","Rudolta","PunishingBird"],"picked":"Singing Bowl","floor":1.0},{"not_picked":["Weave","FlyingSleeves"],"picked":"EmptyFist","floor":5.0},{"not_picked":["PunishingBird","CherryBlossoms","Yin"],"picked":"Singing Bowl","floor":5.0},{"not_picked":["PunishingBird","GalaxyChild","MHz"],"picked":"Singing Bowl","floor":7.0},{"not_picked":["Replay:ManipulateFuture","Worship"],"picked":"Tantrum","floor":7.0},{"not_picked":["Wellcheers","Porccubus","OldLady"],"picked":"Singing Bowl","floor":10.0},{"not_picked":["FollowUp","WindmillStrike"],"picked":"Replay:Battleflow","floor":10.0},{"not_picked":["WallGazer","Funeral"],"picked":"WhitesApple","floor":12.0},{"not_picked":["Replay:BluntJabs","FollowUp"],"picked":"SandsOfTime","floor":12.0},{"not_picked":["Funeral","OSAHOGD","Wellcheers"],"picked":"Singing Bowl","floor":16.0},{"not_picked":["Replay:AllIn","SpiritShield"],"picked":"DeusExMachina","floor":16.0},{"not_picked":["Variant","SingingMachine","QueenBee"],"picked":"Singing Bowl","floor":18},{"not_picked":["NakedNest","QueenOfHatred"],"picked":"BodiesMountain","floor":18},{"not_picked":["Consecrate","Evaluate","Replay:BluntJabs+1"],"picked":"SKIP","floor":18},{"not_picked":["ForeignInfluence","Halt"],"picked":"EmptyMind","floor":22},{"not_picked":["MeatLantern","Murderer","MHz"],"picked":"Singing Bowl","floor":22},{"not_picked":["MeatLantern","Variant"],"picked":"BlackArmy","floor":23},{"not_picked":["Adaptation","Halt"],"picked":"WreathOfFlame","floor":23},{"not_picked":["MHz","LittleHelper"],"picked":"DespairKnight","floor":25},{"not_picked":["Study","EmptyFist+1","Prostrate"],"picked":"SKIP","floor":25},{"not_picked":["Murderer","BeautyBeast","Freischutz"],"picked":"Singing Bowl","floor":27},{"not_picked":["Protect","Fasting2+1","DevaForm"],"picked":"SKIP","floor":27}],"player_experience":340101,"relics_obtained":[{"floor":1.0,"key":"LetterFromLob"},{"floor":7.0,"key":"Quantum Egg"},{"floor":9.0,"key":"HornCleat"},{"floor":10.0,"key":"Bottled Flame"},{"floor":12.0,"key":"Simple Rune"},{"floor":23,"key":"Molten Egg 2"},{"floor":27,"key":"Dota2Spire:Butterfly"}],"event_choices":[{"damage_healed":0,"gold_gain":0,"player_choice":"Shed Blood","damage_taken":20,"max_hp_gain":5,"max_hp_loss":0,"event_name":"Forgotten Altar","floor":20,"gold_loss":0}],"is_beta":false,"boss_relics":[{"not_picked":["SlaversCollar","vexMod:NewClearReactor"],"picked":"HolyWater"}],"items_purged_floors":[11,11],"is_endless":false,"potions_floor_spawned":[5,10,12,16,22,23,25,27],"killed_by":"Shelled Parasite and Fungi","ascension_level":1}}