{"host":"u4i2ooh2b9rb1ay5","time":1611143724,"event":{"mods":["AchievementEnabler","BaseMod","Bestiary","Minty Spire (QoL Compilation)","StSLib"],"gold_per_floor":[12,80,92,107,126,126,156,156,156,167,200,216,242,259,259,364,364,374,384,384,399,409,435,448,478,478,521,547,590,617,629,641,756,768,795,550,564,240,240,265,265,296,296,331,331,351,361,411,411,411],"floor_reached":51,"language":"ENG","playtime":1435,"items_purged":["Strike_R+1","Strike_R+1"],"score":1234,"play_id":"045559c2-07f6-48eb-b4f4-5b916421bf2b","local_time":"20210120135524","is_ascension_mode":true,"campfire_choices":[{"data":"1","floor":6,"key":"LIFT"},{"data":"2","floor":8,"key":"LIFT"},{"data":"3","floor":15,"key":"LIFT"},{"data":"Heavy Blade","floor":32,"key":"SMITH"},{"floor":45,"key":"DIG"},{"floor":49,"key":"DIG"}],"circlet_count":0,"master_deck":["Strike_R+1","Strike_R+1","Strike_R+1","Defend_R+1","Defend_R+1","Defend_R+1","Defend_R+1","Bash","Thunderclap","Pommel Strike+1","Reckless Charge","Offering","Reaper+1","Wild Strike","Shrug It Off","Hemokinesis","Sword Boomerang","Immolate","Heavy Blade+1","Pummel","Heavy Blade+1","Feel No Pain+1","Inflame+1","Dual Wield+1","Dropkick+1"],"relics":["Burning Blood","Girya","Frozen Egg 2","Bag of Marbles","Mercury Hourglass","Self Forming Clay","Akabeko","Busted Crown","Blue Candle","Torii","Singing Bowl","MawBank","Orichalcum","Molten Egg 2","Coffee Dripper","Whetstone","ClockworkSouvenir","Vajra","Sundial","Incense Burner","Shovel","Nunchaku","Ginger","Bottled Flame"],"acts_visited":["Exordium","TheCity","TheBeyond"],"potions_floor_usage":[25,46,48],"damage_taken":[{"damage":6,"enemies":"Cultist","floor":1,"turns":4},{"damage":7,"enemies":"2 Louse","floor":3,"turns":3},{"damage":7,"enemies":"Jaw Worm","floor":4,"turns":3},{"damage":2,"enemies":"2 Fungi Beasts","floor":5,"turns":3},{"damage":21,"enemies":"3 Sentries","floor":7,"turns":6},{"damage":0,"enemies":"3 Louse","floor":10,"turns":1},{"damage":6,"enemies":"Gremlin Nob","floor":11,"turns":2},{"damage":6,"enemies":"Looter","floor":12,"turns":1},{"damage":30,"enemies":"Lagavulin","floor":13,"turns":5},{"damage":0,"enemies":"Blue Slaver","floor":14,"turns":1},{"damage":44,"enemies":"Hexaghost","floor":16,"turns":6},{"damage":6,"enemies":"2 Thieves","floor":18,"turns":1},{"damage":8,"enemies":"Chosen","floor":19,"turns":1},{"damage":18,"enemies":"Snecko","floor":21,"turns":3},{"damage":1,"enemies":"3 Cultists","floor":22,"turns":3},{"damage":6,"enemies":"Gremlin Leader","floor":23,"turns":2},{"damage":0,"enemies":"Snake Plant","floor":24,"turns":1},{"damage":6,"enemies":"Slavers","floor":25,"turns":1},{"damage":2,"enemies":"Gremlin Leader","floor":27,"turns":2},{"damage":11,"enemies":"Shelled Parasite and Fungi","floor":28,"turns":2},{"damage":0,"enemies":"Slavers","floor":29,"turns":1},{"damage":9,"enemies":"Cultist and Chosen","floor":30,"turns":3},{"damage":44,"enemies":"Collector","floor":33,"turns":4},{"damage":8,"enemies":"Orb Walker","floor":35,"turns":2},{"damage":0,"enemies":"3 Darklings","floor":37,"turns":2},{"damage":8,"enemies":"Reptomancer","floor":40,"turns":3},{"damage":9,"enemies":"Giant Head","floor":42,"turns":4},{"damage":16,"enemies":"Reptomancer","floor":44,"turns":2},{"damage":3,"enemies":"Maw","floor":46,"turns":3},{"damage":3,"enemies":"4 Shapes","floor":47,"turns":2},{"damage":6,"enemies":"Mind Bloom Boss Battle","floor":48,"turns":2},{"damage":61,"enemies":"Donu and Deca","floor":50,"turns":6}],"seed_played":"-4464522626337204767","potions_obtained":[{"floor":4,"key":"SteroidPotion"},{"floor":7,"key":"HeartOfIron"},{"floor":10,"key":"ElixirPotion"},{"floor":14,"key":"PowerPotion"},{"floor":21,"key":"CultistPotion"},{"floor":29,"key":"BloodPotion"},{"floor":46,"key":"AttackPotion"}],"is_trial":false,"path_per_floor":["M","T","M","M","M","R","E","R","T","M","E","M","E","M","R","B",null,"M","M","T","M","M","E","M","E","T","E","M","E","M","?","R","B",null,"M","$","M","$","?","E","?","E","T","E","R","M","M","?","R","B",null],"character_chosen":"IRONCLAD","items_purchased":["Whetstone","Feel No Pain+1","Inflame+1","ClockworkSouvenir"],"campfire_rested":0,"item_purchase_floors":[36,36,38,38],"current_hp_per_floor":[80,80,79,78,80,80,65,65,65,71,71,71,53,59,59,23,80,80,78,78,68,80,80,80,82,82,84,81,88,87,87,87,60,92,90,90,94,94,94,94,90,89,89,81,81,106,108,108,108,87],"gold":411,"neow_bonus":"ONE_RARE_RELIC","is_daily":false,"chose_seed":false,"campfire_upgraded":1,"win_rate":0.0,"timestamp":1611143724,"path_taken":["M","?","M","M","M","R","E","R","T","M","E","M","E","M","R","BOSS","M","M","?","?","M","E","M","E","T","E","?","E","M","?","R","BOSS","M","$","M","$","?","E","?","E","T","E","R","M","M","?","R","BOSS"],"items_purchased_type":["Relic","Card","Card","Relic"],"build_version":"2020-12-22","purchased_purges":2,"victory":true,"max_hp_per_floor":[80,80,80,80,80,80,80,80,80,80,80,80,80,80,80,80,80,80,80,80,80,80,80,80,82,82,84,86,88,90,90,90,92,92,92,92,94,94,94,94,100,102,102,104,104,106,108,108,108,108],"card_choices":[{"not_picked":["True Grit","Perfected Strike"],"picked":"Thunderclap","floor":1},{"not_picked":["Flex","Iron Wave"],"picked":"Pommel Strike","floor":3},{"not_picked":["Iron Wave","True Grit"],"picked":"Reckless Charge","floor":4},{"not_picked":["Anger","Twin Strike"],"picked":"Offering","floor":5},{"not_picked":["Warcry","Whirlwind"],"picked":"Reaper","floor":7},{"not_picked":["Rampage","Thunderclap"],"picked":"Wild Strike","floor":10},{"not_picked":["Double Tap","Thunderclap"],"picked":"Shrug It Off","floor":11},{"not_picked":["Rage","Headbutt","Shrug It Off"],"picked":"SKIP","floor":12},{"not_picked":["Iron Wave","Sentinel"],"picked":"Hemokinesis","floor":13},{"not_picked":["Carnage","Warcry"],"picked":"Sword Boomerang","floor":14},{"not_picked":["Limit Break","Berserk+1"],"picked":"Immolate","floor":16},{"not_picked":["Sever Soul"],"picked":"SKIP","floor":18},{"not_picked":["Uppercut"],"picked":"SKIP","floor":19},{"not_picked":[],"picked":"Heavy Blade","floor":21},{"not_picked":[],"picked":"Pummel","floor":22},{"not_picked":["Sword Boomerang"],"picked":"SKIP","floor":23},{"not_picked":["Burning Pact"],"picked":"SKIP","floor":24},{"not_picked":["Body Slam"],"picked":"Singing Bowl","floor":25},{"not_picked":["Shrug It Off"],"picked":"Singing Bowl","floor":27},{"not_picked":["Havoc+1"],"picked":"Singing Bowl","floor":28},{"not_picked":["Flex"],"picked":"Singing Bowl","floor":29},{"not_picked":["Rampage+1"],"picked":"Singing Bowl","floor":30},{"not_picked":["Bludgeon+1"],"picked":"Singing Bowl","floor":33},{"not_picked":[],"picked":"Heavy Blade+1","floor":35},{"not_picked":["Thunderclap+1"],"picked":"Singing Bowl","floor":37},{"not_picked":[],"picked":"Dual Wield+1","floor":40},{"not_picked":["Madness"],"picked":"Singing Bowl","floor":41},{"not_picked":["HandOfGreed+1"],"picked":"Singing Bowl","floor":41},{"not_picked":["Discovery"],"picked":"Singing Bowl","floor":41},{"not_picked":["Bloodletting+1"],"picked":"Singing Bowl","floor":42},{"not_picked":["Thunderclap+1"],"picked":"Singing Bowl","floor":44},{"not_picked":["Clothesline+1"],"picked":"Singing Bowl","floor":46},{"not_picked":["Headbutt+1"],"picked":"Singing Bowl","floor":47},{"not_picked":[],"picked":"Dropkick+1","floor":48}],"player_experience":275604,"relics_obtained":[{"floor":2,"key":"Frozen Egg 2"},{"floor":7,"key":"Bag of Marbles"},{"floor":9,"key":"Mercury Hourglass"},{"floor":11,"key":"Self Forming Clay"},{"floor":13,"key":"Akabeko"},{"floor":20,"key":"Blue Candle"},{"floor":23,"key":"Torii"},{"floor":25,"key":"Singing Bowl"},{"floor":26,"key":"MawBank"},{"floor":27,"key":"Orichalcum"},{"floor":29,"key":"Molten Egg 2"},{"floor":40,"key":"Vajra"},{"floor":42,"key":"Sundial"},{"floor":43,"key":"Incense Burner"},{"floor":44,"key":"Shovel"},{"floor":45,"key":"Nunchaku"},{"floor":48,"key":"Ginger"},{"floor":49,"key":"Bottled Flame"}],"event_choices":[{"damage_healed":0,"gold_gain":0,"player_choice":"Simplicity","damage_taken":0,"max_hp_gain":0,"max_hp_loss":0,"event_name":"Back to Basics","floor":31,"gold_loss":0,"cards_upgraded":["Strike_R","Strike_R","Strike_R","Strike_R","Strike_R","Defend_R","Defend_R","Defend_R","Defend_R"]},{"damage_healed":0,"gold_gain":0,"player_choice":"Ignored","damage_taken":0,"max_hp_gain":0,"max_hp_loss":0,"event_name":"Tomb of Lord Red Mask","floor":39,"gold_loss":0},{"damage_healed":0,"gold_gain":0,"player_choice":"Memory 3","damage_taken":10,"max_hp_gain":0,"max_hp_loss":0,"event_name":"SensoryStone","floor":41,"gold_loss":0},{"damage_healed":0,"gold_gain":0,"player_choice":"Fight","damage_taken":0,"max_hp_gain":0,"max_hp_loss":0,"event_name":"MindBloom","floor":48,"gold_loss":0}],"is_beta":false,"boss_relics":[{"not_picked":["Pandora\u0027s Box","Astrolabe"],"picked":"Busted Crown"},{"not_picked":["SlaversCollar","Black Star"],"picked":"Coffee Dripper"}],"items_purged_floors":[36,38],"is_endless":false,"potions_floor_spawned":[4,7,10,12,14,18,21,24,29,33,37,40,46,47],"ascension_level":4}}