{"host":"63rwe7p34ct1i0qu","time":1611108073,"event":{"mods":["BaseMod","Colored Map","DeckTracker","Minty Spire (QoL Compilation)","Permanent Neow","Quick Restart","StSLib"],"gold_per_floor":[116,116,116,128,141,141,176,189,215,241,241,254,254,280,280,382,382,398,398,411,252,265,265,291,291,291,310,335,346,346,346,346,346,346],"floor_reached":33,"language":"KOR","playtime":962,"items_purged":[],"score":568,"play_id":"77a18164-9671-42c1-a59b-8f8834a0efc6","local_time":"20210120110113","is_ascension_mode":true,"campfire_choices":[{"data":"Zap","floor":6.0,"key":"SMITH"},{"floor":11.0,"key":"REST"},{"data":"Barrage","floor":13.0,"key":"SMITH"},{"floor":15.0,"key":"REST"},{"floor":23.0,"key":"REST"},{"floor":30,"key":"REST"},{"floor":32,"key":"REST"}],"circlet_count":0,"master_deck":["AscendersBane","Defend_B","Defend_B","Defend_B","Defend_B","Zap+1","Dualcast","Rebound","Ball Lightning","Doom and Gloom","Fission","Genetic Algorithm","Barrage+1","Ball Lightning","FTL+1","Core Surge+1","Core Surge+1","Self Repair","Lockon+1","Self Repair","Dramatic Entrance+1","FTL+1","Lockon+1","Go for the Eyes+1","Turbo+1","Barrage+1","Leap+1"],"relics":["Black Star","Dream Catcher","PreservedInsect","Toy Ornithopter","Bag of Marbles","Bag of Preparation","Boot","Molten Egg 2","Empty Cage","Bird Faced Urn","Toxic Egg 2","Juzu Bracelet","Turnip","Vajra"],"acts_visited":["Exordium","TheCity"],"potions_floor_usage":[33],"damage_taken":[{"damage":0.0,"enemies":"2 Louse","floor":1.0,"turns":3.0},{"damage":9.0,"enemies":"Jaw Worm","floor":4.0,"turns":3.0},{"damage":1.0,"enemies":"Cultist","floor":5.0,"turns":3.0},{"damage":0.0,"enemies":"Gremlin Nob","floor":7.0,"turns":2.0},{"damage":5.0,"enemies":"Gremlin Gang","floor":8.0,"turns":3.0},{"damage":20.0,"enemies":"3 Sentries","floor":10.0,"turns":4.0},{"damage":3.0,"enemies":"Large Slime","floor":12.0,"turns":5.0},{"damage":27.0,"enemies":"Lagavulin","floor":14.0,"turns":5.0},{"damage":39.0,"enemies":"Hexaghost","floor":16.0,"turns":7.0},{"damage":25.0,"enemies":"Shell Parasite","floor":18.0,"turns":5.0},{"damage":20.0,"enemies":"2 Thieves","floor":20.0,"turns":4.0},{"damage":3.0,"enemies":"Snecko","floor":22.0,"turns":4.0},{"damage":0.0,"enemies":"Gremlin Leader","floor":24.0,"turns":3.0},{"damage":8.0,"enemies":"Cultist and Chosen","floor":27.0,"turns":2.0},{"damage":18.0,"enemies":"Book of Stabbing","floor":28.0,"turns":3.0},{"damage":20,"enemies":"Chosen and Byrds","floor":29,"turns":4},{"damage":37,"enemies":"Automaton","floor":33,"turns":6}],"seed_played":"7677743789884705160","potions_obtained":[{"floor":4.0,"key":"DistilledChaos"},{"floor":5.0,"key":"Explosive Potion"},{"floor":8.0,"key":"DistilledChaos"},{"floor":12.0,"key":"Swift Potion"},{"floor":20.0,"key":"Dexterity Potion"},{"floor":27.0,"key":"EssenceOfDarkness"}],"is_trial":false,"path_per_floor":["M","?","?","M","M","R","E","M","T","E","R","M","R","E","R","B",null,"M","?","M","$","M","R","E","?","T","M","E","M","R","?","R","B"],"character_chosen":"DEFECT","items_purchased":["Self Repair","Dramatic Entrance+1"],"campfire_rested":5,"item_purchase_floors":[21,21],"current_hp_per_floor":[68,68,61,52,51,51,51,46,46,31,53,50,50,28,50,11,59,34,34,21,21,37,59,59,59,59,51,42,31,53,53,75,43,43],"gold":346,"neow_bonus":"BOSS_RELIC","is_daily":false,"chose_seed":false,"campfire_upgraded":2,"win_rate":0.0,"timestamp":1611108073,"path_taken":["M","?","?","M","?","R","E","M","T","E","R","M","R","E","R","BOSS","M","?","?","$","M","R","E","?","T","M","E","M","R","?","R","BOSS"],"items_purchased_type":["Card","Card"],"build_version":"2020-12-22","purchased_purges":0,"victory":false,"max_hp_per_floor":[75,75,75,75,75,75,75,75,75,75,75,75,75,75,75,75,75,75,75,75,75,75,75,75,75,75,75,75,75,75,75,75,75,75],"card_choices":[{"not_picked":["Steam","Reinforced Body"],"picked":"Rebound","floor":1.0},{"not_picked":["Skim","Go for the Eyes"],"picked":"Ball Lightning","floor":4.0},{"not_picked":["Barrage","Ball Lightning"],"picked":"Doom and Gloom","floor":5.0},{"not_picked":["Loop","Compile Driver"],"picked":"Fission","floor":7.0},{"not_picked":["Melter","Rebound"],"picked":"Genetic Algorithm","floor":8.0},{"not_picked":["Blizzard","Sunder"],"picked":"Barrage","floor":10.0},{"not_picked":["Hello World","Go for the Eyes"],"picked":"Ball Lightning","floor":11.0},{"not_picked":["FTL","Turbo","Reinforced Body"],"picked":"SKIP","floor":12.0},{"not_picked":["Leap","Rip and Tear+1"],"picked":"FTL+1","floor":14.0},{"not_picked":["Cold Snap+1","Go for the Eyes+1"],"picked":"Core Surge+1","floor":15.0},{"not_picked":["Creative AI","Rainbow"],"picked":"Core Surge+1","floor":16.0},{"not_picked":["Beam Cell+1","Cold Snap+1"],"picked":"Self Repair","floor":18.0},{"not_picked":["Hologram","Streamline+1"],"picked":"Lockon+1","floor":20.0},{"not_picked":["Redo","Coolheaded"],"picked":"FTL+1","floor":22.0},{"not_picked":["Doom and Gloom+1","Turbo"],"picked":"Lockon+1","floor":23.0},{"not_picked":["Multi-Cast+1","Doom and Gloom+1"],"picked":"Go for the Eyes+1","floor":24.0},{"not_picked":["Sweeping Beam+1","Sunder+1"],"picked":"Turbo+1","floor":27.0},{"not_picked":["Sweeping Beam+1","Go for the Eyes+1","Self Repair"],"picked":"SKIP","floor":28.0},{"not_picked":["Ball Lightning+1","Rebound+1","Streamline+1"],"picked":"SKIP","floor":29},{"not_picked":["Leap+1","Heatsinks"],"picked":"Barrage+1","floor":30},{"not_picked":["Turbo+1","Compile Driver+1"],"picked":"Leap+1","floor":32}],"player_experience":844246,"relics_obtained":[{"floor":7.0,"key":"Dream Catcher"},{"floor":7.0,"key":"PreservedInsect"},{"floor":9.0,"key":"Toy Ornithopter"},{"floor":10.0,"key":"Bag of Marbles"},{"floor":10.0,"key":"Bag of Preparation"},{"floor":14.0,"key":"Boot"},{"floor":14.0,"key":"Molten Egg 2"},{"floor":24.0,"key":"Bird Faced Urn"},{"floor":24.0,"key":"Toxic Egg 2"},{"floor":26.0,"key":"Juzu Bracelet"},{"floor":28.0,"key":"Turnip"},{"floor":28.0,"key":"Vajra"}],"event_choices":[{"damage_healed":0.0,"max_hp_gain":0.0,"max_hp_loss":0.0,"gold_gain":0.0,"event_name":"Liars Game","player_choice":"Ignored","floor":2.0,"gold_loss":0.0,"damage_taken":0.0},{"cards_removed":["Strike_B"],"damage_healed":0.0,"max_hp_gain":0.0,"max_hp_loss":0.0,"gold_gain":0.0,"event_name":"Golden Wing","player_choice":"Card Removal","floor":3.0,"gold_loss":0.0,"damage_taken":7.0},{"cards_removed":["Strike_B"],"damage_healed":0.0,"max_hp_gain":0.0,"max_hp_loss":0.0,"gold_gain":0.0,"event_name":"Bonfire Elementals","player_choice":"Offered Basic","floor":19.0,"gold_loss":0.0,"damage_taken":0.0},{"damage_healed":0.0,"max_hp_gain":0.0,"max_hp_loss":0.0,"gold_gain":0.0,"event_name":"Ghosts","player_choice":"Ignored","floor":25.0,"gold_loss":0.0,"damage_taken":0.0},{"damage_healed":0,"gold_gain":0,"player_choice":"Ignored","damage_taken":0,"max_hp_gain":0,"max_hp_loss":0,"event_name":"Vampires","floor":31,"gold_loss":0}],"is_beta":false,"boss_relics":[{"not_picked":["Velvet Choker","Fusion Hammer"],"picked":"Empty Cage"}],"items_purged_floors":[],"is_endless":false,"potions_floor_spawned":[4,5,8,12,20,27],"killed_by":"Automaton","ascension_level":12}}