{"host":"qhhcmep1unj6mpf7","time":1611156643,"event":{"mods":["2.2 Compatiblity","AchievementEnabler","BaseMod","Colored Map","DeckTracker","Highlight Path","Keyboard Shortcuts","Minty Spire (QoL Compilation)","Permanent Neow","Quick Restart","Random Character Button","StSLib","SuperFastMode","everything is the same but u backflip on backflip"],"gold_per_floor":[18,18,30,44,54,54,84,104,104,29,29,29],"floor_reached":11,"language":"KOR","playtime":1211,"items_purged":["Defend_B"],"score":75,"play_id":"f1842f6b-e15a-4407-8ad3-24e53b4d5d77","local_time":"20210121003043","is_ascension_mode":false,"campfire_choices":[{"data":"Darkness","floor":6,"key":"SMITH"}],"circlet_count":0,"master_deck":["Strike_B","Defend_B","Defend_B","Defend_B","Zap","Dualcast","Compile Driver","Darkness+1","Machine Learning"],"relics":["Cracked Core","Bag of Preparation","Dead Branch"],"acts_visited":["Exordium"],"potions_floor_usage":[11],"damage_taken":[{"damage":3,"enemies":"2 Louse","floor":1,"turns":2},{"damage":1,"enemies":"Cultist","floor":3,"turns":3},{"damage":6,"enemies":"Jaw Worm","floor":4,"turns":3},{"damage":23,"enemies":"Gremlin Gang","floor":5,"turns":4},{"damage":13,"enemies":"Lagavulin","floor":7,"turns":5},{"damage":9,"enemies":"Blue Slaver","floor":8,"turns":4},{"damage":15,"enemies":"3 Sentries","floor":11,"turns":3}],"seed_played":"-4829037797775266321","potions_obtained":[{"floor":5,"key":"Fire Potion"},{"floor":7,"key":"SkillPotion"}],"is_trial":false,"path_per_floor":["M","?","M","M","M","R","E","M","T","$","E"],"character_chosen":"DEFECT","items_purchased":[],"campfire_rested":0,"item_purchase_floors":[],"current_hp_per_floor":[72,72,71,65,42,42,29,20,20,20,5,5],"gold":29,"neow_bonus":"TRANSFORM_TWO_CARDS","is_daily":false,"chose_seed":false,"campfire_upgraded":1,"win_rate":0.0,"timestamp":1611156643,"path_taken":["M","?","M","?","M","R","E","M","T","$","E"],"items_purchased_type":[],"build_version":"2020-12-22","purchased_purges":1,"victory":false,"max_hp_per_floor":[75,75,75,75,75,75,75,75,75,75,75,75],"card_choices":[{"not_picked":["Streamline","Cold Snap","Steam Power"],"picked":"SKIP","floor":1},{"not_picked":["Cold Snap","Chill","FTL"],"picked":"SKIP","floor":3},{"not_picked":["Leap","Turbo","Rebound"],"picked":"SKIP","floor":4},{"not_picked":["Aggregate","Heatsinks"],"picked":"Machine Learning","floor":5},{"not_picked":["Force Field","Scrape","Streamline"],"picked":"SKIP","floor":7},{"not_picked":["Steam","Blizzard","Gash"],"picked":"SKIP","floor":8}],"player_experience":316783,"relics_obtained":[{"floor":7,"key":"Bag of Preparation"},{"floor":9,"key":"Dead Branch"}],"event_choices":[{"cards_removed":["Strike_B"],"damage_healed":0,"gold_gain":0,"player_choice":"Card Removal","damage_taken":0,"max_hp_gain":0,"max_hp_loss":0,"event_name":"Wheel of Change","floor":2,"gold_loss":0}],"is_beta":false,"boss_relics":[],"items_purged_floors":[10],"is_endless":false,"potions_floor_spawned":[5,7],"killed_by":"3 Sentries","ascension_level":0}}