{"host":"px2oznrenyeljk7o","time":1611171366,"event":{"mods":["100% Spire Juice","A Magickal Journey","AchievementEnabler","Arknights The Spire","BaseMod","Better Altar","Better Match","Better Note","Better Sensory Stone","Better Third Choice","ChefMod","Colored Map","Conspire","Curses Come First","Evolution","GifTheSpireLib","GungeonMod","Hermit","KinomotoSakuraMod(????)","Koishi","Lobotomy","LobotomyExtend","Marisa????????","Minty Spire (QoL Compilation)","Nova Terra(??·??)","Poor People Problems","Potionbrewer","Random Character Button","Rare Cards Sparkle","Reimu??????","Replay The Spire","Robot Space Explorer","Small Relic Pack","Somnambulant","Spicy Shops","StSLib","Stuff the Spire","The Administrix","The Alterego","The Animator","The Blackbeard","The Blue Laboratory","The Bug Knight","The Construct","The Cursed","The Disciple","The Gatherer","The Hayseed","The Hierophant","The Jungle","The Marked","The Runesmith","TheWitcher","Yakumo Yukari mod","Yuri Mod","everything is the same but u backflip on backflip","slay the spire mod where everything is the same but ironclad has a cowboy hat","??????REMEMod"],"gold_per_floor":[111,127,143,160,175,175,26,26,26,43,43,53,53,68,68,171,171,190,200,219,238,238,238,263,263,343,353,365,384,384,415,415,518,518,530,546,546,456,469,469,482,482,552,12,25,41,94,52,52,52,52],"floor_reached":50,"language":"ENG","playtime":5668,"items_purged":[],"score":732,"play_id":"fd744df6-2c4a-43c0-adbc-a76b07fc10db","local_time":"20210120203606","is_ascension_mode":false,"campfire_choices":[{"data":"Twilight","floor":6.0,"key":"SMITH"},{"data":"Loop","floor":8.0,"key":"SMITH"},{"data":"Conserve Battery","floor":13.0,"key":"SMITH"},{"floor":15.0,"key":"REST"},{"data":"Auto Shields","floor":23,"key":"SMITH"},{"floor":25,"key":"REST"},{"data":"Stack","floor":30,"key":"SMITH"},{"data":"Gash","floor":32,"key":"SMITH"},{"data":"ReplayTheSpireMod:Dual Polarity","floor":40,"key":"SMITH"},{"floor":42,"key":"REST"},{"floor":49,"key":"REST"}],"circlet_count":0,"master_deck":["Cold Snap","Strike_B","Defend_B","Defend_B","Defend_B","Defend_B+1","Zap","Dualcast","Twilight+1","Gash+1","Ball Lightning","Stack+1","Loop+1","Conserve Battery+1","Hologram","Compile Driver","Aggregate","Core Surge","Compile Driver+1","Auto Shields+1","White Noise+1","Gash+1","Leap","Cold Snap+1","Redo+1","Melter+1","Coolheaded+1","Core Surge","ReplayTheSpireMod:Dual Polarity+1","Go for the Eyes+1","Sweeping Beam","Go for the Eyes","StuffTheSpire:Coldhearted","StuffTheSpire:Synthwave","FTL","Rebound","REME_ForAll","Streamline","Turbo+1","Ball Lightning"],"relics":["Cracked Core","EVO:Axolotl","REME_ComplimentaryCards","LetterFromLob","Nunchaku","Pear","potionbrewer:BhaskarasWheel","Regal Pillow","Eternal Feather","Pet Ghost","RedMistMask","Bottled Lightning","Incense Burner","Blue Doll"],"acts_visited":["Exordium","TheCity","TheBeyond"],"potions_floor_usage":[21,29,29,29,31,33,35,39,41,41],"damage_taken":[{"damage":1.0,"enemies":"Jaw Worm","floor":1.0,"turns":4.0},{"damage":0.0,"enemies":"Small Slimes","floor":2.0,"turns":2.0},{"damage":0.0,"enemies":"Cultist","floor":3.0,"turns":3.0},{"damage":1.0,"enemies":"Exordium Wildlife","floor":4.0,"turns":3.0},{"damage":0.0,"enemies":"3 Louse","floor":5.0,"turns":4.0},{"damage":0.0,"enemies":"Red Slaver","floor":10.0,"turns":4.0},{"damage":4.0,"enemies":"Exordium Wildlife","floor":12.0,"turns":4.0},{"damage":7.0,"enemies":"3 Louse","floor":14.0,"turns":3.0},{"damage":0.0,"enemies":"Slime Boss","floor":16.0,"turns":7.0},{"damage":2.0,"enemies":"3 Byrds","floor":18.0,"turns":4.0},{"damage":0,"enemies":"Spheric Guardian","floor":19,"turns":3},{"damage":0,"enemies":"Snecko","floor":20,"turns":4},{"damage":0,"enemies":"conspire:HollyBat","floor":21,"turns":9},{"damage":2,"enemies":"conspire:Head Lice","floor":24,"turns":8},{"damage":0,"enemies":"Sentry and Sphere","floor":27,"turns":4},{"damage":9,"enemies":"Centurion and Healer","floor":28,"turns":6},{"damage":0,"enemies":"Shelled Parasite and Fungi","floor":29,"turns":7},{"damage":0,"enemies":"HollowMod:Nosk","floor":31,"turns":8},{"damage":51,"enemies":"Pondfish","floor":33,"turns":11},{"damage":12,"enemies":"3 Shapes","floor":35,"turns":5},{"damage":7,"enemies":"3 Darklings","floor":36,"turns":2},{"damage":10,"enemies":"Sphere and 2 Shapes","floor":39,"turns":3},{"damage":29,"enemies":"4 Shapes","floor":41,"turns":5},{"damage":31,"enemies":"Writhing Mass","floor":45,"turns":8},{"damage":26,"enemies":"3 Darklings","floor":46,"turns":6},{"damage":86,"enemies":"Donu and Deca","floor":50,"turns":8}],"seed_played":"-3306797138197992295","potions_obtained":[{"floor":0.0,"key":"Fire Potion"},{"floor":0.0,"key":"blueLaboratory:EmptyBottle"},{"floor":0.0,"key":"potionbrewer:FreezingPotion"},{"floor":2.0,"key":"DemoMod:LeadSkinPotion"},{"floor":3.0,"key":"blueLaboratory:HorrorPotion"},{"floor":10.0,"key":"blueLaboratory:NullPotion"},{"floor":16.0,"key":"potionbrewer:ToxicPotion"},{"floor":20,"key":"blueLaboratory:BottleOfRum"},{"floor":28,"key":"EntropicBrew"},{"floor":33,"key":"Fire Potion"},{"floor":35,"key":"blueLaboratory:BottleOfRum"},{"floor":36,"key":"Fire Potion"},{"floor":39,"key":"blueLaboratory:CreativityPotion"}],"is_trial":false,"path_per_floor":["M","M","M","M","M","R","$","R","T","M","?","M","R","M","R","B",null,"M","M","M","M","?","R","E","R","T","M","M","M","R","E","R","B",null,"M","M","?","?","M","R","M","R","T","$","M","M","T","$","R","B"],"character_chosen":"DEFECT","items_purchased":["Nunchaku","StuffTheSpire:Coldhearted","Incense Burner","StuffTheSpire:Synthwave","FTL","Rebound","Turbo+1","Ball Lightning"],"campfire_rested":4,"item_purchase_floors":[7,44,44,44,44,44,48,48],"current_hp_per_floor":[74,74,74,73,73,73,73,73,83,83,85,81,81,74,85,85,85,83,83,83,83,83,83,81,85,85,85,76,76,85,85,85,34,85,73,66,66,66,56,74,45,85,85,85,54,28,28,28,85,0,0],"gold":52,"neow_bonus":"THREE_SMALL_POTIONS","is_daily":false,"chose_seed":false,"campfire_upgraded":7,"win_rate":0.0,"timestamp":1611171366,"path_taken":["M","M","M","M","M","R","$","R","T","M","?","M","R","M","R","BOSS","M","M","M","M","?","R","E","R","T","?","M","M","R","E","R","BOSS","M","M","?","?","M","R","?","R","T","$","M","M","?","$","R","BOSS"],"items_purchased_type":["Relic","Card","Relic","Card","Card","Card","Card","Card"],"build_version":"2020-12-22","purchased_purges":0,"victory":false,"max_hp_per_floor":[75,75,75,75,75,75,75,75,85,85,85,85,85,85,85,85,85,85,85,85,85,85,85,85,85,85,85,85,85,85,85,85,85,85,85,85,85,85,85,85,85,85,85,85,85,85,85,85,85,85,85],"card_choices":[{"not_picked":["StuffTheSpire:Synthwave","BasicCrystalCard"],"picked":"Gash","floor":1.0},{"not_picked":["Lockon","Fusion"],"picked":"Ball Lightning","floor":2.0},{"not_picked":["Darkness","ReplayTheSpireMod:GoodbyeWorld"],"picked":"Stack","floor":3.0},{"not_picked":["Blizzard","Ball Lightning"],"picked":"Loop","floor":4.0},{"not_picked":["Coolheaded","Force Field"],"picked":"Conserve Battery","floor":5.0},{"not_picked":["Panic Button","Steam"],"picked":"Hologram","floor":10.0},{"not_picked":["Hologram","Thunder Strike"],"picked":"Compile Driver","floor":12.0},{"not_picked":["StuffTheSpire:LoadUp","Turbo"],"picked":"Aggregate","floor":14.0},{"not_picked":["Biased Cognition","Meteor Strike"],"picked":"Core Surge","floor":16.0},{"not_picked":["Beam Cell+1","BasicCrystalCard"],"picked":"Compile Driver+1","floor":18},{"not_picked":["StuffTheSpire:Plugnplay+1","Go for the Eyes"],"picked":"Auto Shields","floor":19},{"not_picked":["Panic Button","StuffTheSpire:Plugnplay+1"],"picked":"White Noise+1","floor":20},{"not_picked":["Go for the Eyes","Compile Driver"],"picked":"Gash+1","floor":21},{"not_picked":["StuffTheSpire:Coldhearted","Skim"],"picked":"Leap","floor":24},{"not_picked":["Double Energy","Turbo"],"picked":"Cold Snap+1","floor":27},{"not_picked":["Compile Driver","Panic Button"],"picked":"Redo+1","floor":28},{"not_picked":["Go for the Eyes","Blizzard+1"],"picked":"Melter+1","floor":29},{"not_picked":["Turbo","Redo"],"picked":"Coolheaded+1","floor":31},{"not_picked":["Electrodynamics","Echo Form"],"picked":"Core Surge","floor":33},{"not_picked":["StuffTheSpire:CleanHardDrive","Lockon+1"],"picked":"ReplayTheSpireMod:Dual Polarity","floor":35},{"not_picked":["Crystallizer","Hologram"],"picked":"Go for the Eyes+1","floor":36},{"not_picked":["Turbo+1","Steam+1"],"picked":"Sweeping Beam","floor":39},{"not_picked":["Conserve Battery","Crystallizer+1"],"picked":"Go for the Eyes","floor":41},{"not_picked":["Rebound","Barrage+1"],"picked":"REME_ForAll","floor":45},{"not_picked":["Steam+1","Gash"],"picked":"Streamline","floor":46}],"player_experience":491115,"relics_obtained":[{"floor":1.0,"key":"LetterFromLob"},{"floor":9.0,"key":"Pear"},{"floor":24,"key":"Regal Pillow"},{"floor":26,"key":"Eternal Feather"},{"floor":31,"key":"Pet Ghost"},{"floor":31,"key":"RedMistMask"},{"floor":43,"key":"Bottled Lightning"},{"floor":47,"key":"Blue Doll"}],"event_choices":[{"cards_removed":["Strike_B"],"damage_healed":0,"gold_gain":0,"player_choice":"Offered Basic","damage_taken":0,"max_hp_gain":0,"max_hp_loss":0,"event_name":"Bonfire Elementals","floor":22,"gold_loss":0},{"cards_removed":["Strike_B"],"damage_healed":0,"gold_gain":0,"player_choice":"Upgrade and Remove","damage_taken":0,"max_hp_gain":0,"max_hp_loss":0,"event_name":"Designer","floor":38,"gold_loss":90,"cards_upgraded":["Defend_B"]}],"is_beta":false,"boss_relics":[{"not_picked":["relicPack:KazumaCape","Replay:Fungal Core"],"picked":"potionbrewer:BhaskarasWheel"},{"not_picked":["Empty Cage","Replay:Grab Bag","Calling Bell"]}],"items_purged_floors":[],"is_endless":false,"potions_floor_spawned":[2,3,10,12,16,19,20,28,33,35,36,39],"killed_by":"Donu and Deca","ascension_level":0}}