{"host":"1wcl05nc8w84pbwq","time":1611166589,"event":{"mods":["AchievementEnabler","BaseMod","Minty Spire (QoL Compilation)","Rare Cards Sparkle","StSLib","Unceasing Turn Reminder","everything is the same but u backflip on backflip"],"gold_per_floor":[114,129,129,43,59,84,84,112,112,112,122,153,153,165,165,240,240,253,178,198,198,209,209,229,261,261,290,290,304,319,346,346,422,422,435,453,470,274,288,288,298,298,298,330,330,342,356,376,376,376],"floor_reached":51,"language":"ENG","playtime":2642,"items_purged":["Strike_G"],"score":1293,"play_id":"39200dd6-0d47-43c2-ac08-4fda1a1a77cb","local_time":"20210120121629","is_ascension_mode":true,"campfire_choices":[{"data":"Sucker Punch","floor":7,"key":"SMITH"},{"floor":10,"key":"REST"},{"data":"Footwork","floor":15,"key":"SMITH"},{"floor":23,"key":"REST"},{"floor":28,"key":"REST"},{"data":"A Thousand Cuts","floor":32,"key":"SMITH"},{"floor":40,"key":"REST"},{"data":"Accuracy","floor":42,"key":"SMITH"},{"data":"Footwork","floor":45,"key":"SMITH"},{"floor":49,"key":"REST"}],"circlet_count":0,"master_deck":["AscendersBane","Strike_G","Strike_G","Strike_G","Defend_G","Defend_G","Defend_G","Defend_G","Defend_G","Survivor","Neutralize+1","Writhe","Blade Dance","Dramatic Entrance","Sucker Punch+1","Poisoned Stab","All Out Attack","Accuracy+1","Neutralize","Footwork+1","A Thousand Cuts+1","Noxious Fumes","Blade Dance","Noxious Fumes","Glass Knife","Footwork+1","Backstab","Blade Dance","Leg Sweep","Terror","Terror+1","Injury"],"relics":["Ring of the Serpent","Du-Vu Doll","Question Card","Sundial","InkBottle","Shuriken","HornCleat","Meat on the Bone","Singing Bowl","Dream Catcher","Akabeko","Cursed Key","Anchor","CeramicFish"],"acts_visited":["Exordium","TheCity","TheBeyond"],"potions_floor_usage":[6,8,12,22,25,33,50],"damage_taken":[{"damage":0,"enemies":"Small Slimes","floor":1,"turns":3},{"damage":1,"enemies":"Cultist","floor":2,"turns":3},{"damage":0,"enemies":"2 Louse","floor":5,"turns":2},{"damage":12,"enemies":"Gremlin Nob","floor":6,"turns":3},{"damage":10,"enemies":"3 Sentries","floor":8,"turns":5},{"damage":0,"enemies":"Exordium Wildlife","floor":11,"turns":3},{"damage":8,"enemies":"Gremlin Nob","floor":12,"turns":3},{"damage":0,"enemies":"Gremlin Gang","floor":14,"turns":1},{"damage":24,"enemies":"The Guardian","floor":16,"turns":12},{"damage":2,"enemies":"Chosen","floor":18,"turns":4},{"damage":11,"enemies":"3 Byrds","floor":20,"turns":5},{"damage":11,"enemies":"Centurion and Healer","floor":22,"turns":5},{"damage":2,"enemies":"Cultist and Chosen","floor":24,"turns":7},{"damage":16,"enemies":"Book of Stabbing","floor":25,"turns":5},{"damage":29,"enemies":"Slavers","floor":27,"turns":4},{"damage":10,"enemies":"3 Cultists","floor":29,"turns":5},{"damage":0,"enemies":"Sentry and Sphere","floor":30,"turns":3},{"damage":21,"enemies":"Gremlin Leader","floor":31,"turns":6},{"damage":41,"enemies":"Automaton","floor":33,"turns":8},{"damage":0,"enemies":"Orb Walker","floor":35,"turns":3},{"damage":4,"enemies":"3 Shapes","floor":36,"turns":2},{"damage":32,"enemies":"Transient","floor":37,"turns":5},{"damage":12,"enemies":"Maw","floor":39,"turns":7},{"damage":4,"enemies":"4 Shapes","floor":41,"turns":4},{"damage":0,"enemies":"Giant Head","floor":44,"turns":5},{"damage":0,"enemies":"Sphere and 2 Shapes","floor":46,"turns":4},{"damage":0,"enemies":"Transient","floor":47,"turns":5},{"damage":9,"enemies":"Spire Growth","floor":48,"turns":3},{"damage":119,"enemies":"Time Eater","floor":50,"turns":10}],"seed_played":"-5268007543405663484","potions_obtained":[{"floor":5,"key":"CunningPotion"},{"floor":6,"key":"Fire Potion"},{"floor":8,"key":"DuplicationPotion"},{"floor":11,"key":"FairyPotion"},{"floor":20,"key":"Poison Potion"},{"floor":24,"key":"DuplicationPotion"},{"floor":27,"key":"Weak Potion"},{"floor":39,"key":"Weak Potion"},{"floor":48,"key":"LiquidBronze"}],"is_trial":false,"path_per_floor":["M","M","?","$","M","E","R","E","T","R","M","E","?","M","R","B",null,"M","?","M","T","M","R","M","E","T","E","R","M","M","E","R","B",null,"M","M","M","$","M","R","M","R","T","E","R","M","M","M","R","B",null],"character_chosen":"THE_SILENT","items_purchased":["Dramatic Entrance","Blade Dance","Leg Sweep"],"campfire_rested":5,"item_purchase_floors":[4,38,38],"current_hp_per_floor":[63,62,62,62,62,50,50,40,40,61,61,53,53,53,53,29,60,58,58,47,47,36,57,55,39,39,24,47,51,53,46,46,17,64,64,62,42,42,42,66,64,64,64,66,66,68,70,63,92,26],"gold":376,"neow_bonus":"ONE_RARE_RELIC","is_daily":false,"chose_seed":false,"campfire_upgraded":5,"win_rate":0.0,"timestamp":1611166589,"path_taken":["M","M","?","?","M","E","R","E","T","R","M","E","?","?","R","BOSS","M","?","M","?","M","R","M","E","T","E","R","M","M","E","R","BOSS","M","M","M","$","M","R","M","R","T","E","R","M","M","M","R","BOSS"],"items_purchased_type":["Card","Card","Card"],"build_version":"2020-12-22","purchased_purges":1,"victory":true,"max_hp_per_floor":[70,70,70,70,70,70,70,70,70,70,70,70,70,70,70,70,70,70,70,70,70,70,70,70,70,70,72,74,76,78,80,80,80,80,80,82,82,82,82,82,84,84,84,86,86,88,90,92,94,94],"card_choices":[{"not_picked":["Slice","Tactician"],"picked":"Blade Dance","floor":1},{"not_picked":["Eviscerate","Flying Knee","Blur"],"picked":"SKIP","floor":2},{"not_picked":["Poisoned Stab","Eviscerate"],"picked":"Sucker Punch","floor":5},{"not_picked":["Cloak And Dagger","Escape Plan"],"picked":"Poisoned Stab","floor":6},{"not_picked":["Calculated Gamble","Expertise","Outmaneuver"],"picked":"All Out Attack","floor":8},{"not_picked":["Dash","Cloak And Dagger","Backflip"],"picked":"Accuracy","floor":11},{"not_picked":["Outmaneuver","Dodge and Roll","Underhanded Strike","Sucker Punch"],"picked":"SKIP","floor":12},{"not_picked":["Cloak And Dagger","Bane","Finisher"],"picked":"Footwork","floor":14},{"not_picked":["Malaise","Corpse Explosion","Burst"],"picked":"A Thousand Cuts","floor":16},{"not_picked":["Sucker Punch","Heel Hook","Underhanded Strike"],"picked":"Noxious Fumes","floor":18},{"not_picked":["Bane","Dagger Throw","Night Terror"],"picked":"Blade Dance","floor":20},{"not_picked":["Setup","Outmaneuver","Flying Knee","Acrobatics+1"],"picked":"SKIP","floor":22},{"not_picked":["Prepared","Flying Knee+1","Riddle With Holes","Outmaneuver+1"],"picked":"SKIP","floor":24},{"not_picked":["Heel Hook","Dagger Throw","Dagger Spray"],"picked":"Noxious Fumes","floor":25},{"not_picked":["Backflip","Dagger Throw","Setup","Reflex"],"picked":"Singing Bowl","floor":27},{"not_picked":["Endless Agony","Bane+1","Catalyst+1","Corpse Explosion"],"picked":"Singing Bowl","floor":28},{"not_picked":["Well Laid Plans","PiercingWail","Flying Knee","Tactician"],"picked":"Singing Bowl","floor":29},{"not_picked":["Bane","Outmaneuver","Dodge and Roll+1","Flying Knee"],"picked":"Singing Bowl","floor":30},{"not_picked":["Deflect","Underhanded Strike","Skewer","Masterful Stab"],"picked":"Singing Bowl","floor":31},{"not_picked":["Grand Finale","Phantasmal Killer","Malaise"],"picked":"Glass Knife","floor":33},{"not_picked":["Bouncing Flask","Backflip","Dagger Spray+1"],"picked":"Footwork","floor":35},{"not_picked":["Dagger Throw","Outmaneuver+1","Underhanded Strike","Quick Slash"],"picked":"Singing Bowl","floor":36},{"not_picked":["Crippling Poison","All Out Attack+1","Bane"],"picked":"Backstab","floor":37},{"not_picked":["PiercingWail","Bane+1","Dagger Spray"],"picked":"Terror","floor":39},{"not_picked":["Dagger Spray+1","Skewer","Bane+1"],"picked":"Terror+1","floor":40},{"not_picked":["Noxious Fumes+1","Blade Dance","Skewer+1","Expertise"],"picked":"Singing Bowl","floor":41},{"not_picked":["Bane","Deflect+1","Quick Slash","All Out Attack+1"],"picked":"Singing Bowl","floor":44},{"not_picked":["Accuracy","Blade Dance","Malaise","Outmaneuver"],"picked":"Singing Bowl","floor":46},{"not_picked":["All Out Attack","Poisoned Stab","Outmaneuver","Quick Slash+1"],"picked":"Singing Bowl","floor":47},{"not_picked":["Acrobatics","Distraction","Flying Knee+1","Dodge and Roll"],"picked":"Singing Bowl","floor":48},{"not_picked":["Sucker Punch","Backflip","Slice","Poisoned Stab"],"picked":"Singing Bowl","floor":49}],"player_experience":392303,"relics_obtained":[{"floor":6,"key":"Question Card"},{"floor":8,"key":"Sundial"},{"floor":9,"key":"InkBottle"},{"floor":12,"key":"Shuriken"},{"floor":21,"key":"HornCleat"},{"floor":25,"key":"Meat on the Bone"},{"floor":26,"key":"Singing Bowl"},{"floor":27,"key":"Dream Catcher"},{"floor":31,"key":"Akabeko"},{"floor":43,"key":"Anchor"},{"floor":44,"key":"CeramicFish"}],"event_choices":[{"damage_healed":0,"gold_gain":0,"player_choice":"Upgraded","damage_taken":0,"max_hp_gain":0,"max_hp_loss":0,"event_name":"Upgrade Shrine","floor":3,"gold_loss":0,"cards_upgraded":["Neutralize"]},{"damage_healed":0,"gold_gain":0,"player_choice":"1 cards matched","damage_taken":0,"max_hp_gain":0,"max_hp_loss":0,"event_name":"Match and Keep!","floor":13,"gold_loss":0,"cards_obtained":["Neutralize"]},{"cards_removed":["Strike_G"],"damage_healed":0,"gold_gain":0,"player_choice":"Gave Gold","damage_taken":0,"max_hp_gain":0,"max_hp_loss":0,"event_name":"Beggar","floor":19,"gold_loss":75}],"is_beta":false,"boss_relics":[{"not_picked":["Fusion Hammer","Ectoplasm"],"picked":"Ring of the Serpent"},{"not_picked":["SlaversCollar","Black Star"],"picked":"Cursed Key"}],"items_purged_floors":[38],"is_endless":false,"potions_floor_spawned":[5,6,8,11,20,24,27,30,39,41,48],"ascension_level":13}}