{"host":"l5xpox9cbdko122s","time":1611160492,"event":{"mods":["AchievementEnabler","BaseMod","Better Skull","Colored Map","Colored Powertips","Displayed Cursed Tome","Hermit","Highlight Path","Minty Spire (QoL Compilation)","Quick Restart","Shop Mod","StSLib"],"gold_per_floor":[112,124,143,143,155,181,181,181,181],"floor_reached":8,"language":"ENG","playtime":623,"items_purged":[],"score":83,"play_id":"4d82dce4-0146-470c-86e4-62bfad46d063","local_time":"20210120113452","is_ascension_mode":false,"campfire_choices":[{"floor":7,"key":"RECALL"}],"circlet_count":0,"master_deck":["hermit:Strike_Hermit","hermit:Strike_Hermit","hermit:Strike_Hermit+1","hermit:Strike_Hermit+1","hermit:Defend_Hermit","hermit:Defend_Hermit","hermit:Defend_Hermit","hermit:Defend_Hermit","hermit:Snapshot","hermit:Covet","hermit:Determination","hermit:HighNoon"],"relics":["hermit:Momento","Potion Belt","Whetstone"],"acts_visited":["Exordium"],"potions_floor_usage":[6,8],"damage_taken":[{"damage":1,"enemies":"Cultist","floor":1,"turns":4},{"damage":0,"enemies":"Small Slimes","floor":2,"turns":3},{"damage":7,"enemies":"Jaw Worm","floor":3,"turns":4},{"damage":4,"enemies":"Blue Slaver","floor":5,"turns":5},{"damage":0,"enemies":"3 Sentries","floor":6,"turns":6},{"damage":73,"enemies":"Gremlin Nob","floor":8,"turns":5}],"seed_played":"8265722508932252783","potions_obtained":[{"floor":3,"key":"SneckoOil"},{"floor":6,"key":"PowerPotion"}],"is_trial":false,"path_per_floor":["M","M","M","$","M","E","R","E"],"character_chosen":"HERMIT","items_purchased":[],"campfire_rested":0,"item_purchase_floors":[],"current_hp_per_floor":[74,74,67,67,63,63,63,0,0],"gold":181,"neow_bonus":"RANDOM_COMMON_RELIC","is_daily":false,"chose_seed":false,"campfire_upgraded":0,"win_rate":0.0,"timestamp":1611160492,"path_taken":["M","M","?","$","M","E","R","E"],"items_purchased_type":[],"build_version":"2020-12-22","purchased_purges":0,"victory":false,"max_hp_per_floor":[75,75,75,75,75,75,75,75,75],"card_choices":[{"not_picked":["hermit:HighCaliber","hermit:Roulette","hermit:EyeOfTheStorm"],"picked":"SKIP","floor":1},{"not_picked":["hermit:LowProfile","hermit:FlashPowder"],"picked":"hermit:Determination","floor":2},{"not_picked":["hermit:Dive","hermit:Scavenge","hermit:Feint"],"picked":"SKIP","floor":3},{"not_picked":["hermit:Virtue","hermit:HoleUp"],"picked":"hermit:HighNoon","floor":5},{"not_picked":["hermit:Coalescence","hermit:Combo","hermit:Quickdraw"],"picked":"SKIP","floor":6}],"player_experience":155522,"relics_obtained":[{"floor":6,"key":"Whetstone"}],"event_choices":[],"is_beta":false,"boss_relics":[],"items_purged_floors":[],"is_endless":false,"potions_floor_spawned":[3,6],"killed_by":"Gremlin Nob","ascension_level":0}}