{"host":"eqvoimh73njwfgdh","time":1611158888,"event":{"mods":["AchievementEnabler","BaseMod","Better Altar","Better Match","Better Note","Better Sensory Stone","Better Skull","Better Third Choice","BetterRewards","Colored Powertips","Conspire","Energized Spire","Halation","Hubris","Infinite Spire","Minty Spire (QoL Compilation)","Permanent Neow","Rare Cards Sparkle","Relic Stats","Replay The Spire","Spicy Shops","StSLib","The Animator","The Blue Laboratory","vexMod"],"gold_per_floor":[131,150,150,60,60,60,79,121,121,133,133,166,166,121,121,218,218,237,256,256,269,269,269,303,303,303,349,366,78,78,97,97,213,213,227,245,245,257,276,291,216,216,216,216,240,255,255,255],"floor_reached":47,"language":"ENG","playtime":3132,"items_purged":[],"score":671,"play_id":"2110c7da-c3b9-414e-86e7-fc5686fcf3d5","local_time":"20210120170808","is_ascension_mode":true,"campfire_choices":[{"floor":6,"key":"RECALL"},{"floor":11,"key":"REST"},{"floor":13,"key":"REST"},{"floor":15,"key":"REST"},{"floor":23,"key":"REST"},{"floor":25,"key":"REST"},{"floor":30,"key":"REST"},{"floor":44,"key":"REST"}],"circlet_count":0,"master_deck":["animator:Strike_GoblinSlayer","animator:Defend_GoblinSlayer","animator:LizardPriest","animator:DwarfShaman","animator:YunYun","animator:ElricEdward","animator:Vesta","animator:Strike_OnePunchMan","animator:Strike_Overlord","animator:Strike_HitsugiNoChaika","animator:Defend_HitsugiNoChaika","animator:Defend_Overlord","animator:Defend_FullmetalAlchemist","animator:DwarfShaman","animator:Priestess","animator:DolaSchwi","animator:Saber","animator:Guren","animator:Vesta","animator:Hero","animator:Tatsumaki","animator:Gillette","animator:Konayuki","animator:DwarfShaman","animator:GoblinSlayer","animator:UneriGinkaku","animator:Shiro+1","animator:ElricAlphonse","animator:Spearman","animator:Shinoa+1","animator:Gluttony","animator:Biyorigo","animator:Jibril+1","animator:Tatsumaki","hubris:InfiniteBlow","animator:Tatsumaki","animator:IzunaHatsuse+1","Parasite","animator:Gillette","animator:Witch","animator:HiiragiShinya"],"relics":["animator:LivingPicture","animator:TheMissingPiece","animator:PurgingStone","FaceOfCleric","Orichalcum","infinitespire:Bottled Soul","animator:Buoy","betterThird:SlimedRelic","halation:Risk","animator:CursedGlyph","Fusion Hammer","Bronze Scales","Strawberry","Pondfish Scales","Orrery","halation:KoshaPiece","infinitespire:BottledMercury","Anchor","hubris:SlimyHat","hubris:PeanutButter"],"acts_visited":["Exordium","TheCity","TheBeyond"],"potions_floor_usage":[5,33,33,33,40,47],"damage_taken":[{"damage":0,"enemies":"2 Louse","floor":1,"turns":1},{"damage":0,"enemies":"Jaw Worm","floor":2,"turns":3},{"damage":0,"enemies":"infinitespire:Voidling","floor":7,"turns":5},{"damage":28,"enemies":"Gremlin Nob","floor":8,"turns":4},{"damage":18,"enemies":"Large Slime","floor":10,"turns":4},{"damage":12,"enemies":"Lagavulin","floor":12,"turns":5},{"damage":26,"enemies":"Slime Boss","floor":16,"turns":7},{"damage":6,"enemies":"Chosen","floor":18,"turns":2},{"damage":0,"enemies":"3 Byrds","floor":19,"turns":4},{"damage":0,"enemies":"conspire:HollyBat","floor":21,"turns":8},{"damage":19,"enemies":"Nightmare","floor":24,"turns":5},{"damage":35,"enemies":"conspire:SneckoGhost","floor":27,"turns":7},{"damage":3,"enemies":"3 Cultists","floor":28,"turns":5},{"damage":10,"enemies":"Sentry and Sphere","floor":31,"turns":4},{"damage":53,"enemies":"Automaton","floor":33,"turns":7},{"damage":0,"enemies":"Orb Walker","floor":35,"turns":4},{"damage":39,"enemies":"3 Darklings","floor":36,"turns":4},{"damage":5,"enemies":"4 Shapes","floor":38,"turns":6},{"damage":0,"enemies":"Sphere and 2 Shapes","floor":39,"turns":4},{"damage":0,"enemies":"Writhing Mass","floor":40,"turns":5},{"damage":45,"enemies":"Transient","floor":45,"turns":5},{"damage":13,"enemies":"Spire Growth","floor":46,"turns":6},{"damage":17,"enemies":"Nightmare","floor":47,"turns":3}],"seed_played":"-3610519997180831618","potions_obtained":[{"floor":1,"key":"Elixir"},{"floor":2,"key":"Fruit Juice"},{"floor":10,"key":"EssenceOfSteel"},{"floor":21,"key":"Doom Potion"},{"floor":24,"key":"blueLaboratory:StoneskinPotion"},{"floor":28,"key":"blueLaboratory:NullPotion"},{"floor":31,"key":"ColorlessPotion"},{"floor":35,"key":"blueLaboratory:ImpenetrablePotion"},{"floor":36,"key":"blueLaboratory:BottleOfRum"},{"floor":39,"key":"Dexterity Potion"},{"floor":45,"key":"blueLaboratory:RememoryPotion"}],"is_trial":false,"path_per_floor":["M","M","?","?","?","R","M","E","T","M","R","E","R","?","R","B",null,"M","M","?","M","AVR","R","NM","R","T","E","M","$","R","M","R","B",null,"M","M","AVR","M","M","M","?","?","T","R","M","M","NM"],"character_chosen":"THE_ANIMATOR","items_purchased":["animator:GoblinSlayer","Orrery"],"campfire_rested":7,"item_purchase_floors":[29,29],"current_hp_per_floor":[66,66,66,66,71,71,72,45,45,28,50,39,61,50,72,47,69,64,65,65,66,66,75,64,83,83,49,47,49,75,66,66,18,71,72,38,38,34,35,36,36,36,36,64,20,14,0,0],"gold":255,"neow_bonus":"THREE_CARDS","is_daily":false,"chose_seed":false,"campfire_upgraded":0,"win_rate":0.0,"timestamp":1611158888,"path_taken":["M","M","?","?","?","R","M","E","T","?","R","E","R","?","R","BOSS","M","M","?","M","AVR","R","NM","R","T","E","M","$","R","M","R","BOSS","M","M","AVR","M","M","M","?","?","T","R","M","M","NM"],"items_purchased_type":["Card","Relic"],"build_version":"2020-12-22","purchased_purges":0,"victory":false,"max_hp_per_floor":[66,66,66,66,71,71,72,73,73,74,74,75,75,75,75,76,76,77,74,74,75,75,75,83,83,83,84,85,87,87,88,88,89,89,90,91,91,92,93,94,94,94,94,94,95,96,96,96],"relic_stats":{"FaceOfCleric":20,"counters":[23,106],"Bronze Scales":[164],"Orichalcum":[210],"obtain_stats":[{"animator:Buoy":12,"animator:CursedGlyph":19,"infinitespire:BottledMercury":33,"animator:TheMissingPiece":0,"hubris:SlimyHat":39,"Orichalcum":8,"Pondfish Scales":27,"Anchor":37,"animator:PurgingStone":0,"FaceOfCleric":5,"infinitespire:Bottled Soul":9,"betterThird:SlimedRelic":14,"Bronze Scales":22,"Strawberry":24,"Orrery":29,"hubris:PeanutButter":43,"animator:LivingPicture":0,"Fusion Hammer":22,"halation:KoshaPiece":31,"halation:Risk":17},{"animator:Buoy":6,"animator:CursedGlyph":9,"infinitespire:BottledMercury":15,"animator:TheMissingPiece":0,"hubris:SlimyHat":19,"Orichalcum":4,"Pondfish Scales":12,"Anchor":17,"animator:PurgingStone":0,"FaceOfCleric":2,"infinitespire:Bottled Soul":4,"betterThird:SlimedRelic":6,"Bronze Scales":10,"Strawberry":11,"Orrery":13,"hubris:PeanutButter":20,"animator:LivingPicture":0,"Fusion Hammer":10,"halation:KoshaPiece":14,"halation:Risk":7},{"animator:Buoy":22,"animator:CursedGlyph":35,"infinitespire:BottledMercury":70,"animator:TheMissingPiece":0,"hubris:SlimyHat":87,"Orichalcum":13,"Pondfish Scales":54,"Anchor":78,"animator:PurgingStone":0,"FaceOfCleric":4,"infinitespire:Bottled Soul":13,"betterThird:SlimedRelic":22,"Bronze Scales":43,"Strawberry":48,"Orrery":59,"hubris:PeanutButter":92,"animator:LivingPicture":0,"Fusion Hammer":43,"halation:KoshaPiece":63,"halation:Risk":29}]},"card_choices":[{"not_picked":["animator:Yoichi","animator:SakuraMatou"],"picked":"animator:YunYun","floor":0},{"not_picked":["animator:Megumin","animator:ZankiKiguchi"],"picked":"animator:ElricEdward","floor":1},{"not_picked":["animator:Megumin","animator:LizardPriest"],"picked":"animator:Ara","floor":2},{"not_picked":["animator:Ara","animator:MumenRider"],"picked":"animator:DwarfShaman","floor":7},{"not_picked":["animator:HighElfArcher","animator:Witch"],"picked":"animator:Priestess","floor":8},{"not_picked":["animator:NarberalGamma","animator:Viivi"],"picked":"animator:DolaSchwi","floor":10},{"not_picked":["animator:Mitsuba","animator:Lu"],"picked":"animator:Saber","floor":12},{"not_picked":["animator:Rimuru","animator:Greed"],"picked":"animator:Guren","floor":16},{"not_picked":["animator:Assassin","animator:Millim"],"picked":"animator:Vesta","floor":18},{"not_picked":["animator:Priestess","animator:Witch"],"picked":"animator:Hero","floor":19},{"not_picked":["animator:DolaRiku+1","animator:Benimaru"],"picked":"animator:Tatsumaki","floor":21},{"not_picked":["animator:Gilgamesh","animator:Mikaela"],"picked":"animator:Gillette","floor":24},{"not_picked":["animator:Raven","animator:Shuna"],"picked":"animator:Konayuki","floor":27},{"not_picked":["animator:CowGirl","animator:Spearman"],"picked":"animator:DwarfShaman","floor":28},{"not_picked":["animator:Shichika","animator:Kaijin+1"],"picked":"animator:UneriGinkaku","floor":29},{"not_picked":["animator:Raven","animator:Alexander+1"],"picked":"animator:Shiro","floor":29},{"not_picked":["animator:Layla","animator:LizardPriest"],"picked":"animator:ElricAlphonse","floor":29},{"not_picked":["animator:SilverFang","animator:Father"],"picked":"animator:Spearman","floor":29},{"not_picked":["animator:Arpeggio","animator:TukaLunaMarceau"],"picked":"animator:Shinoa+1","floor":29},{"not_picked":["animator:Ara","animator:Tet+1","animator:DolaCouronne"],"picked":"SKIP","floor":31},{"not_picked":["animator:Boros","animator:Shizu"],"picked":"animator:Biyorigo","floor":33},{"not_picked":["animator:Vanir+1","animator:Darkness"],"picked":"animator:Jibril+1","floor":35},{"not_picked":["animator:KrulTepes","animator:Shichika"],"picked":"animator:Tatsumaki","floor":36},{"not_picked":["animator:MumenRider","animator:SilverFang"],"picked":"animator:Tatsumaki","floor":38},{"not_picked":["animator:Mikaela","animator:Tatsumaki"],"picked":"animator:IzunaHatsuse+1","floor":39},{"not_picked":["animator:Caster","animator:Nanami"],"picked":"animator:Gillette","floor":40},{"not_picked":["animator:Viivi","animator:ElricEdward"],"picked":"animator:Witch","floor":45},{"not_picked":["animator:Mitsuba","animator:KrulTepes"],"picked":"animator:HiiragiShinya","floor":46}],"player_experience":145254,"relics_obtained":[{"floor":8,"key":"Orichalcum"},{"floor":9,"key":"infinitespire:Bottled Soul"},{"floor":12,"key":"animator:Buoy"},{"floor":19,"key":"animator:CursedGlyph"},{"floor":24,"key":"Strawberry"},{"floor":27,"key":"Pondfish Scales"},{"floor":31,"key":"halation:KoshaPiece"},{"floor":33,"key":"infinitespire:BottledMercury"},{"floor":39,"key":"hubris:SlimyHat"},{"floor":43,"key":"hubris:PeanutButter"}],"event_choices":[{"damage_healed":0,"gold_gain":0,"player_choice":"Trade","damage_taken":0,"relics_obtained":["FaceOfCleric"],"max_hp_gain":0,"max_hp_loss":0,"event_name":"FaceTrader","floor":5,"gold_loss":0},{"damage_healed":0,"gold_gain":0,"player_choice":"Slimed","damage_taken":11,"max_hp_gain":0,"max_hp_loss":0,"event_name":"betterThird:BetterGoop","floor":14,"gold_loss":45},{"damage_healed":0,"gold_gain":0,"player_choice":"Ignored","damage_taken":0,"max_hp_gain":0,"max_hp_loss":0,"event_name":"Vampires","floor":20,"gold_loss":0},{"damage_healed":0,"gold_gain":0,"player_choice":"3","damage_taken":0,"max_hp_gain":0,"max_hp_loss":0,"event_name":"betterMatch:BetterMatch","floor":41,"gold_loss":0,"cards_obtained":[]},{"damage_healed":0,"gold_gain":0,"player_choice":"Upgraded","damage_taken":0,"max_hp_gain":0,"max_hp_loss":0,"event_name":"Upgrade Shrine","floor":42,"gold_loss":0,"cards_upgraded":["animator:Shiro"]}],"is_beta":false,"boss_relics":[{"not_picked":["energizedSpire:RedRose","halation:ForbiddenBikini"],"picked":"halation:Risk"},{"not_picked":["halation:Yufonium","Kintsugi","Coffee Dripper"]}],"items_purged_floors":[],"is_endless":true,"potions_floor_spawned":[1,2,10,21,24,28,31,35,36,39,45],"killed_by":"Nightmare","ascension_level":5}}