{"host":"fzku1ofsxv8lro8o","time":1611129347,"event":{"mods":["BaseMod","Colored Map","Downfall","Minty Spire (QoL Compilation)","Relic Stats","StSLib","everything is the same but u backflip on backflip"],"gold_per_floor":[99,115,131,144,7,7,7,39,39,39,39,71,71,71,91,190,190,90,104,115,115,130,163,163,178,178,178,178,63,63,78,93,93,93,93],"floor_reached":33,"language":"ENG","playtime":1755,"items_purged":["Guardian:Strike_Guardian","downfall:Malfunctioning"],"score":330,"play_id":"6aaef3ca-04e2-402b-9d5d-6c81cebd00d9","local_time":"20210120105547","is_ascension_mode":true,"campfire_choices":[{"floor":1,"key":"RECALL"},{"data":"Mayhem","floor":6,"key":"SMITH"},{"data":"Guardian:VentSteam","floor":10,"key":"SMITH"},{"data":"Guardian:BronzeArmor","floor":13,"key":"SMITH"},{"data":"Guardian:TwinSlam","floor":18,"key":"SMITH"},{"data":"Guardian:FloatingOrbs","floor":27,"key":"SMITH"},{"floor":28,"key":"REST"},{"floor":30,"key":"REST"}],"circlet_count":0,"master_deck":["Guardian:Strike_Guardian+1","Guardian:Defend_Guardian+1","Guardian:Defend_Guardian","Guardian:Defend_Guardian+1","Guardian:CurlUp","Guardian:TwinSlam+1","Mayhem+1","Guardian:RollAttack","Guardian:VentSteam+1","Guardian:BronzeArmor+1","Guardian:BaubleBeam","Guardian:GatlingBeam+1","Guardian:TimeBomb+1","Guardian:GatlingBeam+1","Guardian:Recover+1","Guardian:BodySlam+1","Guardian:FloatingOrbs+1","Guardian:Repulse+1"],"relics":["Guardian:ModeShifter","Bottled Lightning","hexamod:BolsterEngine","Matryoshka","WingedGreaves","Astrolabe","downfall:HeartBlessingRed","Blue Candle","HornCleat","Shuriken"],"acts_visited":["Exordium","TheCity"],"potions_floor_usage":[16,20],"damage_taken":[{"damage":14,"enemies":"Cultist","floor":2,"turns":5},{"damage":2,"enemies":"Jaw Worm","floor":3,"turns":3},{"damage":0,"enemies":"Small Slimes","floor":4,"turns":4},{"damage":5,"enemies":"downfall:FleeingMerchant","floor":5,"turns":4},{"damage":15,"enemies":"Lagavulin","floor":8,"turns":7},{"damage":2,"enemies":"Gremlin Nob","floor":12,"turns":4},{"damage":7,"enemies":"Blue Slaver","floor":15,"turns":4},{"damage":32,"enemies":"SI_SHIV_ARCHETYPE","floor":16,"turns":8},{"damage":14,"enemies":"Shell Parasite","floor":19,"turns":5},{"damage":18,"enemies":"Shelled Parasite and Fungi","floor":20,"turns":4},{"damage":5,"enemies":"Sentry and Sphere","floor":22,"turns":5},{"damage":48,"enemies":"Book of Stabbing","floor":23,"turns":5},{"damage":12,"enemies":"Chosen and Byrds","floor":25,"turns":4},{"damage":0,"enemies":"downfall:FleeingMerchant","floor":29,"turns":4},{"damage":3,"enemies":"Centurion and Healer","floor":31,"turns":5},{"damage":18,"enemies":"Snake Plant","floor":32,"turns":2},{"damage":23,"enemies":"DF_ARCHETYPE_CLAW","floor":33,"turns":3}],"seed_played":"-6648578837672834391","potions_obtained":[{"floor":3,"key":"AttackPotion"},{"floor":4,"key":"FairyPotion"},{"floor":12,"key":"DistilledChaos"},{"floor":16,"key":"LiquidMemories"},{"floor":23,"key":"SpeedPotion"},{"floor":31,"key":"champ:CounterPotion"}],"is_trial":false,"path_per_floor":["R","M","M","M","$","R","T","E","T","R","?","E","R","?","M","B",null,"R","M","M","?","M","E","T","M","?","R","R","$","R","M","M","B"],"character_chosen":"GUARDIAN","items_purchased":["Guardian:PrimingBeam"],"campfire_rested":2,"item_purchase_floors":[5],"current_hp_per_floor":[72,58,56,56,51,51,51,36,36,36,36,34,34,58,51,19,72,72,58,40,40,35,14,14,2,2,2,23,23,44,41,23,0,0,0],"gold":93,"neow_bonus":"RANDOM_COLORLESS_2","is_daily":false,"chose_seed":false,"campfire_upgraded":5,"win_rate":0.0,"timestamp":1611129347,"path_taken":["R","M","M","M","$","R","T","E","?","R","?","E","R","?","M","BOSS","R","M","M","?","?","E","T","M","?","R","R","$","R","M","M","BOSS"],"items_purchased_type":["Card"],"build_version":"2020-12-22","purchased_purges":2,"victory":false,"max_hp_per_floor":[72,72,72,72,72,72,72,72,72,72,72,72,72,72,72,72,72,72,72,72,72,72,72,72,72,72,72,72,72,72,72,72,72,72,72],"relic_stats":{"counters":[17,74],"Shuriken":[11],"Astrolabe":["Guardian:GatlingBeam","Guardian:TimeBomb","Guardian:GatlingBeam"],"Blue Candle":[0],"obtain_stats":[{"Matryoshka":9,"HornCleat":24,"downfall:HeartBlessingRed":18,"Shuriken":24,"Astrolabe":17,"Blue Candle":23,"Guardian:ModeShifter":0,"WingedGreaves":12,"Bottled Lightning":7,"hexamod:BolsterEngine":8},{"Matryoshka":5,"HornCleat":12,"downfall:HeartBlessingRed":8,"Shuriken":12,"Astrolabe":8,"Blue Candle":12,"Guardian:ModeShifter":0,"WingedGreaves":6,"Bottled Lightning":4,"hexamod:BolsterEngine":5},{"Matryoshka":23,"HornCleat":56,"downfall:HeartBlessingRed":39,"Shuriken":56,"Astrolabe":39,"Blue Candle":56,"Guardian:ModeShifter":0,"WingedGreaves":27,"Bottled Lightning":16,"hexamod:BolsterEngine":23}]},"card_choices":[{"not_picked":["Thinking Ahead","Secret Weapon"],"picked":"Mayhem","floor":0},{"not_picked":["Guardian:Reroute","Guardian:GuardianWhirl"],"picked":"Guardian:RollAttack","floor":2},{"not_picked":["Guardian:Emergency","Guardian:Incinerate"],"picked":"Guardian:VentSteam","floor":3},{"not_picked":["Guardian:FloatingOrbs","Guardian:PrismaticBeam"],"picked":"Guardian:Gem_Purple","floor":4},{"not_picked":["Guardian:PrimingBeam","Guardian:RollAttack"],"picked":"Guardian:Gem_Fragmented","floor":5},{"not_picked":["Guardian:Orbwalk","Guardian:Preprogram"],"picked":"Guardian:BronzeArmor","floor":8},{"not_picked":["Guardian:Recover","Guardian:Incinerate"],"picked":"Guardian:BaubleBeam","floor":12},{"not_picked":["Guardian:TimeCapacitor","Guardian:TimeBomb"],"picked":"Guardian:Gem_Fragmented","floor":15},{"not_picked":["Guardian:DonusPower","Guardian:Preprogram"],"picked":"Guardian:Gem_Fragmented","floor":19},{"not_picked":["Guardian:BodySlam","Guardian:DecasProtection"],"picked":"Guardian:Recover+1","floor":20},{"not_picked":["Guardian:PrimingBeam","Guardian:ChargeCore+1"],"picked":"Guardian:BodySlam+1","floor":22},{"not_picked":["Guardian:GemFire","Guardian:FierceBash"],"picked":"Guardian:FloatingOrbs","floor":23},{"not_picked":["Guardian:Suspension+1","Guardian:Clone","Guardian:Gem_Cyan"],"picked":"SKIP","floor":25},{"not_picked":["Guardian:TimeCapacitor","Guardian:CompilePackage","Guardian:Reroute+1"],"picked":"SKIP","floor":29},{"not_picked":["Guardian:Gem_Cyan","Guardian:FloatingOrbs","Guardian:TemporalShield+1"],"picked":"SKIP","floor":31},{"not_picked":["Guardian:DecasProtection+1","Guardian:Planning+1"],"picked":"Guardian:Repulse+1","floor":32}],"player_experience":887242,"relics_obtained":[{"floor":7,"key":"Bottled Lightning"},{"floor":8,"key":"hexamod:BolsterEngine"},{"floor":9,"key":"Matryoshka"},{"floor":12,"key":"WingedGreaves"},{"floor":23,"key":"Blue Candle"},{"floor":24,"key":"HornCleat"},{"floor":24,"key":"Shuriken"}],"event_choices":[{"damage_healed":24,"gold_gain":0,"player_choice":"Banana","damage_taken":0,"max_hp_gain":0,"max_hp_loss":0,"event_name":"Big Fish","floor":14,"gold_loss":0}],"is_beta":false,"boss_relics":[{"not_picked":["Empty Cage","Fusion Hammer"],"picked":"Astrolabe"}],"items_purged_floors":[5,29],"is_endless":false,"potions_floor_spawned":[3,4,12,15,16,23,31],"killed_by":"DF_ARCHETYPE_CLAW","ascension_level":4}}