{"host":"l84l8xigz5v5foa2","time":1611155107,"event":{"mods":["2.2 Compatiblity","AchievementEnabler","BaseMod","Better Note","Better Vampires","Card Filter","Colored Map","DeckTracker","Downfall","Gremlin Skip","Highlight Path","Keyboard Shortcuts","Minty Spire (QoL Compilation)","Permanent Neow","Quick Restart","Relic Filter","Relic Stats","StSLib","SuperFastMode","Transform Curses","Unknown Chances"],"gold_per_floor":[361,74,93,112,112,143,143,153,176,176,193,64,64,80,80,154,154,172,122,137,149,99,132,143,193,193,206,156,187,202,202,202,279,279,297,347,347,367,367,367,367],"floor_reached":39,"language":"ENG","playtime":1896,"items_purged":["hexamod:Defend","hexamod:Strike","hexamod:Strike","hexamod:Strike"],"score":896,"play_id":"a371c483-494a-4bc4-b884-09da024aba29","local_time":"20210121000507","is_ascension_mode":true,"campfire_choices":[{"data":"hexamod:Float","floor":7.0,"key":"SMITH"},{"data":"hexamod:Rewind","floor":10.0,"key":"SMITH"},{"data":"hexamod:InspiringFlames","floor":15.0,"key":"SMITH"},{"data":"hexamod:Haunt","floor":32.0,"key":"SMITH"}],"circlet_count":0,"master_deck":["AscendersBane","hexamod:Defend","hexamod:Defend","hexamod:Defend","hexamod:Sear","hexamod:Float+1","hexamod:FirstSeal","hexamod:ThermalTransfer","hexamod:Rewind+1","hexamod:GhostShield","hexamod:RecurringNightmare","hexamod:Hexaguard","hexamod:InspiringFlames+1","hexamod:StepThrough","hexamod:GhostLash","hexamod:GiftsFromTheDead","hexamod:DynamicBlow","hexamod:Haunt+1","hexamod:HeatMetal","hexamod:ApocalypseNow","hexamod:WildfireWeapon","hexamod:FastForward","hexamod:ApocalypticArmor","hexamod:NightmareStrike+1","hexamod:GhostOfSpirePast"],"relics":["hexamod:SpiritBrand","White Beast Statue","Smiling Mask","Pen Nib","expansioncontent:StudyCardRelic","Letter Opener","Kunai","Meat on the Bone","sneckomod:SneckoTalon","hexamod:SoulConsumer"],"acts_visited":["Exordium","TheCity","TheBeyond"],"potions_floor_usage":[],"damage_taken":[{"damage":0.0,"enemies":"Small Slimes","floor":1.0,"turns":3.0},{"damage":0.0,"enemies":"Cultist","floor":3.0,"turns":3.0},{"damage":2.0,"enemies":"Jaw Worm","floor":4.0,"turns":4.0},{"damage":25.0,"enemies":"3 Sentries","floor":6.0,"turns":18.0},{"damage":2.0,"enemies":"2 Fungi Beasts","floor":8.0,"turns":4.0},{"damage":0.0,"enemies":"Exordium Wildlife","floor":11.0,"turns":3.0},{"damage":2.0,"enemies":"Large Slime","floor":14.0,"turns":7.0},{"damage":25.0,"enemies":"The Guardian","floor":16.0,"turns":11.0},{"damage":15.0,"enemies":"2 Thieves","floor":18.0,"turns":4.0},{"damage":5.0,"enemies":"3 Byrds","floor":20.0,"turns":4.0},{"damage":7.0,"enemies":"Cultist and Chosen","floor":21.0,"turns":7.0},{"damage":22.0,"enemies":"Slavers","floor":23.0,"turns":2.0},{"damage":23.0,"enemies":"Shelled Parasite and Fungi","floor":24.0,"turns":4.0},{"damage":8.0,"enemies":"Snecko","floor":27.0,"turns":4.0},{"damage":0.0,"enemies":"Book of Stabbing","floor":29.0,"turns":3.0},{"damage":0.0,"enemies":"Cultist and Chosen","floor":30.0,"turns":5.0},{"damage":2.0,"enemies":"Automaton","floor":33.0,"turns":6.0},{"damage":8.0,"enemies":"Orb Walker","floor":35.0,"turns":3.0},{"damage":26.0,"enemies":"2 Orb Walkers","floor":36.0,"turns":5.0},{"damage":6.0,"enemies":"3 Darklings","floor":38.0,"turns":4.0},{"damage":53,"enemies":"Writhing Mass","floor":39,"turns":3}],"seed_played":"7385332208877754004","potions_obtained":[{"floor":3.0,"key":"GamblersBrew"},{"floor":4.0,"key":"DistilledChaos"},{"floor":6.0,"key":"SpeedPotion"},{"floor":8.0,"key":"ColorlessPotion"},{"floor":16.0,"key":"GamblersBrew"},{"floor":18.0,"key":"FairyPotion"},{"floor":20.0,"key":"SteroidPotion"},{"floor":23.0,"key":"PowerPotion"},{"floor":24.0,"key":"SpeedPotion"},{"floor":27.0,"key":"Strength Potion"},{"floor":30.0,"key":"AttackPotion"},{"floor":33.0,"key":"SpeedPotion"},{"floor":35.0,"key":"SkillPotion"},{"floor":36.0,"key":"SkillPotion"},{"floor":38.0,"key":"Fruit Juice"}],"is_trial":false,"path_per_floor":["M","$","M","M","?","E","R","M","T","R","M","$","?","M","R","B",null,"M","$","M","M","$","E","M","?","T","M","$","E","M","?","R","B",null,"M","?","?","M","M"],"character_chosen":"THE_SPIRIT","items_purchased":["White Beast Statue","hexamod:StepThrough"],"campfire_rested":0,"item_purchase_floors":[2,12],"current_hp_per_floor":[57,57,57,57,57,39,39,44,44,44,51,51,44,49,49,31,51,43,43,38,38,38,23,27,27,27,26,26,33,40,40,40,45,54,53,46,46,52,0,0,0],"gold":367,"neow_bonus":"TWO_FIFTY_GOLD","is_daily":false,"chose_seed":false,"campfire_upgraded":4,"win_rate":0.0,"timestamp":1611155107,"path_taken":["M","$","M","M","?","E","R","M","T","R","M","$","?","M","R","BOSS","M","$","M","M","$","E","M","?","T","M","$","E","M","?","R","BOSS","M","?","?","M","M"],"items_purchased_type":["Relic","Card"],"build_version":"2020-12-22","purchased_purges":4,"victory":false,"max_hp_per_floor":[57,57,57,57,57,57,57,57,57,57,57,57,57,57,57,57,57,57,57,57,57,57,57,57,57,57,57,57,57,57,57,57,57,57,57,57,57,62,62,62,62],"relic_stats":{"counters":[21,107],"Pen Nib":[13],"Letter Opener":[147],"Kunai":[9],"Smiling Mask":250,"obtain_stats":[{"Pen Nib":9,"expansioncontent:StudyCardRelic":17,"Letter Opener":23,"Kunai":26,"hexamod:SoulConsumer":36,"Smiling Mask":6,"sneckomod:SneckoTalon":34,"hexamod:SpiritBrand":0,"White Beast Statue":2,"Meat on the Bone":29},{"Pen Nib":5,"expansioncontent:StudyCardRelic":8,"Letter Opener":12,"Kunai":13,"hexamod:SoulConsumer":19,"Smiling Mask":4,"sneckomod:SneckoTalon":17,"hexamod:SpiritBrand":0,"White Beast Statue":1,"Meat on the Bone":15},{"Pen Nib":32,"expansioncontent:StudyCardRelic":53,"Letter Opener":70,"Kunai":74,"hexamod:SoulConsumer":100,"Smiling Mask":28,"sneckomod:SneckoTalon":92,"hexamod:SpiritBrand":0,"White Beast Statue":3,"Meat on the Bone":81}],"Meat on the Bone":12},"card_choices":[{"not_picked":["hexamod:GhostLash","hexamod:SecondSeal","hexamod:EmpoweredFlame"],"picked":"SKIP","floor":1.0},{"not_picked":["hexamod:PowerFromBeyond","hexamod:ThermalTransfer"],"picked":"hexamod:FirstSeal","floor":3.0},{"not_picked":["hexamod:GhostLash","hexamod:ChargedBarrage"],"picked":"hexamod:ThermalTransfer","floor":4.0},{"not_picked":["hexamod:HeatCrush","hexamod:NightmareGuise"],"picked":"hexamod:RecurringNightmare","floor":6.0},{"not_picked":["hexamod:AdvancingGuard","hexamod:FlamesFromBeyond"],"picked":"hexamod:Hexaguard","floor":8.0},{"not_picked":["hexamod:EmpoweredFlame","hexamod:SpectersWail"],"picked":"hexamod:InspiringFlames","floor":11.0},{"not_picked":["hexamod:SpectralAdrenaline","hexamod:ShieldOfDarkness"],"picked":"hexamod:GhostLash","floor":14.0},{"not_picked":["hexamod:SearingWound","hexamod:WildfireWeapon"],"picked":"hexamod:GiftsFromTheDead","floor":16.0},{"not_picked":["hexamod:SpectralAdrenaline","hexamod:AdvancingGuard"],"picked":"hexamod:DynamicBlow","floor":18.0},{"not_picked":["hexamod:AdvancingGuard","hexamod:GhostShield"],"picked":"hexamod:Haunt","floor":20.0},{"not_picked":["hexamod:GhostShield","hexamod:HeatCrush"],"picked":"hexamod:HeatMetal","floor":21.0},{"not_picked":["hexamod:ThermalTransfer","hexamod:Rewind"],"picked":"hexamod:ApocalypseNow","floor":23.0},{"not_picked":["hexamod:EmpoweredFlame","hexamod:SpectralAdrenaline","hexamod:DynamicBlow"],"picked":"SKIP","floor":24.0},{"not_picked":["hexamod:NightmareStrike","hexamod:InspiringFlames","hexamod:SuperheatedStrike+1"],"picked":"SKIP","floor":27.0},{"not_picked":["hexamod:NightmareStrike","hexamod:InspiringFlames","hexamod:SuperheatedStrike+1"],"picked":"SKIP","floor":27.0},{"not_picked":["hexamod:InspiringFlames","hexamod:ChargedBarrage"],"picked":"hexamod:WildfireWeapon","floor":29.0},{"not_picked":["hexamod:GhostShield","hexamod:GhostflameBarrier"],"picked":"hexamod:FastForward","floor":30.0},{"not_picked":["hexamod:GhostflameInferno","hexamod:ApocalypseNow"],"picked":"hexamod:ApocalypticArmor","floor":33.0},{"not_picked":["hexamod:Hexaguard","hexamod:HeatMetal"],"picked":"hexamod:NightmareStrike+1","floor":35.0},{"not_picked":["hexamod:SpectralAdrenaline","hexamod:RadiantFlame"],"picked":"hexamod:GhostOfSpirePast","floor":36.0},{"not_picked":["hexamod:SpectralSpark","hexamod:NightmareStrike","hexamod:Again"],"picked":"SKIP","floor":38.0}],"player_experience":3324023,"relics_obtained":[{"floor":6.0,"key":"Smiling Mask"},{"floor":9.0,"key":"Pen Nib"},{"floor":23.0,"key":"Letter Opener"},{"floor":26.0,"key":"Kunai"},{"floor":29.0,"key":"Meat on the Bone"},{"floor":36.0,"key":"hexamod:SoulConsumer"}],"event_choices":[{"damage_healed":0.0,"max_hp_gain":0.0,"max_hp_loss":0.0,"gold_gain":0.0,"event_name":"Match and Keep!","player_choice":"2 cards matched","floor":5.0,"gold_loss":0.0,"damage_taken":0.0,"cards_obtained":["hexamod:Rewind","hexamod:GhostShield"]},{"cards_removed":["hexamod:Strike"],"damage_healed":0.0,"max_hp_gain":0.0,"max_hp_loss":0.0,"gold_gain":0.0,"event_name":"Golden Wing","player_choice":"Card Removal","floor":13.0,"gold_loss":0.0,"damage_taken":7.0},{"damage_healed":0.0,"max_hp_gain":0.0,"max_hp_loss":0.0,"gold_gain":50.0,"event_name":"Nest","player_choice":"Stole From Cult","floor":25.0,"gold_loss":0.0,"damage_taken":0.0},{"damage_healed":0.0,"max_hp_gain":0.0,"max_hp_loss":0.0,"gold_gain":0.0,"event_name":"Vampires","player_choice":"Ignored","floor":31.0,"gold_loss":0.0,"damage_taken":0.0},{"damage_healed":0.0,"max_hp_gain":0.0,"max_hp_loss":0.0,"gold_gain":0.0,"event_name":"Mysterious Sphere","player_choice":"Fight","floor":36.0,"gold_loss":0.0,"damage_taken":0.0}],"is_beta":false,"boss_relics":[{"not_picked":["Runic Pyramid","Busted Crown"],"picked":"expansioncontent:StudyCardRelic"},{"not_picked":["Coffee Dripper","Snecko Eye"],"picked":"sneckomod:SneckoTalon"}],"items_purged_floors":[12,19,22,28],"is_endless":false,"potions_floor_spawned":[3,4,6,8,11,14,16,18,20,21,23,24,27,29,30,33,35,36,38],"killed_by":"Writhing Mass","ascension_level":20}}