{"host":"bf9sa99gaumonoeu","time":1611179819,"event":{"mods":["AchievementEnabler","Act Like it!","Aspiration","BaseMod","Bestiary","Better Note","Block Reminder","Colored Map","Colored Powertips","Downfall","Fox Events","Friendly Minions","Gensokyo","GifTheSpireLib","Googly Eyes","Hallownest","Hermit","Highlight Path","Jorbs\u0027s Wanderer Trilogy","KinomotoSakuraMod(????)","Koishi","Marisa????????","Minty Spire (QoL Compilation)","Rare Cards Sparkle","Relic Stats","Spire Arcade","StSLib","The Administrix","The Animator","The Bug Knight","The Construct","The Cursed","The Hierophant","The Mystic","The Necromancer","The Poker Player","The Runesmith","The Senshi","The Servant 0.9.4","ojb\u0027s Info Mod"],"gold_per_floor":[111,123,142,155,93,93,112,122,122,148,173,183,183,214,214,289,366,383,538,552,255,266,295,295,307,384,402,428,428,443,457,457,534,611,631,9,28,28,48,79,79,90,222,239,239,270,280,307,307,307,307,307,307,6,39,39],"floor_reached":57,"language":"ENG","playtime":6441,"items_purged":["Strike_G","Strike_G","Strike_G"],"score":3125,"play_id":"3209a74b-5c42-417f-aece-1294988e1faa","local_time":"20210120195659","is_ascension_mode":true,"campfire_choices":[{"data":"Blade Dance","floor":6,"key":"SMITH"},{"data":"Catalyst","floor":15,"key":"SMITH"},{"floor":24,"key":"REST"},{"data":"Wraith Form v2","floor":29,"key":"SMITH"},{"data":"Catalyst","floor":32,"key":"SMITH"},{"floor":41,"key":"RECALL"},{"floor":45,"key":"REST"},{"floor":49,"key":"REST"},{"floor":53,"key":"REST"}],"circlet_count":0,"master_deck":["AscendersBane","Strike_G","Strike_G","Defend_G","Defend_G","Defend_G","Defend_G","Defend_G","Survivor","Neutralize","Backstab","Masterful Stab","Blade Dance+1","Accuracy","Flying Knee","Blade Dance","Catalyst+1","Bouncing Flask","Venomology","After Image","Caltrops","Reboot+1","Accuracy","Undo","Stack","PiercingWail","Double Energy","Wraith Form v2+1","Catalyst+1","Blade Dance+1","Core Surge","Heatsinks","Trip+1","PiercingWail","Well Laid Plans","Accuracy","Leg Sweep","Footwork","Catalyst","Hologram","Acrobatics","Calculated Gamble","Blade Dance+1"],"relics":["Ring of the Snake","aspiration:Nostalgia","mysticmod:SpellBook","The Courier","theSenshi:SailorFukuRelic","foxEvents:LuckyCharm","Gambling Chip","aspiration:DefectSkillbook","aspiration:FetidBarrel","Oddly Smooth Stone","Calipers","Vajra","Fusion Hammer","Membership Card","aspiration:HummingbirdHeart","aspiration:FrozenJewel","InkBottle","Snake Skull","Bronze Scales","Ninja Scroll","aspiration:VileToxins","War Paint","Ornamental Fan","Pantograph"],"acts_visited":["Exordium","TheCity","TheBeyond","TheEnding"],"potions_floor_usage":[10,11,14,16,16,18,18,22,23,23,27,28,31,33,42,44,46,50,50,51,51,56],"damage_taken":[{"damage":1,"enemies":"Jaw Worm","floor":1,"turns":4},{"damage":0,"enemies":"Small Slimes","floor":2,"turns":3},{"damage":0,"enemies":"2 Louse","floor":3,"turns":2},{"damage":0,"enemies":"Red Slaver","floor":4,"turns":2},{"damage":11,"enemies":"Exordium Wildlife","floor":7,"turns":6},{"damage":2,"enemies":"Gremlin Gang","floor":8,"turns":4},{"damage":0,"enemies":"3 Sentries","floor":10,"turns":4},{"damage":0,"enemies":"Colosseum Slavers","floor":11,"turns":2},{"damage":7,"enemies":"Large Slime","floor":12,"turns":4},{"damage":0,"enemies":"Gremlin Nob","floor":14,"turns":2},{"damage":5,"enemies":"The Guardian","floor":16,"turns":7},{"damage":8,"enemies":"2 Thieves","floor":18,"turns":3},{"damage":15,"enemies":"Shell Parasite","floor":20,"turns":4},{"damage":0,"enemies":"Snecko","floor":22,"turns":3},{"damage":6,"enemies":"Book of Stabbing","floor":23,"turns":4},{"damage":12,"enemies":"Snake Plant","floor":25,"turns":3},{"damage":0,"enemies":"Cultist and Chosen","floor":27,"turns":3},{"damage":0,"enemies":"Slavers","floor":28,"turns":3},{"damage":0,"enemies":"Centurion and Healer","floor":30,"turns":5},{"damage":0,"enemies":"Snake Plant","floor":31,"turns":2},{"damage":14,"enemies":"Automaton","floor":33,"turns":7},{"damage":1,"enemies":"Orb Walker","floor":35,"turns":2},{"damage":0,"enemies":"3 Darklings","floor":37,"turns":3},{"damage":0,"enemies":"Writhing Mass","floor":39,"turns":4},{"damage":0,"enemies":"Reptomancer","floor":40,"turns":4},{"damage":0,"enemies":"Spire Growth","floor":42,"turns":3},{"damage":0,"enemies":"Jaw Worm Horde","floor":44,"turns":4},{"damage":0,"enemies":"Nemesis","floor":46,"turns":3},{"damage":0,"enemies":"4 Shapes","floor":47,"turns":2},{"damage":0,"enemies":"Giant Head","floor":48,"turns":4},{"damage":12,"enemies":"Time Eater","floor":50,"turns":9},{"damage":27,"enemies":"Awakened One","floor":51,"turns":10},{"damage":2,"enemies":"Shield and Spear","floor":55,"turns":4},{"damage":51,"enemies":"The Heart","floor":56,"turns":8}],"seed_played":"-6534470720396156349","potions_obtained":[{"floor":3,"key":"Block Potion"},{"floor":8,"key":"DuplicationPotion"},{"floor":10,"key":"DistilledChaos"},{"floor":12,"key":"Fire Potion"},{"floor":20,"key":"EssenceOfSteel"},{"floor":22,"key":"FearPotion"},{"floor":25,"key":"CunningPotion"},{"floor":31,"key":"SpeedPotion"},{"floor":46,"key":"Weak Potion"}],"is_trial":false,"path_per_floor":["M","M","M","M","?","R","M","M","T","E","?","M","?","E","R","B",null,"M","T","M","$","M","E","R","M","T","M","E","R","M","M","R","B",null,"M","$","M","?","M","E","R","M","T","M","R","E","M","E","R","B","B",null,"R","$","E","B",null],"character_chosen":"THE_SILENT","items_purchased":["Accuracy","DuplicationPotion","Undo","Stack","Membership Card","Trip","PiercingWail","aspiration:HummingbirdHeart","Well Laid Plans","Accuracy","aspiration:FrozenJewel","InkBottle","aspiration:VileToxins","War Paint","Ornamental Fan"],"campfire_rested":4,"item_purchase_floors":[21,21,21,21,36,36,36,36,36,36,36,36,54,54,54],"current_hp_per_floor":[58,58,58,58,58,58,47,45,45,45,45,38,38,38,38,33,58,50,50,35,35,35,29,48,36,36,36,36,36,36,36,36,22,55,54,54,54,59,59,59,59,59,59,59,66,66,66,66,66,54,27,56,66,66,64,15],"gold":39,"neow_bonus":"NOSTALGIA","is_daily":false,"chose_seed":false,"campfire_upgraded":4,"win_rate":0.0,"timestamp":1611179819,"path_taken":["M","M","M","M","?","R","M","M","T","E","?","M","?","E","R","BOSS","M","?","M","$","M","E","R","M","T","M","E","R","M","M","R","BOSS","M","$","M","?","M","E","R","M","T","M","R","E","M","E","R","BOSS","BOSS","R","$","E","BOSS"],"items_purchased_type":["Card","Potion","Card","Card","Relic","Card","Card","Relic","Card","Card","Relic","Relic","Relic","Relic","Relic"],"build_version":"2020-12-22","purchased_purges":3,"victory":true,"max_hp_per_floor":[66,66,66,66,66,66,66,66,66,66,66,66,66,66,66,66,66,66,66,66,66,66,66,66,66,66,66,66,66,66,66,66,66,66,66,66,66,66,66,66,66,66,66,66,66,66,66,66,66,66,66,66,66,66,66,66],"relic_stats":{"counters":[34,132],"Ornamental Fan":[28],"Gambling Chip":[107],"Bronze Scales":[201],"Pantograph":2,"Snake Skull":[272],"War Paint":["Reboot","Trip"],"obtain_stats":[{"aspiration:VileToxins":54,"Calipers":26,"aspiration:Nostalgia":0,"aspiration:FetidBarrel":19,"Oddly Smooth Stone":23,"Vajra":28,"mysticmod:SpellBook":0,"The Courier":9,"Snake Skull":40,"aspiration:HummingbirdHeart":36,"War Paint":54,"aspiration:FrozenJewel":36,"aspiration:DefectSkillbook":17,"Ninja Scroll":48,"Ornamental Fan":54,"Gambling Chip":14,"Bronze Scales":46,"Pantograph":55,"Fusion Hammer":34,"foxEvents:LuckyCharm":11,"Membership Card":36,"theSenshi:SailorFukuRelic":10,"InkBottle":36,"Ring of the Snake":0},{"aspiration:VileToxins":32,"Calipers":16,"aspiration:Nostalgia":0,"aspiration:FetidBarrel":12,"Oddly Smooth Stone":15,"Vajra":18,"mysticmod:SpellBook":0,"The Courier":6,"Snake Skull":25,"aspiration:HummingbirdHeart":22,"War Paint":32,"aspiration:FrozenJewel":22,"aspiration:DefectSkillbook":11,"Ninja Scroll":30,"Ornamental Fan":32,"Gambling Chip":10,"Bronze Scales":28,"Pantograph":33,"Fusion Hammer":21,"foxEvents:LuckyCharm":8,"Membership Card":22,"theSenshi:SailorFukuRelic":7,"InkBottle":22,"Ring of the Snake":0},{"aspiration:VileToxins":120,"Calipers":56,"aspiration:Nostalgia":0,"aspiration:FetidBarrel":43,"Oddly Smooth Stone":54,"Vajra":61,"mysticmod:SpellBook":0,"The Courier":21,"Snake Skull":87,"aspiration:HummingbirdHeart":76,"War Paint":120,"aspiration:FrozenJewel":76,"aspiration:DefectSkillbook":40,"Ninja Scroll":102,"Ornamental Fan":120,"Gambling Chip":33,"Bronze Scales":96,"Pantograph":124,"Fusion Hammer":75,"foxEvents:LuckyCharm":27,"Membership Card":76,"theSenshi:SailorFukuRelic":25,"InkBottle":76,"Ring of the Snake":0}],"InkBottle":[30],"Ring of the Snake":[64]},"card_choices":[{"not_picked":["Blade Dance","Poisoned Stab"],"picked":"Backstab","floor":1},{"not_picked":["Reflex","Setup"],"picked":"Masterful Stab","floor":2},{"not_picked":["Dagger Throw","Acrobatics"],"picked":"Blade Dance","floor":3},{"not_picked":["Underhanded Strike","Backstab"],"picked":"Accuracy","floor":4},{"not_picked":["Dodge and Roll","Flechettes"],"picked":"Flying Knee","floor":7},{"not_picked":["Outmaneuver","Dodge and Roll"],"picked":"Prepared","floor":8},{"not_picked":["Backflip","Bane"],"picked":"Blade Dance","floor":10},{"not_picked":["PiercingWail","Flechettes"],"picked":"Catalyst","floor":11},{"not_picked":["Riddle With Holes","Slice"],"picked":"Bouncing Flask","floor":12},{"not_picked":["Bane","Masterful Stab","Quick Slash"],"picked":"SKIP","floor":14},{"not_picked":["Unload","Bullet Time"],"picked":"After Image","floor":16},{"not_picked":["Rip and Tear","Sucker Punch","Hologram+1"],"picked":"Caltrops","floor":18},{"not_picked":["Backflip","Poisoned Stab","Hologram"],"picked":"Reboot","floor":20},{"not_picked":["Coolheaded","Bane+1","Sweeping Beam"],"picked":"PiercingWail","floor":22},{"not_picked":["Quick Slash","Steam","Ball Lightning"],"picked":"Double Energy","floor":23},{"not_picked":["Stack","Barrage","Self Repair"],"picked":"Wraith Form v2","floor":25},{"not_picked":["Deadly Poison","Backflip","Go for the Eyes","Outmaneuver"],"picked":"SKIP","floor":27},{"not_picked":["Dagger Throw","Rebound","Sucker Punch","Poisoned Stab"],"picked":"SKIP","floor":28},{"not_picked":["Backflip","Sucker Punch","aspiration:Lunge"],"picked":"Catalyst","floor":30},{"not_picked":["Defragment","Slice","Capacitor"],"picked":"Blade Dance+1","floor":31},{"not_picked":["Creative AI","Buffer","Electrodynamics"],"picked":"Core Surge","floor":33},{"not_picked":["Outmaneuver","Poisoned Stab","Underhanded Strike"],"picked":"Heatsinks","floor":35},{"not_picked":["Cloak And Dagger","Go for the Eyes+1","Genetic Algorithm"],"picked":"Leg Sweep","floor":37},{"not_picked":["Reprogram","Slice","Stack+1"],"picked":"Footwork","floor":39},{"not_picked":["Catalyst","Poisoned Stab","All Out Attack","Ball Lightning"],"picked":"SKIP","floor":40},{"not_picked":["Poisoned Stab","All Out Attack","Ball Lightning"],"picked":"Catalyst","floor":40},{"not_picked":["Reprogram","Terror","Skewer+1"],"picked":"Hologram","floor":42},{"not_picked":["Slice","Steam","Hologram","Sweeping Beam"],"picked":"SKIP","floor":44},{"not_picked":["Concentrate","Bane+1","Multi-Cast"],"picked":"Acrobatics","floor":46},{"not_picked":["Genetic Algorithm","Turbo+1","Fusion","Outmaneuver"],"picked":"SKIP","floor":47},{"not_picked":["Beam Cell","Fission","Auto Shields+1"],"picked":"Calculated Gamble","floor":48},{"not_picked":["Dagger Throw","Deadly Poison+1","Cold Snap+1"],"picked":"Blade Dance+1","floor":55}],"player_experience":1090856,"relics_obtained":[{"floor":9,"key":"The Courier"},{"floor":10,"key":"theSenshi:SailorFukuRelic"},{"floor":11,"key":"foxEvents:LuckyCharm"},{"floor":14,"key":"Gambling Chip"},{"floor":19,"key":"aspiration:FetidBarrel"},{"floor":23,"key":"Oddly Smooth Stone"},{"floor":26,"key":"Calipers"},{"floor":28,"key":"Vajra"},{"floor":40,"key":"Snake Skull"},{"floor":46,"key":"Bronze Scales"},{"floor":48,"key":"Ninja Scroll"},{"floor":55,"key":"Pantograph"}],"event_choices":[{"damage_healed":0,"gold_gain":0,"player_choice":"Left Gold","damage_taken":0,"max_hp_gain":0,"max_hp_loss":0,"event_name":"World of Goop","floor":5,"gold_loss":62},{"cards_removed":["Catalyst"],"damage_healed":0,"gold_gain":0,"player_choice":"Take \u0026 Give","damage_taken":0,"max_hp_gain":0,"max_hp_loss":0,"event_name":"betterNote:BetterNote","floor":13,"gold_loss":0,"cards_obtained":["Venomology"]},{"cards_removed":["Prepared"],"damage_healed":5,"gold_gain":0,"player_choice":"Offered Common","damage_taken":0,"max_hp_gain":0,"max_hp_loss":0,"event_name":"Bonfire Elementals","floor":38,"gold_loss":0},{"cards_removed":["Prepared"],"damage_healed":5,"gold_gain":0,"player_choice":"Offered Special","damage_taken":0,"max_hp_gain":0,"max_hp_loss":0,"event_name":"Bonfire Elementals","floor":38,"gold_loss":0}],"is_beta":false,"boss_relics":[{"not_picked":["aspiration:MobileForge","construct:ClawGrip"],"picked":"aspiration:DefectSkillbook"},{"not_picked":["Empty Cage","WristBlade"],"picked":"Fusion Hammer"}],"items_purged_floors":[21,36,54],"is_endless":false,"potions_floor_spawned":[3,8,10,12,20,22,25,27,30,31,40,42,46,47,48],"ascension_level":20}}