{"host":"nug5xkek4sujf8as","time":1611166973,"event":{"mods":["Act Like it!","Arknights The Spire","Aspiration","BaseMod","Booster Modes","CapriCore","Colored Powertips","Conspire","Energized Spire","Gensokyo","Minty Spire (QoL Compilation)","Permanent Neow","Quick Restart","Replay The Spire","Shop Mod","Spicy Shops","StSLib","vexMod","¡¾¹¦ÄÜMod¡¿»ìãçÖ®»·ÐÞ¸´²¹¶¡","¡¾ÒÅÎï¿¨ÅÆ¡¿REMEMod","óô»ðÖ¸ÄÏ"],"gold_per_floor":[115,115,115,189,189,189,22,53,53,85,156,2,36,36,69,79,79,156,256,273,273,15,25,25,53,53,86,86,317,317,332,345,345,345,345,80,158,158,173,187,197,66,66,66,95,121,121,51,51,71,83,140,15,15,15,15,15,44,44],"floor_reached":60,"language":"ZHS","playtime":3967,"items_purged":["Pain","Strike_G","Strike_G"],"score":2314,"play_id":"967d182d-3c81-420e-a105-9845ebec51fc","local_time":"20210121022253","is_ascension_mode":true,"campfire_choices":[{"floor":17.0,"key":"RECALL"},{"data":"Midas Touch","floor":26.0,"key":"SMITH"},{"data":"REME_PuzzleBox","floor":44.0,"key":"SMITH"},{"data":"ReplayTheSpireMod:Scrap Shanks","floor":49.0,"key":"SMITH"},{"data":"REME_ProfessionalPlagiarism","floor":56.0,"key":"SMITH"}],"circlet_count":0,"master_deck":["AscendersBane","Strike_G","Defend_G+1","Defend_G","Defend_G","Survivor","Neutralize","PiercingWail","Setup+1","Outmaneuver","REME_LeechingPoison","Eviscerate","Midas Touch+1","ReplayTheSpireMod:Brewmster","REME_ProfessionalPlagiarism+1","Acrobatics","ReplayTheSpireMod:Scrap Shanks+1","Pot Of Greed","Pot Of Greed","Pot Of Greed"],"relics":["REME_ComplimentaryCards","Black Star","PreservedInsect","conspire:TreasureMap","vexMod:Dragonfruit","conspire:Flyswatter","Gensokyo:LunaticRedEyes","Lizard Tail","Replay:Ringing Soul","InkBottle","Juzu Bracelet","Gremlin Food","vexMod:FocusSash","Happy Flower","Lantern","conspire:Dentures","Replay:Wanted Poster","Ring of Peace","ReplayTheSpireMod:ShopPack","Singing Bowl","aspiration:ChemicalBlood","Grinning Jar","Bag of Preparation","ReplayTheSpireMod:Shallot","Tiny Chest","ReplayTheSpireMod:TigerMarble","Meat on the Bone","War Paint","REME_HandOfSuture","Replay:Drink Me","Gensokyo:TheCrow","Replay:Mystery Machine","Blood Vial","Replay:Baseball","Snake Skull","TungstenRod","aspiration:HiddenCompartment","conspire:GlowingRock","Gremlin Horn","Eternal Feather","Anchor","Unceasing Top"],"acts_visited":["Gensokyo:Gensokyo","Gensokyo:Gensokyoer","Gensokyo:Gensokyoest","TheEnding"],"potions_floor_usage":[59,59,59,59,59,59,59,59],"damage_taken":[{"damage":4.0,"enemies":"Gensokyo:2_Kodama","floor":1.0,"turns":7.0},{"damage":16.0,"enemies":"Gensokyo:Aya","floor":8.0,"turns":4.0},{"damage":6.0,"enemies":"Gensokyo:Mamizou","floor":10.0,"turns":7.0},{"damage":22.0,"enemies":"Gensokyo:Cirno","floor":13.0,"turns":5.0},{"damage":2.0,"enemies":"Gensokyo:Cirno","floor":15.0,"turns":6.0},{"damage":0.0,"enemies":"Gensokyo:3_Fairies","floor":16.0,"turns":3.0},{"damage":3.0,"enemies":"Gensokyo:Kokoro","floor":18.0,"turns":7.0},{"damage":0.0,"enemies":"Gensokyo:Chomper","floor":20.0,"turns":5.0},{"damage":0.0,"enemies":"Gensokyo:CosmicMonolith","floor":23.0,"turns":6.0},{"damage":28.0,"enemies":"Gensokyo:Reisen","floor":25.0,"turns":6.0},{"damage":53.0,"enemies":"Gensokyo:Koishi","floor":27.0,"turns":8.0},{"damage":0.0,"enemies":"Gensokyo:Tenshi","floor":29.0,"turns":8.0},{"damage":9.0,"enemies":"Gensokyo:Chomper_and_Gloop","floor":31.0,"turns":4.0},{"damage":1.0,"enemies":"Gensokyo:Slime_Group","floor":32.0,"turns":2.0},{"damage":47.0,"enemies":"Gensokyo:Eiki","floor":37.0,"turns":8.0},{"damage":32.0,"enemies":"Gensokyo:3_Boulders","floor":39.0,"turns":6.0},{"damage":0.0,"enemies":"Gensokyo:AncientGuardian","floor":40.0,"turns":2.0},{"damage":2.0,"enemies":"Gensokyo:4_Bats","floor":41.0,"turns":4.0},{"damage":125.0,"enemies":"Gensokyo:Kasen","floor":45.0,"turns":4.0},{"damage":15.0,"enemies":"Gensokyo:Doremy","floor":48.0,"turns":5.0},{"damage":17.0,"enemies":"Gensokyo:3_Boulders","floor":50.0,"turns":5.0},{"damage":12.0,"enemies":"Gensokyo:Sharpion","floor":51.0,"turns":3.0},{"damage":23.0,"enemies":"Gensokyo:Kasen","floor":52.0,"turns":4.0},{"damage":2.0,"enemies":"Gensokyo:Yuyuko","floor":54.0,"turns":5.0},{"damage":70.0,"enemies":"Shield and Spear","floor":58.0,"turns":5.0},{"damage":59,"enemies":"The Heart","floor":59,"turns":11}],"seed_played":"-6492355277113245803","potions_obtained":[{"floor":1.0,"key":"FearPotion"},{"floor":4.0,"key":"SteroidPotion"},{"floor":10.0,"key":"CunningPotion"},{"floor":15.0,"key":"ColorlessPotion"},{"floor":23.0,"key":"Weak Potion"},{"floor":31.0,"key":"Reflective Coating"},{"floor":40.0,"key":"DistilledChaos"},{"floor":41.0,"key":"Venom Potion"},{"floor":45.0,"key":"LifebloodPotion"},{"floor":45.0,"key":"CunningPotion"},{"floor":45.0,"key":"FearPotion"},{"floor":45.0,"key":"SpeedPotion"},{"floor":45.0,"key":"BlessingOfTheForge"},{"floor":45.0,"key":"Venom Potion"},{"floor":48.0,"key":"Elixir"},{"floor":51.0,"key":"Milkshake"},{"floor":52.0,"key":"REME_GoldPotion"},{"floor":58.0,"key":"AttackPotion"},{"floor":59,"key":"conspire:TimeTravelPotion"}],"is_trial":false,"path_per_floor":["M","?","?","?","PTL","PTL","$","E","?","E","T","R","?","?","E","M","R","B",null,"M","?","COS","M","?","E","R","E","T","E","?","M","M","?","PTL","PTL","R","B",null,"M","M","M","COS","?","R","E","T","T","E","R","M","M","E","R","B",null,"R","$","E","B",null],"character_chosen":"THE_SILENT","items_purchased":["conspire:TreasureMap","Juzu Bracelet","REME_HandOfSuture"],"campfire_rested":0,"item_purchase_floors":[7,12,36],"current_hp_per_floor":[55,55,55,55,55,55,55,44,44,38,38,38,19,19,17,20,20,21,65,77,77,80,85,85,77,77,35,35,84,79,76,85,85,85,85,85,65,76,55,66,66,69,69,69,65,65,65,68,68,55,59,59,71,71,94,101,101,61,73],"gold":44,"neow_bonus":"BOSS_RELIC","is_daily":false,"chose_seed":false,"campfire_upgraded":4,"win_rate":0.0,"timestamp":1611166973,"path_taken":["M","?","?","?","PTL","PTL","$","E","?","E","T","R","?","?","E","M","R","BOSS","M","?","COS","M","?","E","R","E","T","E","?","M","M","?","PTL","PTL","R","BOSS","M","M","M","COS","?","R","E","?","T","E","R","M","M","E","R","BOSS","R","$","E","BOSS"],"items_purchased_type":["Relic","Relic","Relic"],"build_version":"2020-12-22","purchased_purges":3,"victory":true,"max_hp_per_floor":[66,66,66,66,66,66,66,71,71,71,71,71,74,74,74,77,77,80,80,83,83,86,89,89,93,93,98,98,100,100,102,104,104,104,104,104,106,80,82,84,86,89,89,89,93,93,93,95,95,97,99,101,101,101,101,101,101,103,103],"card_choices":[{"not_picked":["Bane","Slice"],"picked":"Poisoned Stab","floor":1.0},{"not_picked":["All Out Attack","ReplayTheSpireMod:Shiv Toss"],"picked":"PiercingWail","floor":4.0},{"not_picked":["Underhanded Strike","Bane","Heel Hook"],"picked":"SKIP","floor":8.0},{"not_picked":["Catalyst","Dodge and Roll","Draining Mist"],"picked":"SKIP","floor":10.0},{"not_picked":["Setup","Sneak Up","Atom Bomb"],"picked":"SKIP","floor":13.0},{"not_picked":["Sneak Up","Atom Bomb"],"picked":"Setup","floor":13.0},{"not_picked":["Die Die Die","Skewer","Dodge and Roll"],"picked":"SKIP","floor":15.0},{"not_picked":["Outmaneuver","Deflect","Deadly Poison"],"picked":"SKIP","floor":16.0},{"not_picked":["Deflect","Deadly Poison"],"picked":"Outmaneuver","floor":16.0},{"not_picked":["Malaise","REME_ShadowForm"],"picked":"REME_LeechingPoison","floor":18.0},{"not_picked":["Skewer","PiercingWail"],"picked":"Eviscerate","floor":20.0},{"not_picked":["REME_HeartOfCthun","REME_AllRoundStrike"],"picked":"Midas Touch","floor":22.0},{"not_picked":["Secret Weapon","vexMod:EmailVexCard"],"picked":"ReplayTheSpireMod:Brewmster","floor":22.0},{"not_picked":["Jack Of All Trades","REME_EyeOfCthun"],"picked":"REME_ProfessionalPlagiarism","floor":22.0},{"not_picked":["Catalyst+1","Deflect"],"picked":"Acrobatics","floor":23.0},{"not_picked":["Prepared","Quick Slash"],"picked":"ReplayTheSpireMod:Scrap Shanks","floor":25.0},{"not_picked":["Prepared","ReplayTheSpireMod:The Works","Blur"],"picked":"Singing Bowl","floor":27.0},{"not_picked":["Prepared","Sneak Up","Escape Plan"],"picked":"Singing Bowl","floor":29.0},{"not_picked":["Cloak And Dagger+1","Deadly Poison","ReplayTheSpireMod:Scrap Shanks"],"picked":"Singing Bowl","floor":31.0},{"not_picked":["Cloak And Dagger","Quick Slash","Heel Hook"],"picked":"Singing Bowl","floor":32.0},{"not_picked":["Malaise","Tools of the Trade","REME_SpectralBlade"],"picked":"Singing Bowl","floor":37.0},{"not_picked":["Deflect","Caltrops","Setup+1"],"picked":"Singing Bowl","floor":39.0},{"not_picked":["Setup+1","Dash","Acrobatics"],"picked":"Singing Bowl","floor":40.0},{"not_picked":["Expertise","Footwork","Outmaneuver"],"picked":"Singing Bowl","floor":41.0},{"not_picked":["Quick Slash+1","Bane+1","PiercingWail+1"],"picked":"Singing Bowl","floor":45.0},{"not_picked":["Leg Sweep","Reflex","Blade Dance+1"],"picked":"Singing Bowl","floor":45.0},{"not_picked":["Dagger Spray","Sneak Up","Deflect"],"picked":"Singing Bowl","floor":48.0},{"not_picked":["Poisoned Stab","Footwork","Bane"],"picked":"Singing Bowl","floor":50.0},{"not_picked":["Sneak Up","Slice+1","Dagger Throw+1"],"picked":"Singing Bowl","floor":51.0},{"not_picked":["Riddle With Holes","Endless Agony","Deflect"],"picked":"Singing Bowl","floor":52.0},{"not_picked":["ReplayTheSpireMod:Exploit Weakness","REME_CopyPotion","Underhanded Strike+1"],"picked":"Singing Bowl","floor":58.0}],"player_experience":699892,"relics_obtained":[{"floor":4.0,"key":"ReplayFunnel"},{"floor":8.0,"key":"vexMod:Dragonfruit"},{"floor":8.0,"key":"conspire:Flyswatter"},{"floor":10.0,"key":"Lizard Tail"},{"floor":10.0,"key":"Replay:Ringing Soul"},{"floor":11.0,"key":"InkBottle"},{"floor":13.0,"key":"Gremlin Food"},{"floor":13.0,"key":"vexMod:FocusSash"},{"floor":15.0,"key":"Lantern"},{"floor":15.0,"key":"conspire:Dentures"},{"floor":21.0,"key":"Ring of Peace"},{"floor":25.0,"key":"Singing Bowl"},{"floor":25.0,"key":"aspiration:ChemicalBlood"},{"floor":27.0,"key":"ReplayTheSpireMod:Shallot"},{"floor":27.0,"key":"Tiny Chest"},{"floor":28.0,"key":"ReplayTheSpireMod:TigerMarble"},{"floor":29.0,"key":"Meat on the Bone"},{"floor":29.0,"key":"War Paint"},{"floor":45.0,"key":"Replay:Mystery Machine"},{"floor":45.0,"key":"Blood Vial"},{"floor":47.0,"key":"Replay:Baseball"},{"floor":48.0,"key":"TungstenRod"},{"floor":48.0,"key":"aspiration:HiddenCompartment"},{"floor":52.0,"key":"Gremlin Horn"},{"floor":52.0,"key":"Eternal Feather"},{"floor":58.0,"key":"Anchor"},{"floor":58.0,"key":"Unceasing Top"}],"event_choices":[{"damage_healed":0.0,"max_hp_gain":0.0,"max_hp_loss":0.0,"gold_gain":0.0,"event_name":"conspire:Investor","player_choice":"Leave","floor":30.0,"gold_loss":0.0,"damage_taken":0.0}],"is_beta":false,"boss_relics":[{"not_picked":["vexMod:MegatonBomb","Busted Crown"],"picked":"Replay:Wanted Poster"},{"not_picked":["Replay:Bronze Core","aspiration:RitualDagger"],"picked":"Replay:Drink Me"}],"items_purged_floors":[12,36,53],"is_endless":false,"potions_floor_spawned":[1,10,15,16,23,29,31,40,41,45,51],"ascension_level":19}}