{"host":"szp1d6dso4pv7ddl","time":1611102984,"event":{"mods":["AchievementEnabler","Alarm Clock","BaseMod","Bestiary","Block Reminder","Colored Map","Colored Powertips","Curses Come First","Dark Map","Displayed Cursed Tome","Highlight Path","Minty Spire (QoL Compilation)","Permanent Neow","Quick Restart","Relic Sorter","Relic Stats","StSLib","Synergy Search"],"gold_per_floor":[10,10,10,185,33,33,49,49,49,49,73,73,98,142,142,142,142],"floor_reached":16,"language":"ENG","playtime":855,"items_purged":["Doubt"],"score":167,"play_id":"c337b3b6-2173-491f-96ba-e85b08927e31","local_time":"20210119163624","is_ascension_mode":true,"campfire_choices":[{"data":"Perfected Strike","floor":6,"key":"SMITH"},{"data":"Twin Strike","floor":8,"key":"SMITH"},{"data":"Bash","floor":10,"key":"SMITH"},{"data":"Shrug It Off","floor":15,"key":"SMITH"}],"circlet_count":0,"master_deck":["AscendersBane","Strike_R","Strike_R","Strike_R","Strike_R","Defend_R","Defend_R+1","Defend_R+1","Bash+1","Twin Strike+1","Injury","Perfected Strike+1","Shrug It Off","Shrug It Off+1"],"relics":["Burning Blood","Golden Idol","Meat on the Bone","Orichalcum","MealTicket"],"acts_visited":["Exordium"],"potions_floor_usage":[14,16],"damage_taken":[{"damage":8,"enemies":"Jaw Worm","floor":1,"turns":4},{"damage":6,"enemies":"Small Slimes","floor":7,"turns":2},{"damage":0,"enemies":"2 Louse","floor":11,"turns":2},{"damage":9,"enemies":"Red Slaver","floor":13,"turns":2},{"damage":14,"enemies":"3 Sentries","floor":14,"turns":7},{"damage":62,"enemies":"Hexaghost","floor":16,"turns":11}],"seed_played":"8107474039977838633","potions_obtained":[{"floor":7,"key":"LiquidMemories"},{"floor":11,"key":"SteroidPotion"}],"is_trial":false,"path_per_floor":["M","?","?","?","$","R","M","R","T","R","M","?","M","E","R","B"],"character_chosen":"IRONCLAD","items_purchased":["Perfected Strike","Shrug It Off"],"campfire_rested":0,"item_purchase_floors":[5,5],"current_hp_per_floor":[66,66,63,63,63,63,63,63,63,63,69,54,51,55,55,0,0],"gold":142,"neow_bonus":"REMOVE_TWO","is_daily":false,"chose_seed":false,"campfire_upgraded":4,"win_rate":0.0,"timestamp":1611102984,"path_taken":["M","?","?","?","$","R","M","R","T","R","M","?","?","E","R","BOSS"],"items_purchased_type":["Card","Card"],"build_version":"2020-12-22","purchased_purges":1,"victory":false,"max_hp_per_floor":[75,75,75,75,75,75,75,75,75,75,75,75,75,75,75,75,75],"relic_stats":{"counters":[6,28],"Golden Idol":22,"MealTicket":0,"Orichalcum":[30],"obtain_stats":[{"Golden Idol":2,"MealTicket":14,"Orichalcum":9,"Burning Blood":0,"Meat on the Bone":3},{"Golden Idol":1,"MealTicket":5,"Orichalcum":2,"Burning Blood":0,"Meat on the Bone":1},{"Golden Idol":4,"MealTicket":17,"Orichalcum":6,"Burning Blood":0,"Meat on the Bone":4}],"Burning Blood":30,"Meat on the Bone":12},"card_choices":[{"not_picked":["Shockwave","Heavy Blade"],"picked":"Twin Strike","floor":1},{"not_picked":["Pummel","Iron Wave","Power Through"],"picked":"SKIP","floor":7},{"not_picked":["Feel No Pain","Warcry","Carnage"],"picked":"SKIP","floor":11},{"not_picked":["Whirlwind","Sword Boomerang"],"picked":"Shrug It Off","floor":13},{"not_picked":["Thunderclap","Infernal Blade","Brutality"],"picked":"SKIP","floor":14}],"player_experience":1231011,"relics_obtained":[{"floor":9,"key":"Orichalcum"},{"floor":14,"key":"MealTicket"}],"event_choices":[{"damage_healed":0,"gold_gain":0,"player_choice":"Take Wound","damage_taken":0,"relics_obtained":["Golden Idol"],"max_hp_gain":0,"max_hp_loss":0,"event_name":"Golden Idol","floor":2,"gold_loss":0,"cards_obtained":["Injury"]},{"damage_healed":0,"gold_gain":0,"player_choice":"Success","damage_taken":3,"relics_obtained":["Meat on the Bone"],"max_hp_gain":0,"max_hp_loss":0,"event_name":"Scrap Ooze","floor":3,"gold_loss":0},{"damage_healed":0,"gold_gain":175,"player_choice":"AGREE","damage_taken":0,"max_hp_gain":0,"max_hp_loss":0,"event_name":"Liars Game","floor":4,"gold_loss":0,"cards_obtained":["Doubt"]},{"damage_healed":0,"gold_gain":0,"player_choice":"Entered Light","damage_taken":15,"max_hp_gain":0,"max_hp_loss":0,"event_name":"Shining Light","floor":12,"gold_loss":0,"cards_upgraded":["Defend_R","Defend_R"]}],"is_beta":false,"boss_relics":[],"items_purged_floors":[5],"is_endless":false,"potions_floor_spawned":[7,11,13],"killed_by":"Hexaghost","ascension_level":14}}