{"host":"1ecbliur7lfoj0sl","time":1611135845,"event":{"mods":["BaseMod","Downfall","Minty Spire (QoL Compilation)","StSLib","The Senshi","Waifu the Spire"],"gold_per_floor":[99,199,199,211,221,221,248,266,166,166,66,216,228,257,274,375,375,375,387,407,407,239,259,259,292,292,303,321,321,348,365,365,365,365],"floor_reached":32,"language":"ZHS","playtime":2218,"items_purged":["hexamod:Defend"],"score":296,"play_id":"706ae454-17fb-45b0-aebb-0f91ea786713","local_time":"20210120174405","is_ascension_mode":true,"campfire_choices":[{"data":"hexamod:TimeOfNeed","floor":1.0,"key":"SMITH"},{"data":"hexamod:GhostOfSpireFuture","floor":6.0,"key":"SMITH"},{"floor":9.0,"key":"RECALL"},{"data":"hexamod:Float","floor":11.0,"key":"SMITH"},{"data":"hexamod:Hexaguard","floor":18,"key":"SMITH"},{"data":"RitualDagger","floor":29,"key":"SMITH"}],"circlet_count":0,"master_deck":["hexamod:Strike","hexamod:Strike","hexamod:Defend","hexamod:Defend","hexamod:Sear+1","hexamod:Float+1","hexamod:TimeOfNeed+1","hexamod:PhantomFireball","hexamod:GhostOfSpireFuture+1","downfall:Icky","hexamod:GhostOfSpirePast","hexamod:Hexaguard+1","hexamod:TimeOfNeed","hexamod:SpectralAdrenaline+1","RitualDagger+1","hexamod:FastForward+1","hexamod:Haunt","hexamod:HeatMetal","hexamod:Haunt","hexamod:GhostOfSpireFuture","hexamod:FastForward","hexamod:ExtraCrispy+1","hexamod:Hexaguard","hexamod:FlamesFromBeyond"],"relics":["hexamod:SpiritBrand","downfall:HeartBlessingBlue","downfall:HeartBlessingRed","Centennial Puzzle","Black Star","Letter Opener","Eternal Feather","Regal Pillow","Unceasing Top","Anchor"],"acts_visited":["Exordium","TheCity"],"potions_floor_usage":[14,23,28,31],"damage_taken":[{"damage":0.0,"enemies":"2 Louse","floor":4.0,"turns":3.0},{"damage":1.0,"enemies":"Jaw Worm","floor":5.0,"turns":3.0},{"damage":0.0,"enemies":"Cultist","floor":8.0,"turns":4.0},{"damage":0.0,"enemies":"Large Slime","floor":13.0,"turns":6.0},{"damage":9,"enemies":"3 Sentries","floor":14,"turns":11},{"damage":0,"enemies":"2 Fungi Beasts","floor":15,"turns":3},{"damage":36,"enemies":"DF_ARCHETYPE_STREAMLINE","floor":16,"turns":11},{"damage":0,"enemies":"Chosen","floor":19,"turns":6},{"damage":5,"enemies":"Spheric Guardian","floor":20,"turns":5},{"damage":0,"enemies":"downfall:FleeingMerchant","floor":22,"turns":4},{"damage":17,"enemies":"Chosen and Byrds","floor":23,"turns":6},{"damage":28,"enemies":"Slavers","floor":25,"turns":4},{"damage":1,"enemies":"Centurion and Healer","floor":27,"turns":6},{"damage":2,"enemies":"Snecko","floor":28,"turns":6},{"damage":21,"enemies":"Gremlin Leader","floor":30,"turns":6},{"damage":7,"enemies":"Sentry and Sphere","floor":31,"turns":5},{"damage":6,"enemies":"Snake Plant","floor":32,"turns":1}],"seed_played":"5974033529265571271","potions_obtained":[{"floor":8.0,"key":"PowerPotion"},{"floor":14,"key":"Slimebound:ThreeZeroPotion"},{"floor":15,"key":"AttackPotion"},{"floor":23,"key":"Dexterity Potion"},{"floor":25,"key":"bronze:BurnAndBuffPotion"},{"floor":28,"key":"Fire Potion"}],"is_trial":false,"path_per_floor":["R","?","?","M","M","R","T","M","R","?","R","?","M","E","M","B",null,"R","M","M","?","$","M","T","E","?","M","M","R","E","M","M"],"character_chosen":"THE_SPIRIT","items_purchased":["hexamod:Haunt"],"campfire_rested":0,"item_purchase_floors":[22],"current_hp_per_floor":[49,49,49,49,48,48,48,48,58,58,58,58,58,49,49,13,80,80,80,75,69,69,52,52,24,24,23,21,33,12,5,0,0,0],"gold":365,"neow_bonus":"TRANSFORM_TWO_CARDS","is_daily":false,"chose_seed":false,"campfire_upgraded":5,"win_rate":0.0,"timestamp":1611135845,"path_taken":["R","?","?","?","M","R","T","M","R","?","R","?","M","E","M","BOSS","R","M","M","?","$","M","T","E","?","?","M","R","E","M","M"],"items_purchased_type":["Card"],"build_version":"2020-12-22","purchased_purges":1,"victory":false,"max_hp_per_floor":[70,70,70,70,70,70,70,70,80,80,80,80,80,80,80,80,80,80,80,80,80,80,80,80,80,80,80,80,80,80,80,80,80,80],"card_choices":[{"not_picked":["hexamod:BacktrackSmack","hexamod:SwordOfDarkness"],"picked":"hexamod:GhostOfSpireFuture","floor":4.0},{"not_picked":["hexamod:RetreatToShadows","hexamod:HauntingEcho","hexamod:SpectersWail"],"picked":"SKIP","floor":5.0},{"not_picked":["hexamod:BacktrackSmack","hexamod:InspiringFlames","hexamod:GhostShield"],"picked":"SKIP","floor":8.0},{"not_picked":["hexamod:HauntingEcho","hexamod:SwordOfDarkness","hexamod:Again"],"picked":"SKIP","floor":13.0},{"not_picked":["hexamod:FlameSwitch","hexamod:SpectersWail"],"picked":"hexamod:GhostOfSpirePast","floor":14},{"not_picked":["hexamod:BurningTouch","hexamod:SwordOfDarkness"],"picked":"hexamod:Hexaguard","floor":15},{"not_picked":["hexamod:VolcanoVisage","hexamod:SearingWound"],"picked":"hexamod:TimeOfNeed","floor":16},{"not_picked":["hexamod:AdvancingGuard","hexamod:GhostShield","hexamod:ShieldOfDarkness+1"],"picked":"SKIP","floor":19},{"not_picked":["hexamod:BurningTouch","hexamod:BacktrackSmack"],"picked":"hexamod:SpectralAdrenaline+1","floor":20},{"not_picked":["hexamod:GhostLash","hexamod:SwordOfDarkness"],"picked":"hexamod:FastForward+1","floor":22},{"not_picked":["hexamod:NightmareStrike","hexamod:ShieldOfDarkness"],"picked":"hexamod:HeatMetal","floor":23},{"not_picked":["hexamod:ChargedBarrage+1","hexamod:UnlimitedPower"],"picked":"hexamod:Haunt","floor":25},{"not_picked":["hexamod:AdvancingGuard+1","hexamod:GhostLash"],"picked":"hexamod:FastForward","floor":27},{"not_picked":["hexamod:ShieldOfDarkness+1","hexamod:GhostOfSpireFuture"],"picked":"hexamod:ExtraCrispy+1","floor":28},{"not_picked":["hexamod:NightmareGuise","hexamod:Incineration"],"picked":"hexamod:Hexaguard","floor":30},{"not_picked":["hexamod:Hexaguard","hexamod:ShieldOfDarkness+1"],"picked":"hexamod:FlamesFromBeyond","floor":31}],"player_experience":72536,"relics_obtained":[{"floor":14,"key":"Centennial Puzzle"},{"floor":24,"key":"Letter Opener"},{"floor":25,"key":"Eternal Feather"},{"floor":25,"key":"Regal Pillow"},{"floor":30,"key":"Unceasing Top"},{"floor":30,"key":"Anchor"}],"event_choices":[],"is_beta":false,"boss_relics":[{"not_picked":["Empty Cage","Cursed Key"],"picked":"Black Star"}],"items_purged_floors":[22],"is_endless":false,"potions_floor_spawned":[8,14,15,23,25,28],"killed_by":"Snake Plant","ascension_level":1}}