{"host":"rolltorest","time":1611116044,"event":{"mods":["BaseMod","Minty Spire (QoL Compilation)","Relic Stats","Slay the Relics Exporter","StSLib"],"gold_per_floor":[115,125,125,145,145,145,180,199,199,240,258,294,315,183,183,273,273,294,317,332,332,352,386,386,417,417,456,456,456,469,469,469,559,559,577,597,653,389,402,443,467,800,800,835,853,853,879,889,889,889,889,889],"floor_reached":51,"language":"ENG","playtime":2580,"items_purged":["Strike_B","Strike_B"],"score":1763,"play_id":"ee7a7036-3b53-4129-b7c9-435748d9f242","local_time":"20210119201404","is_ascension_mode":true,"campfire_choices":[{"data":"Sunder","floor":6,"key":"SMITH"},{"data":"Doom and Gloom","floor":15,"key":"SMITH"},{"floor":24,"key":"REST"},{"data":"Coolheaded","floor":28,"key":"SMITH"},{"data":"Seek","floor":32,"key":"SMITH"},{"floor":46,"key":"RECALL"},{"floor":49,"key":"REST"}],"circlet_count":0,"master_deck":["AscendersBane","Defend_B","Defend_B","Defend_B","Defend_B+1","Zap","Dualcast+1","Cold Snap","Ball Lightning","Sunder+1","Ball Lightning","Echo Form","Glacier","Reinforced Body","Doom and Gloom+1","Seek+1","Coolheaded+1","Compile Driver","Reinforced Body+1","Seek","Genetic Algorithm","Leap+1","Coolheaded","BootSequence","Echo Form","Glacier","Fusion","Glacier","Capacitor+1"],"relics":["Cracked Core","NeowsBlessing","DataDisk","Meat on the Bone","War Paint","Mercury Hourglass","Runic Dome","Orichalcum","Omamori","Cables","Pear","Ice Cream","Necronomicon","Snecko Eye","Torii","Runic Capacitor","Smiling Mask","Mango","Question Card","Oddly Smooth Stone"],"acts_visited":["Exordium","TheCity","TheBeyond"],"potions_floor_usage":[10,12,16,22,27,33,47,50,50],"damage_taken":[{"damage":0,"enemies":"Small Slimes","floor":1,"turns":1},{"damage":0,"enemies":"Cultist","floor":2,"turns":1},{"damage":0,"enemies":"2 Louse","floor":4,"turns":1},{"damage":41,"enemies":"3 Sentries","floor":7,"turns":8},{"damage":13,"enemies":"Exordium Thugs","floor":8,"turns":3},{"damage":12,"enemies":"Lagavulin","floor":10,"turns":6},{"damage":0,"enemies":"2 Fungi Beasts","floor":11,"turns":3},{"damage":1,"enemies":"3 Sentries","floor":12,"turns":4},{"damage":8,"enemies":"Blue Slaver","floor":13,"turns":3},{"damage":7,"enemies":"Hexaghost","floor":16,"turns":7},{"damage":14,"enemies":"2 Thieves","floor":18,"turns":4},{"damage":0,"enemies":"Chosen","floor":19,"turns":6},{"damage":4,"enemies":"Snake Plant","floor":20,"turns":5},{"damage":5,"enemies":"Shelled Parasite and Fungi","floor":22,"turns":5},{"damage":28,"enemies":"Slavers","floor":23,"turns":5},{"damage":8,"enemies":"Book of Stabbing","floor":25,"turns":4},{"damage":23,"enemies":"Slavers","floor":27,"turns":4},{"damage":0,"enemies":"3 Cultists","floor":30,"turns":4},{"damage":16,"enemies":"Automaton","floor":33,"turns":7},{"damage":0,"enemies":"3 Darklings","floor":35,"turns":3},{"damage":0,"enemies":"3 Shapes","floor":36,"turns":4},{"damage":19,"enemies":"2 Orb Walkers","floor":37,"turns":3},{"damage":0,"enemies":"Transient","floor":39,"turns":6},{"damage":0,"enemies":"Nemesis","floor":40,"turns":9},{"damage":0,"enemies":"Maw","floor":41,"turns":8},{"damage":0,"enemies":"Giant Head","floor":44,"turns":8},{"damage":8,"enemies":"4 Shapes","floor":45,"turns":5},{"damage":1,"enemies":"Reptomancer","floor":47,"turns":5},{"damage":17,"enemies":"3 Darklings","floor":48,"turns":3},{"damage":0,"enemies":"Awakened One","floor":50,"turns":14},{"damage":74,"enemies":"Time Eater","floor":51,"turns":18}],"seed_played":"3158815249877048585","potions_obtained":[{"floor":2,"key":"CultistPotion"},{"floor":4,"key":"Regen Potion"},{"floor":8,"key":"SkillPotion"},{"floor":11,"key":"Swift Potion"},{"floor":18,"key":"Energy Potion"},{"floor":22,"key":"Fire Potion"},{"floor":23,"key":"FocusPotion"},{"floor":30,"key":"ColorlessPotion"},{"floor":39,"key":"Dexterity Potion"},{"floor":41,"key":"PowerPotion"},{"floor":48,"key":"Block Potion"}],"is_trial":false,"path_per_floor":["M","M","?","M","?","R","E","M","T","E","M","E","M","$","R","B",null,"M","M","M","?","M","E","R","E","T","E","R","?","M","?","R","B",null,"M","M","?","$","M","E","M","?","T","E","M","R","E","M","R","B","B"],"character_chosen":"DEFECT","items_purchased":["FocusPotion","Runic Capacitor"],"campfire_rested":2,"item_purchase_floors":[14,38],"current_hp_per_floor":[64,64,64,64,64,64,23,22,22,22,34,33,37,37,37,42,59,45,45,41,41,36,20,39,43,43,42,42,42,42,21,21,17,60,60,60,41,41,41,41,41,41,55,55,47,47,46,41,67,67,0,0],"gold":889,"neow_bonus":"THREE_ENEMY_KILL","is_daily":false,"chose_seed":false,"campfire_upgraded":4,"win_rate":0.0,"timestamp":1611116044,"path_taken":["M","M","?","M","?","R","E","M","T","E","?","E","M","$","R","BOSS","M","M","M","?","M","E","R","E","T","E","R","?","?","?","R","BOSS","M","M","?","$","M","E","M","?","T","E","M","R","E","M","R","BOSS","BOSS"],"items_purchased_type":["Potion","Relic"],"build_version":"2020-12-18","purchased_purges":2,"victory":false,"max_hp_per_floor":[71,71,64,64,64,64,64,64,64,64,64,64,64,64,64,64,64,64,64,64,64,64,64,64,64,64,74,74,74,74,74,74,74,74,74,74,74,74,74,74,74,74,88,88,88,88,88,88,88,88,88,88],"relic_stats":{"Torii":0,"counters":[31,166],"Snecko Eye":[145,138,143,171],"Necronomicon":[35],"War Paint":["Dualcast","Defend_B"],"Orichalcum":[36],"Smiling Mask":0,"Question Card":3,"obtain_stats":[{"Ice Cream":29,"Pear":27,"NeowsBlessing":0,"Torii":37,"Golden Idol":3,"Oddly Smooth Stone":47,"Mango":43,"Omamori":25,"Runic Capacitor":38,"War Paint":10,"Orichalcum":23,"Smiling Mask":40,"Question Card":44,"Mercury Hourglass":12,"Cables":26,"Runic Dome":17,"DataDisk":5,"Snecko Eye":34,"Necronomicon":31,"Cracked Core":0,"Meat on the Bone":7},{"Ice Cream":17,"Pear":17,"NeowsBlessing":0,"Torii":22,"Golden Idol":2,"Oddly Smooth Stone":28,"Mango":25,"Omamori":16,"Runic Capacitor":22,"War Paint":6,"Orichalcum":15,"Smiling Mask":24,"Question Card":26,"Mercury Hourglass":8,"Cables":16,"Runic Dome":10,"DataDisk":3,"Snecko Eye":19,"Necronomicon":18,"Cracked Core":0,"Meat on the Bone":4},{"Ice Cream":70,"Pear":70,"NeowsBlessing":0,"Torii":91,"Golden Idol":2,"Oddly Smooth Stone":131,"Mango":114,"Omamori":66,"Runic Capacitor":91,"War Paint":20,"Orichalcum":62,"Smiling Mask":106,"Question Card":122,"Mercury Hourglass":27,"Cables":66,"Runic Dome":37,"DataDisk":3,"Snecko Eye":81,"Necronomicon":74,"Cracked Core":0,"Meat on the Bone":11}],"Meat on the Bone":120,"Mercury Hourglass":[553],"Cables":[89,29,55,5,0]},"card_choices":[{"not_picked":["Stack","Defragment"],"picked":"Cold Snap","floor":1},{"not_picked":["Barrage","Cold Snap"],"picked":"Ball Lightning","floor":2},{"not_picked":["Gash","Stack"],"picked":"Sunder","floor":4},{"not_picked":["Beam Cell","Sunder"],"picked":"Ball Lightning","floor":7},{"not_picked":["Fusion","Turbo"],"picked":"Echo Form","floor":8},{"not_picked":["Turbo","Conserve Battery"],"picked":"Glacier","floor":10},{"not_picked":["Turbo","Auto Shields"],"picked":"Reinforced Body","floor":11},{"not_picked":["Redo","Rebound","Beam Cell"],"picked":"SKIP","floor":12},{"not_picked":["Rainbow","Steam"],"picked":"Doom and Gloom","floor":13},{"not_picked":["Amplify","Reboot"],"picked":"Seek","floor":16},{"not_picked":["Loop","Heatsinks"],"picked":"Coolheaded","floor":18},{"not_picked":["Redo","Go for the Eyes"],"picked":"Compile Driver","floor":19},{"not_picked":["Beam Cell+1","Scrape"],"picked":"Reinforced Body+1","floor":20},{"not_picked":["Steam+1","Streamline"],"picked":"Leap+1","floor":22},{"not_picked":["Go for the Eyes","Cold Snap"],"picked":"Coolheaded","floor":23},{"not_picked":["Steam Power","Gash","Static Discharge"],"picked":"SKIP","floor":25},{"not_picked":["Rebound","Double Energy","Thunder Strike"],"picked":"SKIP","floor":27},{"not_picked":["Rebound","Scrape+1"],"picked":"BootSequence","floor":30},{"not_picked":["Hyperbeam","Thunder Strike"],"picked":"Echo Form","floor":33},{"not_picked":["Steam Power","Consume","Streamline"],"picked":"SKIP","floor":35},{"not_picked":["Static Discharge","Go for the Eyes","Stack"],"picked":"SKIP","floor":36},{"not_picked":["Go for the Eyes+1","Compile Driver+1"],"picked":"Glacier","floor":37},{"not_picked":["Chaos","Doom and Gloom","Go for the Eyes"],"picked":"SKIP","floor":39},{"not_picked":["Turbo","Redo+1"],"picked":"Fusion","floor":40},{"not_picked":["Gash","Conserve Battery"],"picked":"Glacier","floor":41},{"not_picked":["Reprogram","All For One","Go for the Eyes"],"picked":"SKIP","floor":44},{"not_picked":["BootSequence","Scrape+1","Barrage","Coolheaded"],"picked":"SKIP","floor":45},{"not_picked":["Fusion","Gash","Hyperbeam","Genetic Algorithm"],"picked":"SKIP","floor":47},{"not_picked":["BootSequence","Ball Lightning","Melter"],"picked":"Capacitor+1","floor":48}],"player_experience":1734840,"relics_obtained":[{"floor":7,"key":"Meat on the Bone"},{"floor":10,"key":"War Paint"},{"floor":12,"key":"Mercury Hourglass"},{"floor":23,"key":"Orichalcum"},{"floor":25,"key":"Omamori"},{"floor":26,"key":"Cables"},{"floor":27,"key":"Pear"},{"floor":31,"key":"Necronomicon"},{"floor":37,"key":"Torii"},{"floor":40,"key":"Smiling Mask"},{"floor":43,"key":"Mango"},{"floor":44,"key":"Question Card"},{"floor":47,"key":"Oddly Smooth Stone"}],"event_choices":[{"damage_healed":0,"gold_gain":0,"player_choice":"Lose Max HP","damage_taken":0,"relics_obtained":["Golden Idol"],"max_hp_gain":0,"max_hp_loss":7,"event_name":"Golden Idol","floor":3,"gold_loss":0},{"damage_healed":0,"gold_gain":0,"player_choice":"Gave Potion","damage_taken":0,"relics_obtained":["DataDisk"],"max_hp_gain":0,"max_hp_loss":0,"event_name":"WeMeetAgain","floor":5,"gold_loss":0},{"damage_healed":0,"gold_gain":0,"cards_transformed":["Strike_B","Strike_B"],"player_choice":"Became Test Subject","damage_taken":0,"max_hp_gain":0,"max_hp_loss":0,"event_name":"Drug Dealer","floor":21,"gold_loss":0,"cards_obtained":["Seek","Genetic Algorithm"]},{"damage_healed":0,"gold_gain":0,"player_choice":"Opened","damage_taken":0,"relics_obtained":["Ice Cream"],"max_hp_gain":0,"max_hp_loss":0,"event_name":"The Mausoleum","floor":29,"gold_loss":0,"cards_obtained":["Writhe"]},{"damage_healed":0,"gold_gain":0,"player_choice":"Obtained Book","damage_taken":21,"max_hp_gain":0,"max_hp_loss":0,"event_name":"Cursed Tome","floor":31,"gold_loss":0},{"damage_healed":0,"gold_gain":0,"player_choice":"Fight","damage_taken":0,"max_hp_gain":0,"max_hp_loss":0,"event_name":"Mysterious Sphere","floor":37,"gold_loss":0},{"damage_healed":0,"gold_gain":333,"player_choice":"Gave Idol","damage_taken":0,"max_hp_gain":0,"max_hp_loss":0,"event_name":"The Moai Head","floor":42,"relics_lost":["Golden Idol"],"gold_loss":0}],"is_beta":true,"boss_relics":[{"not_picked":["Astrolabe","Busted Crown"],"picked":"Runic Dome"},{"not_picked":["Fusion Hammer","Nuclear Battery"],"picked":"Snecko Eye"}],"items_purged_floors":[14,38],"is_endless":false,"potions_floor_spawned":[2,4,8,11,18,22,23,30,39,41,44,48],"killed_by":"Time Eater","ascension_level":20}}