{"host":"nbmmy2ys5j9alw05","time":1611103021,"event":{"mods":["AchievementEnabler","BaseMod","Bestiary","Better Vampires","Colored Map","Colored Powertips","Googly Eyes","Minty Spire (QoL Compilation)","Quick Restart","StSLib","The Hierophant","The IronCluck","everything is the same but u backflip on backflip"],"gold_per_floor":[118,134,152,7,7,7,27,61,86,46,36,36,36],"floor_reached":12,"language":"ENG","playtime":540,"items_purged":["Strike_G"],"score":120,"play_id":"f2c85134-065e-472e-a430-b9254ada605c","local_time":"20210119163701","is_ascension_mode":true,"campfire_choices":[{"data":"Footwork","floor":6,"key":"SMITH"}],"circlet_count":0,"master_deck":["AscendersBane","Strike_G","Strike_G","Strike_G","Defend_G","Defend_G","Defend_G","Defend_G","Defend_G","Survivor","Neutralize","Footwork","Deadly Poison","Sucker Punch","Footwork+1","Dagger Spray","After Image","Blur","Calculated Gamble"],"relics":["Ring of the Snake","NeowsBlessing","Blood Vial","Vajra"],"acts_visited":["Exordium"],"potions_floor_usage":[7,8],"damage_taken":[{"damage":0,"enemies":"Small Slimes","floor":1,"turns":1},{"damage":0,"enemies":"2 Louse","floor":2,"turns":1},{"damage":0,"enemies":"Cultist","floor":3,"turns":1},{"damage":24,"enemies":"Gremlin Gang","floor":7,"turns":10},{"damage":26,"enemies":"3 Sentries","floor":8,"turns":13},{"damage":7,"enemies":"Exordium Thugs","floor":11,"turns":4},{"damage":25,"enemies":"Gremlin Nob","floor":12,"turns":6}],"seed_played":"9067713640688662284","potions_obtained":[{"floor":1,"key":"Ancient Potion"},{"floor":7,"key":"Regen Potion"}],"is_trial":false,"path_per_floor":["M","M","M","$","?","R","M","E","T","$","M","E"],"character_chosen":"THE_SILENT","items_purchased":["Footwork","Blur"],"campfire_rested":0,"item_purchase_floors":[4,10],"current_hp_per_floor":[63,63,63,63,63,63,39,28,28,28,23,0,0],"gold":36,"neow_bonus":"THREE_ENEMY_KILL","is_daily":false,"chose_seed":false,"campfire_upgraded":1,"win_rate":0.0,"timestamp":1611103021,"path_taken":["M","M","M","$","?","R","M","E","T","$","M","E"],"items_purchased_type":["Card","Card"],"build_version":"2020-12-22","purchased_purges":1,"victory":false,"max_hp_per_floor":[70,70,70,70,70,70,70,70,70,70,70,70,70],"card_choices":[{"not_picked":["Prepared","Backflip"],"picked":"Footwork","floor":1},{"not_picked":["Poisoned Stab","Flechettes"],"picked":"Deadly Poison","floor":2},{"not_picked":["Dagger Spray","Deflect"],"picked":"Sucker Punch","floor":3},{"not_picked":["Flying Knee","PiercingWail"],"picked":"Dagger Spray","floor":7},{"not_picked":["Outmaneuver","Dodge and Roll"],"picked":"After Image","floor":8},{"not_picked":["Deflect","Quick Slash"],"picked":"Calculated Gamble","floor":11}],"player_experience":478311,"relics_obtained":[{"floor":8,"key":"Blood Vial"},{"floor":9,"key":"Vajra"}],"event_choices":[{"cards_removed":["Strike_G"],"damage_healed":0,"gold_gain":0,"player_choice":"Forget","damage_taken":0,"max_hp_gain":0,"max_hp_loss":0,"event_name":"Living Wall","floor":5,"gold_loss":0}],"is_beta":false,"boss_relics":[],"items_purged_floors":[4],"is_endless":false,"potions_floor_spawned":[1,7],"killed_by":"Gremlin Nob","ascension_level":10}}