{"host":"sav7uxregyirlf69","time":1611134070,"event":{"mods":["AchievementEnabler","BaseMod","Colored Map","DeckTracker","Keyboard Shortcuts","Minty Spire (QoL Compilation)","READ ME - Guardian Mod","StSLib","SuperFastMode"],"gold_per_floor":[113,113,188,203,213,213,227,227,227,245,245,130,164,164,164,164,164],"floor_reached":16,"language":"KOR","playtime":206,"items_purged":["Strike_G"],"score":250,"play_id":"5ed165b3-e486-4ad9-9c9d-4d869a296ac8","local_time":"20210120181430","is_ascension_mode":true,"campfire_choices":[{"floor":6,"key":"DIG"},{"floor":8,"key":"DIG"},{"data":"Tactician","floor":11,"key":"SMITH"},{"data":"Choke","floor":15,"key":"SMITH"}],"circlet_count":0,"master_deck":["AscendersBane","Strike_G","Strike_G","Strike_G","Strike_G","Defend_G","Defend_G","Defend_G","Defend_G","Defend_G","Survivor","Neutralize","Dagger Spray","Blade Dance","Tactician+1","Choke+1"],"relics":["Ring of the Snake","Shovel","Thread and Needle","Mango","Juzu Bracelet"],"acts_visited":["Exordium"],"potions_floor_usage":[13,13,16],"damage_taken":[{"damage":6,"enemies":"Small Slimes","floor":1,"turns":5},{"damage":2,"enemies":"Jaw Worm","floor":4,"turns":5},{"damage":1,"enemies":"Cultist","floor":5,"turns":3},{"damage":0,"enemies":"3 Louse","floor":7,"turns":2},{"damage":4,"enemies":"Lots of Slimes","floor":10,"turns":4},{"damage":0,"enemies":"Gremlin Nob","floor":13,"turns":2},{"damage":59,"enemies":"Slime Boss","floor":16,"turns":8}],"seed_played":"1072174783888432402","potions_obtained":[{"floor":1,"key":"FearPotion"},{"floor":5,"key":"CunningPotion"},{"floor":14,"key":"PowerPotion"},{"floor":14,"key":"Regen Potion"}],"is_trial":false,"path_per_floor":["M","?","?","M","M","R","M","R","T","M","R","$","E","?","R","B"],"character_chosen":"THE_SILENT","items_purchased":["Choke"],"campfire_rested":0,"item_purchase_floors":[12],"current_hp_per_floor":[53,53,42,40,39,39,39,53,53,49,49,49,49,49,49,0,0],"gold":164,"neow_bonus":"ONE_RARE_RELIC","is_daily":false,"chose_seed":false,"campfire_upgraded":2,"win_rate":0.0,"timestamp":1611134070,"path_taken":["M","?","?","?","M","R","M","R","T","?","R","$","E","?","R","BOSS"],"items_purchased_type":["Card"],"build_version":"2020-12-22","purchased_purges":1,"victory":false,"max_hp_per_floor":[60,60,60,60,60,60,60,74,74,74,74,74,74,74,74,74,74],"card_choices":[{"not_picked":["Masterful Stab","Slice"],"picked":"Dagger Spray","floor":1},{"not_picked":["Caltrops","Bane"],"picked":"Blade Dance","floor":4},{"not_picked":["Concentrate","Bane"],"picked":"Tactician","floor":5},{"not_picked":["Setup","Dagger Spray","Wraith Form v2"],"picked":"SKIP","floor":7},{"not_picked":["Catalyst","Finisher","Infinite Blades"],"picked":"SKIP","floor":10},{"not_picked":["Concentrate","Eviscerate","Deflect"],"picked":"SKIP","floor":13}],"player_experience":1327994,"relics_obtained":[{"floor":6,"key":"Thread and Needle"},{"floor":8,"key":"Mango"},{"floor":13,"key":"Juzu Bracelet"}],"event_choices":[{"damage_healed":0,"gold_gain":0,"player_choice":"Ignored","damage_taken":0,"max_hp_gain":0,"max_hp_loss":0,"event_name":"Liars Game","floor":2,"gold_loss":0},{"damage_healed":0,"gold_gain":75,"player_choice":"Gather Gold","damage_taken":11,"max_hp_gain":0,"max_hp_loss":0,"event_name":"World of Goop","floor":3,"gold_loss":0},{"damage_healed":0,"gold_gain":0,"player_choice":"Got Potions","damage_taken":0,"max_hp_gain":0,"max_hp_loss":0,"event_name":"Lab","floor":14,"gold_loss":0}],"is_beta":false,"boss_relics":[],"items_purged_floors":[12],"is_endless":false,"potions_floor_spawned":[1,5],"killed_by":"Slime Boss","ascension_level":20}}