{"host":"s8eu5oacnz2jj6un","time":1611108585,"event":{"mods":["AchievementEnabler","Act Like it!","Astrologer","BaseMod","Colored Powertips","KinomotoSakuraMod(????)","Lobotomy","Marisa????????","Minty Spire (QoL Compilation)","Remilia??????","Replay The Spire","Shop Mod","StSLib","The Senshi","The Servant 0.9.4","Yuri Mod"],"gold_per_floor":[114,114,28,28,28,59,72,72,72,97,116,149,149,7,7,112,112,130,149,122,139,139,139,168,183,183,283,65,65,81,81,81,186,186,206,206,256,267,375,401,414,427,427,439,464,476,96,107,107,107,107,107,34,62,62],"floor_reached":56,"language":"ENG","playtime":5958,"items_purged":["Normality","ReplayTheSpireMod:Splinters"],"score":1238,"play_id":"02ce4f74-81a9-4c71-8367-ef682ed55d12","local_time":"20210120030945","is_ascension_mode":false,"campfire_choices":[{"floor":13,"key":"RECALL"},{"floor":15,"key":"REST"},{"floor":23,"key":"REST"},{"data":"BestPractice","floor":32,"key":"SMITH"},{"floor":49,"key":"REST"},{"floor":52,"key":"REST"}],"circlet_count":0,"master_deck":["Strike_S","Strike_S","Strike_S","Strike_S","Defend_S","Defend_S","Defend_S","Defend_S","KidneyShot","Exchange","Ricochet","SilverBlades+1","Ricochet","BottledTime","Misdirection","Rearm","TrueSight","MurderousAura","MoonPhase","Revamp","Snipe","Foresight","Foresight","MurderousAura","GearUp+1","Contraction+1","SpecialFormula","InstantArmor+1","Ricochet+1","Collapse+1","Starlight","Contraction","BestPractice+1","Deny","GearUp","FastForward+1","SurpressingFire+1","SpecialFormula+1","Flash of Steel","Starlight+1","Mayhem","Collapse","Read","MoonPhase","Desolation","Desolation","ShatteredReality"],"relics":["SplendidAttire","Blue Doll","AntiCross","ReplayTheSpireMod:Ring of Exchange","ReplayTheSpireMod:TigerMarble","theSenshi:SailorFukuRelic","Juzu Bracelet","Torii","Matryoshka","Incense Burner","yuri:PortableGlitches","MealTicket","Fusion Hammer","PocketWatch","Nunchaku","Bottled Flame","Pen Nib","Regal Pillow","MawBank","Replay:Bottled Steam"],"acts_visited":["Exordium","TheCity","TheBeyond","TheEnding"],"potions_floor_usage":[16,24,27,27,33,50],"damage_taken":[{"damage":0,"enemies":"Small Slimes","floor":1,"turns":4},{"damage":30,"enemies":"Gremlin Nob","floor":6,"turns":4},{"damage":0,"enemies":"Jaw Worm","floor":7,"turns":2},{"damage":18,"enemies":"3 Sentries","floor":10,"turns":4},{"damage":0,"enemies":"2 Louse","floor":11,"turns":1},{"damage":8,"enemies":"Lagavulin","floor":12,"turns":5},{"damage":0,"enemies":"Slime Boss","floor":16,"turns":5},{"damage":9,"enemies":"3 Byrds","floor":18,"turns":4},{"damage":21,"enemies":"2 Thieves","floor":19,"turns":4},{"damage":0,"enemies":"Snake Plant","floor":21,"turns":1},{"damage":35,"enemies":"Slavers","floor":24,"turns":5},{"damage":0,"enemies":"Chosen and Byrds","floor":25,"turns":4},{"damage":0,"enemies":"Colosseum Slavers","floor":27,"turns":2},{"damage":4,"enemies":"Colosseum Nobs","floor":27,"turns":3},{"damage":1,"enemies":"Cultist and Chosen","floor":30,"turns":3},{"damage":33,"enemies":"Automaton","floor":33,"turns":8},{"damage":0,"enemies":"Orb Walker","floor":35,"turns":3},{"damage":0,"enemies":"Mind Bloom Boss Battle","floor":37,"turns":5},{"damage":9,"enemies":"3 Darklings","floor":38,"turns":3},{"damage":0,"enemies":"Giant Head","floor":40,"turns":6},{"damage":0,"enemies":"Transient","floor":41,"turns":5},{"damage":30,"enemies":"Writhing Mass","floor":42,"turns":5},{"damage":14,"enemies":"4 Shapes","floor":45,"turns":3},{"damage":0,"enemies":"3 Darklings","floor":48,"turns":1},{"damage":22,"enemies":"Time Eater","floor":50,"turns":7},{"damage":33,"enemies":"Shield and Spear","floor":54,"turns":4},{"damage":56,"enemies":"The Heart","floor":55,"turns":11}],"seed_played":"1983815121786949671","potions_obtained":[{"floor":10,"key":"Strength Potion"},{"floor":11,"key":"SpeedPotion"},{"floor":12,"key":"FearPotion"},{"floor":18,"key":"DuplicationPotion"},{"floor":19,"key":"FairyPotion"},{"floor":25,"key":"Block Potion"},{"floor":27,"key":"LiquidBronze"},{"floor":33,"key":"Dexterity Potion"},{"floor":35,"key":"Milkshake"},{"floor":38,"key":"PowerPotion"},{"floor":39,"key":"FairyPotion"},{"floor":54,"key":"Explosive Potion"}],"is_trial":false,"path_per_floor":["M","?","$","?","?","E","M","?","T","E","M","E","R","$","R","B",null,"M","M","$","M","?","R","E","M","T","?","$","?","M","?","R","B",null,"M","?","?","M","?","E","M","M","T","?","M","?","$","M","R","B",null,"R","$","E","B",null],"character_chosen":"THE_SERVANT","items_purchased":["SilverBlades","Ricochet","Snipe","Foresight","SpecialFormula","Contraction","MealTicket","Mayhem","Collapse","Read","MoonPhase","Desolation"],"campfire_rested":4,"item_purchase_floors":[3,3,14,14,20,28,28,47,47,47,53,53],"current_hp_per_floor":[65,62,62,62,62,32,32,32,32,14,14,6,6,6,25,25,65,56,35,35,35,35,54,24,29,29,30,30,30,29,50,50,22,65,65,65,65,56,56,56,61,39,39,39,33,33,48,48,65,56,65,65,65,32,14],"gold":62,"neow_bonus":"RANDOM_COMMON_RELIC","is_daily":false,"chose_seed":false,"campfire_upgraded":1,"win_rate":0.0,"timestamp":1611108585,"path_taken":["M","?","$","?","?","E","M","?","T","E","M","E","R","$","R","BOSS","M","M","$","M","?","R","E","M","T","?","$","?","M","?","R","BOSS","M","?","?","M","?","E","M","M","T","?","M","?","$","M","R","BOSS","R","$","E","BOSS"],"items_purchased_type":["Card","Card","Card","Card","Card","Card","Relic","Card","Card","Card","Card","Card"],"build_version":"2020-12-22","purchased_purges":2,"victory":true,"max_hp_per_floor":[65,65,65,65,65,65,65,65,65,65,65,65,65,65,65,65,65,65,65,65,65,65,65,65,65,65,65,65,65,65,65,65,65,65,65,65,65,65,65,65,65,65,65,65,65,65,65,65,65,65,65,65,65,65,65],"card_choices":[{"not_picked":["Defy","Potential"],"picked":"Ricochet","floor":1},{"not_picked":["ShatteredReality","Replace"],"picked":"BottledTime","floor":6},{"not_picked":["Comet","Replace"],"picked":"Misdirection","floor":7},{"not_picked":["Unruled","RealityMarble"],"picked":"MurderousAura","floor":10},{"not_picked":["Replace","DoubleEdge"],"picked":"MoonPhase","floor":11},{"not_picked":["BottledTime","Advance"],"picked":"Revamp","floor":12},{"not_picked":["LightFlow","Deny"],"picked":"MurderousAura","floor":16},{"not_picked":["DoubleEdge","FastForward+1"],"picked":"GearUp+1","floor":18},{"not_picked":["DoubleEdge+1","TimeWarp"],"picked":"Contraction+1","floor":19},{"not_picked":["Comet","Rewind"],"picked":"InstantArmor","floor":21},{"not_picked":["WasteNot","Spin"],"picked":"Ricochet+1","floor":24},{"not_picked":["Unruled","Replace"],"picked":"Collapse","floor":25},{"not_picked":["Defy","Ricochet+1"],"picked":"Starlight","floor":27},{"not_picked":["Manipulate","FastForward"],"picked":"BestPractice","floor":30},{"not_picked":["LightFlow","SoulSculpture"],"picked":"Deny","floor":33},{"not_picked":["Potential","Rewind"],"picked":"GearUp","floor":35},{"not_picked":["Unruled+1","WasteNot"],"picked":"FastForward+1","floor":37},{"not_picked":["Reset","Revamp+1"],"picked":"SurpressingFire+1","floor":38},{"not_picked":["Spin+1","Ricochet+1","Rewind"],"picked":"SKIP","floor":40},{"not_picked":["FastForward","Potential+1","Moondial+1"],"picked":"SKIP","floor":41},{"not_picked":["Rewind+1","Rearm+1"],"picked":"SpecialFormula+1","floor":42},{"not_picked":["Trip","Replay:Bootleg Shield Generator"],"picked":"Flash of Steel","floor":44},{"not_picked":["Manipulate","Deny"],"picked":"Starlight+1","floor":45},{"not_picked":["Alleviate+1","Unruled+1","ReturningBlade"],"picked":"SKIP","floor":48},{"not_picked":["DoubleEdge+1","Spin"],"picked":"ShatteredReality","floor":54}],"player_experience":724356,"relics_obtained":[{"floor":5,"key":"ReplayTheSpireMod:Ring of Exchange"},{"floor":6,"key":"ReplayTheSpireMod:TigerMarble"},{"floor":10,"key":"theSenshi:SailorFukuRelic"},{"floor":12,"key":"Juzu Bracelet"},{"floor":24,"key":"Torii"},{"floor":26,"key":"Matryoshka"},{"floor":27,"key":"Incense Burner"},{"floor":27,"key":"yuri:PortableGlitches"},{"floor":37,"key":"PocketWatch"},{"floor":39,"key":"Nunchaku"},{"floor":39,"key":"Bottled Flame"},{"floor":40,"key":"Pen Nib"},{"floor":43,"key":"Regal Pillow"},{"floor":43,"key":"MawBank"},{"floor":54,"key":"Replay:Bottled Steam"}],"event_choices":[{"damage_healed":0,"gold_gain":0,"player_choice":"Success","damage_taken":3,"relics_obtained":["AntiCross"],"max_hp_gain":0,"max_hp_loss":0,"event_name":"Scrap Ooze","floor":2,"gold_loss":0},{"damage_healed":0,"gold_gain":0,"player_choice":"Grow","damage_taken":0,"max_hp_gain":0,"max_hp_loss":0,"event_name":"Living Wall","floor":4,"gold_loss":0,"cards_upgraded":["SilverBlades"]},{"damage_healed":0,"gold_gain":0,"player_choice":"2 cards matched","damage_taken":0,"max_hp_gain":0,"max_hp_loss":0,"event_name":"Match and Keep!","floor":8,"gold_loss":0,"cards_obtained":["Rearm","TrueSight"]},{"damage_healed":0,"gold_gain":0,"player_choice":"Ignored","damage_taken":0,"max_hp_gain":0,"max_hp_loss":0,"event_name":"Ghosts","floor":22,"gold_loss":0},{"damage_healed":0,"gold_gain":0,"player_choice":"Fight","damage_taken":0,"max_hp_gain":0,"max_hp_loss":0,"event_name":"Colosseum","floor":27,"gold_loss":0},{"damage_healed":0,"gold_gain":0,"player_choice":"Fought Nobs","damage_taken":0,"max_hp_gain":0,"max_hp_loss":0,"event_name":"Colosseum","floor":27,"gold_loss":0},{"damage_healed":0,"gold_gain":0,"player_choice":"Upgraded","damage_taken":0,"max_hp_gain":0,"max_hp_loss":0,"event_name":"Upgrade Shrine","floor":29,"gold_loss":0,"cards_upgraded":["Collapse"]},{"damage_healed":21,"gold_gain":0,"player_choice":"Heal","damage_taken":0,"max_hp_gain":0,"max_hp_loss":0,"event_name":"The Library","floor":31,"gold_loss":0},{"damage_healed":0,"gold_gain":0,"player_choice":"Ignored","damage_taken":0,"max_hp_gain":0,"max_hp_loss":0,"event_name":"Mysterious Sphere","floor":36,"gold_loss":0},{"damage_healed":0,"gold_gain":0,"player_choice":"Fight","damage_taken":0,"max_hp_gain":0,"max_hp_loss":0,"event_name":"MindBloom","floor":37,"gold_loss":0},{"damage_healed":0,"gold_gain":0,"player_choice":"Memory 1","damage_taken":0,"max_hp_gain":0,"max_hp_loss":0,"event_name":"SensoryStone","floor":44,"gold_loss":0},{"damage_healed":0,"gold_gain":0,"player_choice":"Forge","damage_taken":0,"max_hp_gain":0,"max_hp_loss":0,"event_name":"Accursed Blacksmith","floor":46,"gold_loss":0,"cards_upgraded":["InstantArmor"]}],"is_beta":false,"boss_relics":[{"not_picked":["Strange Spoon","Runic Pyramid"],"picked":"SplendidAttire"},{"not_picked":["ReplayTheSpireMod:CursedCoin","Cursed Key"],"picked":"Fusion Hammer"}],"items_purged_floors":[14,47],"is_endless":false,"potions_floor_spawned":[10,11,12,18,19,25,27,33,35,38,40,41,42,54],"ascension_level":0}}