{"host":"9slw7l0ws16384qq","time":1611172317,"event":{"mods":["A Penny For Your Troubles","BaseMod","Clockwork Mod","Colored Map","Evolution","Hubris","Minty Spire (QoL Compilation)","Replay The Spire","Shedinja","StS++","StSLib","The Dragon Tamer","The Marked"],"gold_per_floor":[109,34,34,34,45,45,60,60,84,84,95,95,107,107,107,205,205,220,145,227,227,25,50,25,38,38,38,58,58,68,29,29,29,29],"floor_reached":33,"language":"FRA","playtime":937,"items_purged":["Strike_G","Strike_G"],"score":253,"play_id":"da932e04-6af4-45e3-9631-5646744ed112","local_time":"20210120205157","is_ascension_mode":false,"campfire_choices":[{"data":"Shedinja:AerialAce","floor":6,"key":"SMITH"},{"data":"Pot Of Greed","floor":10,"key":"SMITH"},{"data":"Neutralize","floor":12,"key":"SMITH"},{"data":"Pot Of Greed","floor":15,"key":"SMITH"},{"data":"Poisoned Stab","floor":27,"key":"SMITH"},{"data":"ReplayTheSpireMod:From All Sides","floor":32,"key":"SMITH"}],"circlet_count":0,"master_deck":["Strike_G","Strike_G","Strike_G","Defend_G","Defend_G","Defend_G","Survivor","Neutralize+1","AbeCurse","Poisoned Stab+1","Shedinja:AerialAce+1","Heel Hook","Pot Of Greed+1","Pot Of Greed+1","StSpp:AbandonFlesh","ReplayTheSpireMod:From All Sides+1","Poisoned Stab+1","Heel Hook"],"relics":["EVO:Axolotl","Abe\u0027s Treasure","Shedinja:EnergyLoss","Grinning Jar","Philosopher\u0027s Stone","Shuriken","Membership Card","Onion Ring","Replay:Mystery Machine"],"acts_visited":["Exordium","TheCity"],"potions_floor_usage":[23,23,23],"damage_taken":[{"damage":1,"enemies":"Small Slimes","floor":1,"turns":4},{"damage":0,"enemies":"2 Louse","floor":5,"turns":2},{"damage":0,"enemies":"Jaw Worm","floor":7,"turns":3},{"damage":0,"enemies":"3 Louse","floor":11,"turns":3},{"damage":4,"enemies":"Exordium Thugs","floor":13,"turns":4},{"damage":20,"enemies":"Hexaghost","floor":16,"turns":9},{"damage":0,"enemies":"3 Byrds","floor":18,"turns":5},{"damage":27,"enemies":"Slavers","floor":23,"turns":5},{"damage":0,"enemies":"Chosen","floor":25,"turns":3},{"damage":1,"enemies":"Snecko","floor":28,"turns":3},{"damage":6,"enemies":"Centurion and Healer","floor":30,"turns":4},{"damage":35,"enemies":"Collector","floor":33,"turns":5}],"seed_played":"-676780778356531643","potions_obtained":[{"floor":7,"key":"SkillPotion"},{"floor":11,"key":"DistilledChaos"},{"floor":13,"key":"Reflective Coating"},{"floor":16,"key":"Dexterity Potion"},{"floor":25,"key":"StSpp:ScatteredWeakPotion"}],"is_trial":false,"path_per_floor":["M","$","?","?","M","R","M","$","T","R","M","R","M","?","R_BF","B",null,"M","?","T","?","$","E","$","M","T","R","M","$","M","$","R","B"],"character_chosen":"THE_SILENT","items_purchased":["Membership Card","Poisoned Stab","Heel Hook"],"campfire_rested":0,"item_purchase_floors":[22,24,31],"current_hp_per_floor":[69,69,69,69,69,69,69,69,69,69,69,69,65,65,65,45,70,70,70,70,57,57,30,30,30,30,30,29,29,23,23,23,0,0],"gold":29,"neow_bonus":"BOSS_RELIC","is_daily":false,"chose_seed":false,"campfire_upgraded":6,"win_rate":0.0,"timestamp":1611172317,"path_taken":["M","$","?","?","M","R","M","$","T","R","?","R","M","?","R_BF","BOSS","M","?","?","?","$","E","?","M","T","R","?","$","M","?","R","BOSS"],"items_purchased_type":["Relic","Card","Card"],"build_version":"2020-12-22","purchased_purges":2,"victory":false,"max_hp_per_floor":[70,70,70,70,70,70,70,70,70,70,70,70,70,70,70,70,70,70,70,70,75,75,75,75,75,75,75,75,75,75,75,75,75,75],"card_choices":[{"not_picked":["Flying Knee","Prepared"],"picked":"Poisoned Stab","floor":1},{"not_picked":["StSpp:Throw","Quick Slash","StSpp:Dive"],"picked":"SKIP","floor":5},{"not_picked":["StSpp:Dive","Heel Hook","StSpp:Anticipation"],"picked":"SKIP","floor":7},{"not_picked":["StSpp:Dive","StSpp:Anticipation"],"picked":"Heel Hook","floor":7},{"not_picked":["Dagger Throw","Deflect","Sucker Punch"],"picked":"SKIP","floor":11},{"not_picked":["Flying Knee","StSpp:Throw","Acrobatics"],"picked":"SKIP","floor":13},{"not_picked":["Grand Finale","Glass Knife"],"picked":"StSpp:AbandonFlesh","floor":16},{"not_picked":["Flechettes","StSpp:StrikeFirst","Acrobatics"],"picked":"SKIP","floor":18},{"not_picked":["hubris:TrickCloak","Deflect"],"picked":"ReplayTheSpireMod:From All Sides","floor":23},{"not_picked":["Underhanded Strike","Sucker Punch","hubris:Counter+1"],"picked":"SKIP","floor":25},{"not_picked":["Calculated Gamble","Backstab","Blade Dance+1"],"picked":"SKIP","floor":28},{"not_picked":["Sucker Punch","Corpse Explosion","Acrobatics+1"],"picked":"SKIP","floor":30}],"player_experience":1747067,"relics_obtained":[{"floor":9,"key":"Grinning Jar"},{"floor":20,"key":"Shuriken"},{"floor":23,"key":"Onion Ring"},{"floor":26,"key":"Replay:Mystery Machine"}],"event_choices":[{"cards_removed":["Defend_G"],"damage_healed":0,"gold_gain":0,"player_choice":"Gave Gold","damage_taken":0,"max_hp_gain":0,"max_hp_loss":0,"event_name":"Beggar","floor":19,"gold_loss":75},{"damage_healed":0,"gold_gain":0,"player_choice":"Shed Blood","damage_taken":18,"max_hp_gain":5,"max_hp_loss":0,"event_name":"Forgotten Altar","floor":21,"gold_loss":0}],"is_beta":false,"boss_relics":[{"not_picked":["Painkiller Herb","hubris:Stopwatch"],"picked":"Philosopher\u0027s Stone"}],"items_purged_floors":[2,22],"is_endless":false,"potions_floor_spawned":[7,11,13,16,25],"killed_by":"Collector","ascension_level":0}}