{"host":"cxvb37eaaiijvrl4","time":1611110863,"event":{"mods":["ATMod(阿瑾Mod)","BaseMod","Better Third Choice","Minty Spire (QoL Compilation)","MostiFishMod","Quick Restart","Rare Cards Sparkle","Shop Mod","Spicy Shops","StSLib","TestMod","Uncapped","残留之物"],"gold_per_floor":[113,113,127,127,9,39,55,67,67,67,100,100,115,133,133,204,204,224,235,155,155,175,175,225,225,248,248,248,280,280,314,314,386,386,396,396,233,633,646,646,666,693,693,718,718,718,718,737,737,737,737,737,737,158,187,187],"floor_reached":57,"language":"ZHS","playtime":1673,"items_purged":["Strike_G","AT_WomanClash","Dodge and Roll+1","AT_TinkerSharpsword+1"],"score":3337,"play_id":"a5b89e11-9e95-4354-9622-a26f9f0dd14c","local_time":"20210119184743","is_ascension_mode":true,"campfire_choices":[{"data":"AT_Desolate","floor":12.0,"key":"SMITH"},{"data":"AT_TinkerSharpsword","floor":15.0,"key":"SMITH"},{"data":"MostiFishMod:GrandStart","floor":23.0,"key":"SMITH"},{"data":"MostiFishMod:FullyArmed","floor":25.0,"key":"SMITH"},{"data":"MostiFishMod:Neurotoxin","floor":28.0,"key":"SMITH"},{"data":"Envenom","floor":32.0,"key":"SMITH"},{"data":"AT_FocusSwordFire","floor":40.0,"key":"SMITH"},{"data":"Backflip","floor":47.0,"key":"SMITH"},{"floor":49.0,"key":"RECALL"},{"data":"Prepared","floor":53.0,"key":"SMITH"}],"circlet_count":0,"master_deck":["AscendersBane","Survivor+1","Neutralize+1","MostiFishMod:SephirahHod+1","AT_WindFlip+1","Tactician+1","AT_Desolate+1","Acrobatics+1","MostiFishMod:Dislodge+1","Backflip+1","Crippling Poison+1","MostiFishMod:GrandStart+1","Leg Sweep+1","Envenom+1","Crippling Poison+1","Night Terror+1","MostiFishMod:Neurotoxin+1","Blade Dance+1","Ghostly+1","Ghostly+1","Ghostly+1","Adrenaline+1","Acrobatics+1","AT_FocusSwordFire+1","Backflip+1","Prepared+1","AT_ArcaneSupremacy"],"relics":["Ring of the Snake","DaveBox","AT_ATBox","MostiFishMod:Hod","testmod-TurbochargingSystem","NeowsBlessing","SynthV:TestCard","Matryoshka","Tiny Chest","The Courier","testmod-ObsoleteBoomerang","Pandora\u0027s Box","AT_ImmortalShieldbow","Toy Ornithopter","SynthV:C4","Paper Crane","testmod-Déjàvu","ShadowXiaoBlade","Mark of the Bloom","Sling","Bottled Flame","AT_BellowingDragoncrestRing","Bottled Tornado","Lee\u0027s Waffle","Bag of Preparation","testmod-LifeArmor"],"acts_visited":["Exordium","TheCity","TheBeyond","TheEnding"],"potions_floor_usage":[56,56,56,56,56,56],"damage_taken":[{"damage":0.0,"enemies":"Cultist","floor":1.0,"turns":1.0},{"damage":0.0,"enemies":"Small Slimes","floor":3.0,"turns":1.0},{"damage":0.0,"enemies":"Lagavulin","floor":6.0,"turns":3.0},{"damage":0.0,"enemies":"2 Louse","floor":7.0,"turns":2.0},{"damage":0.0,"enemies":"Large Slime","floor":8.0,"turns":3.0},{"damage":0.0,"enemies":"3 Sentries","floor":11.0,"turns":3.0},{"damage":3.0,"enemies":"Looter","floor":13.0,"turns":2.0},{"damage":0.0,"enemies":"Exordium Wildlife","floor":14.0,"turns":2.0},{"damage":3.0,"enemies":"The Guardian","floor":16.0,"turns":6.0},{"damage":0.0,"enemies":"3 Byrds","floor":18.0,"turns":2.0},{"damage":0.0,"enemies":"2 Thieves","floor":19.0,"turns":1.0},{"damage":0.0,"enemies":"Shelled Parasite and Fungi","floor":22.0,"turns":1.0},{"damage":0.0,"enemies":"Book of Stabbing","floor":29.0,"turns":2.0},{"damage":0.0,"enemies":"Slavers","floor":31.0,"turns":1.0},{"damage":0.0,"enemies":"Automaton","floor":33.0,"turns":4.0},{"damage":0.0,"enemies":"3 Shapes","floor":35.0,"turns":1.0},{"damage":0.0,"enemies":"3 Darklings","floor":39.0,"turns":1.0},{"damage":0.0,"enemies":"Spire Growth","floor":41.0,"turns":1.0},{"damage":0.0,"enemies":"Nemesis","floor":42.0,"turns":2.0},{"damage":2.0,"enemies":"Giant Head","floor":44.0,"turns":5.0},{"damage":2.0,"enemies":"Writhing Mass","floor":48.0,"turns":2.0},{"damage":4.0,"enemies":"Awakened One","floor":50.0,"turns":3.0},{"damage":0.0,"enemies":"Time Eater","floor":51.0,"turns":5.0},{"damage":0,"enemies":"Shield and Spear","floor":55,"turns":1},{"damage":3,"enemies":"The Heart","floor":56,"turns":1}],"seed_played":"1874965432021281354","potions_obtained":[{"floor":1.0,"key":"Strength Potion"},{"floor":6.0,"key":"Block Potion"},{"floor":22.0,"key":"PowerPotion"},{"floor":31.0,"key":"testmod-EscapePotion"},{"floor":33.0,"key":"LiquidMemories"},{"floor":35.0,"key":"Weak Potion"}],"is_trial":false,"path_per_floor":["M","?","M","?","$","E","M","M","T","$","E","R","M","M","R","B",null,"M","M","$","?","M","R","?","R","T","?","R","E","T","E","R","B",null,"M","?","$","?","M","R","M","E","T","E","?","T","R","M","R","B","B",null,"R","$","E","B",null],"character_chosen":"THE_SILENT","items_purchased":["AT_Desolate","Sling","EntropicBrew","AT_ArcaneSupremacy","Lee\u0027s Waffle","Bag of Preparation"],"campfire_rested":0,"item_purchase_floors":[5,37,54,54,54,54],"current_hp_per_floor":[59,59,59,59,59,59,59,59,59,59,59,59,56,56,56,53,63,63,63,63,33,33,33,33,33,33,26,26,31,31,31,31,31,36,36,36,36,36,36,36,36,36,36,34,34,34,34,32,32,28,28,28,28,28,28,25],"gold":187,"neow_bonus":"THREE_ENEMY_KILL","is_daily":false,"chose_seed":false,"campfire_upgraded":9,"win_rate":0.0,"timestamp":1611110863,"path_taken":["M","?","M","?","$","E","?","M","T","$","E","R","M","M","R","BOSS","M","M","$","?","M","R","?","R","T","?","R","E","?","E","R","BOSS","M","?","$","?","M","R","M","E","T","E","?","?","R","M","R","BOSS","BOSS","R","$","E","BOSS"],"items_purchased_type":["Card","Relic","Potion","Card","Relic","Relic"],"build_version":"2020-12-22","purchased_purges":4,"victory":true,"max_hp_per_floor":[66,66,66,66,66,66,66,66,66,66,66,66,66,66,66,66,66,66,66,66,33,33,33,33,33,33,38,38,38,38,38,38,38,38,38,38,38,38,38,38,38,38,38,38,38,38,38,38,38,38,38,38,38,45,45,45],"card_choices":[{"not_picked":["Predator","Dodge and Roll"],"picked":"AT_WindFlip","floor":1.0},{"not_picked":["Terror","Deadly Poison","Dagger Throw","Blade Dance"],"picked":"Tactician","floor":3.0},{"not_picked":["Sucker Punch","Endless Agony","Dagger Throw","Escape Plan"],"picked":"Acrobatics","floor":6.0},{"not_picked":["Flying Knee","Cloak And Dagger","AT_ShadowStep","Dagger Spray","Heel Hook"],"picked":"SKIP","floor":7.0},{"not_picked":["Sucker Punch","AT_TwilightShroud","MostiFishMod:FrostNova","Masterful Stab"],"picked":"MostiFishMod:Dislodge","floor":8.0},{"not_picked":["Sucker Punch","Outmaneuver","Dagger Throw","All Out Attack"],"picked":"AT_TinkerSharpsword","floor":11.0},{"not_picked":["Quick Slash","Blur","Dash","Outmaneuver"],"picked":"Backflip","floor":13.0},{"not_picked":["Heel Hook","Glass Knife","Acrobatics","Sucker Punch","AT_WindFlip"],"picked":"SKIP","floor":14.0},{"not_picked":["Doppelganger","MostiFishMod:Wind","Venomology","Bullet Time"],"picked":"MostiFishMod:FullyArmed","floor":16.0},{"not_picked":["Slice+1","Deadly Poison","Sucker Punch+1","Dagger Spray","Flying Knee"],"picked":"SKIP","floor":18.0},{"not_picked":["Bane","Outmaneuver","MostiFishMod:PreservedThorns","Night Terror"],"picked":"Blade Dance","floor":19.0},{"not_picked":["Infinite Blades","Eviscerate","Blade Dance","Outmaneuver","MostiFishMod:ThornCasing"],"picked":"SKIP","floor":22.0},{"not_picked":["Dodge and Roll","Dagger Spray","Cloak And Dagger","AT_MyraUnstableElement","Eviscerate+1"],"picked":"SKIP","floor":29.0},{"not_picked":["Outmaneuver","Finisher","Eviscerate","AT_TinkerSharpsword","AT_WomanClash"],"picked":"SKIP","floor":31.0},{"not_picked":["MostiFishMod:Confrontation","Storm of Steel","Burst","Envenom"],"picked":"Adrenaline","floor":33.0},{"not_picked":["Dash+1","Backflip","Dagger Spray","AT_WindFlip"],"picked":"Acrobatics","floor":35.0},{"not_picked":["Backflip","AT_WindFlip+1","MostiFishMod:PerfectParry","Acrobatics+1"],"picked":"AT_FocusSwordFire","floor":39.0},{"not_picked":["Deflect","Distraction","Outmaneuver+1","Deadly Poison+1","Underhanded Strike"],"picked":"SKIP","floor":41.0},{"not_picked":["Skewer+1","Predator","MostiFishMod:AdrenalineArouse","Acrobatics"],"picked":"Backflip","floor":42.0},{"not_picked":["AT_WomanClash+1","Dodge and Roll","Flying Knee","Dagger Throw","Cloak And Dagger"],"picked":"SKIP","floor":44.0},{"not_picked":["Flying Knee","Tactician","Envenom","Dodge and Roll"],"picked":"Prepared","floor":48.0},{"not_picked":["Sucker Punch","Flying Knee+1","Bane+1","Bouncing Flask+1","Backflip"],"picked":"SKIP","floor":55}],"player_experience":696602,"relics_obtained":[{"floor":1.0,"key":"SynthV:TestCard"},{"floor":6.0,"key":"Matryoshka"},{"floor":9.0,"key":"Tiny Chest"},{"floor":9.0,"key":"The Courier"},{"floor":11.0,"key":"testmod-ObsoleteBoomerang"},{"floor":26.0,"key":"AT_ImmortalShieldbow"},{"floor":26.0,"key":"Toy Ornithopter"},{"floor":29.0,"key":"SynthV:C4"},{"floor":30.0,"key":"Paper Crane"},{"floor":31.0,"key":"testmod-Déjàvu"},{"floor":42.0,"key":"Bottled Flame"},{"floor":43.0,"key":"AT_BellowingDragoncrestRing"},{"floor":44.0,"key":"Bottled Tornado"},{"floor":55,"key":"testmod-LifeArmor"}],"event_choices":[{"damage_healed":0.0,"max_hp_gain":0.0,"max_hp_loss":0.0,"gold_gain":0.0,"event_name":"betterThird:BetterSerpent","player_choice":"Ignored","floor":2.0,"gold_loss":0.0,"damage_taken":113.0},{"damage_healed":0.0,"max_hp_gain":0.0,"max_hp_loss":0.0,"gold_gain":0.0,"event_name":"Upgrade Shrine","player_choice":"Upgraded","floor":4.0,"gold_loss":0.0,"damage_taken":0.0,"cards_upgraded":["MostiFishMod:SephirahHod"]},{"damage_healed":0.0,"max_hp_gain":0.0,"max_hp_loss":33.0,"gold_gain":0.0,"event_name":"Ghosts","player_choice":"Became a Ghost","floor":21.0,"gold_loss":0.0,"damage_taken":0.0,"cards_obtained":["Ghostly","Ghostly","Ghostly"]},{"damage_healed":0.0,"max_hp_gain":0.0,"max_hp_loss":0.0,"gold_gain":50.0,"event_name":"betterThird:BetterNest","player_choice":"Steal","floor":24.0,"gold_loss":0.0,"damage_taken":0.0},{"damage_healed":0.0,"max_hp_gain":5.0,"max_hp_loss":0.0,"gold_gain":0.0,"event_name":"Forgotten Altar","player_choice":"Shed Blood","floor":27.0,"gold_loss":0.0,"damage_taken":12.0},{"damage_healed":0.0,"max_hp_gain":0.0,"max_hp_loss":0.0,"gold_gain":0.0,"event_name":"MindBloom","player_choice":"Upgrade","floor":36.0,"gold_loss":0.0,"damage_taken":0.0,"cards_upgraded":["Survivor","Neutralize","AT_TinkerSharpsword","AT_WindFlip","Tactician","Acrobatics","MostiFishMod:Dislodge","Backflip","Crippling Poison","Leg Sweep","Crippling Poison","Dodge and Roll","Night Terror","Blade Dance","Ghostly","Ghostly","Ghostly","Adrenaline","Acrobatics"],"relics_obtained":["Mark of the Bloom"]},{"damage_healed":0.0,"max_hp_gain":0.0,"max_hp_loss":0.0,"gold_gain":400.0,"event_name":"恩洛斯的盘子","player_choice":"Sell","floor":38.0,"relics_lost":["testmod-TestBox"],"gold_loss":0.0,"damage_taken":0.0},{"cards_removed":["AT_TinkerSharpsword"],"damage_healed":0.0,"max_hp_gain":0.0,"max_hp_loss":0.0,"gold_gain":0.0,"event_name":"Falling","player_choice":"Removed Skill","floor":45.0,"gold_loss":0.0,"damage_taken":0.0}],"is_beta":false,"boss_relics":[{"not_picked":["testmod-SaigiyounoYou","testmod-CardMagician"],"picked":"Pandora\u0027s Box"},{"not_picked":["Calling Bell","xbg"],"picked":"ShadowXiaoBlade"}],"items_purged_floors":[5,20,37,54],"is_endless":false,"potions_floor_spawned":[1,6,16,22,31,33,35,39],"ascension_level":20}}