{"host":"e8rlfedn69rz2s07","time":1611104506,"event":{"mods":["Act Like it!","BaseMod","Conspire","Hubris","Infinite Spire","Minty Spire (QoL Compilation)","Permanent Neow","Relic Stats","Replay The Spire","Shop Mod","StSLib","The Jungle"],"gold_per_floor":[117,132,142,142,162,193,205,231,231,244,244,255,255,269,269,346,346,296,296,133,151,151,178,178,196,196,196,225,239,239,255,255,332,332,352,370,320,165,183,232,232,240,240],"floor_reached":42,"language":"ENG","playtime":2969,"items_purged":["ReplayTheSpireMod:Restless Dread","Sickly"],"score":1089,"play_id":"51555e35-cb00-4c91-b72c-c812dcf25f5f","local_time":"20210120030146","is_ascension_mode":true,"campfire_choices":[{"floor":11,"key":"REST"},{"data":"Footwork","floor":13,"key":"SMITH"},{"data":"Replay:Poison Smokescreen","floor":15,"key":"SMITH"},{"floor":24,"key":"REST"},{"floor":32,"key":"REST"},{"floor":41,"key":"REST"}],"circlet_count":0,"master_deck":["AscendersBane","Strike_G","Strike_G","Strike_G","Strike_G","Strike_G","Defend_G","Defend_G","Defend_G","Defend_G","Defend_G","Survivor","Neutralize","Flying Knee","Footwork+1","Deadly Poison","Sucker Punch","Blur","Poisoned Stab","Dagger Spray","Bouncing Flask","PiercingWail","Replay:Poison Smokescreen+1","Malaise","Backflip","infinitespire:SevenWalls+1","Noxious Fumes","Noxious Fumes","Night Terror","Backflip","Well Laid Plans","infinitespire:Neurotoxin","PiercingWail","Escape Plan","conspire:SpireCoStock"],"relics":["hubris:Stopwatch","Calipers","infinitespire:ShieldingShard","Iron Hammer","Replay:Bronze Core","infinitespire:Broken Mirror","hubris:AstralHammer","Painkiller Herb","Bronze Scales"],"acts_visited":["Exordium","TheCity","TheBeyond"],"potions_floor_usage":[8,8,23,33,36,39,42,42],"damage_taken":[{"damage":2.0,"enemies":"conspire:RoseBush","floor":1.0,"turns":6.0},{"damage":1.0,"enemies":"2 Louse","floor":2.0,"turns":3.0},{"damage":3.0,"enemies":"Small Slimes","floor":3.0,"turns":4.0},{"damage":1.0,"enemies":"Looter","floor":5.0,"turns":4.0},{"damage":16.0,"enemies":"Lagavulin","floor":6.0,"turns":10.0},{"damage":20.0,"enemies":"Exordium Thugs","floor":7.0,"turns":8.0},{"damage":6,"enemies":"Gremlin Nob","floor":8,"turns":5},{"damage":0,"enemies":"Blue Slaver","floor":10,"turns":3},{"damage":0,"enemies":"2 Fungi Beasts","floor":12,"turns":4},{"damage":1,"enemies":"conspire:2 RoseBushes","floor":14,"turns":7},{"damage":16,"enemies":"The Guardian","floor":16,"turns":9},{"damage":3,"enemies":"2 Thieves","floor":18,"turns":6},{"damage":9,"enemies":"conspire:FuzzyDice","floor":21,"turns":8},{"damage":31,"enemies":"Gremlin Leader","floor":23,"turns":9},{"damage":0,"enemies":"Snake Plant","floor":25,"turns":6},{"damage":21,"enemies":"Book of Stabbing","floor":28,"turns":7},{"damage":5,"enemies":"3 Cultists","floor":29,"turns":6},{"damage":0,"enemies":"Centurion and Healer","floor":31,"turns":7},{"damage":0,"enemies":"Collector","floor":33,"turns":12},{"damage":0,"enemies":"Orb Walker","floor":35,"turns":5},{"damage":12,"enemies":"3 Shapes","floor":36,"turns":5},{"damage":0,"enemies":"Jaw Worm Horde","floor":39,"turns":4},{"damage":34,"enemies":"Nemesis","floor":40,"turns":10},{"damage":98,"enemies":"Giant Head","floor":42,"turns":11}],"seed_played":"-7524675615821161269","potions_obtained":[{"floor":2.0,"key":"LifebloodPotion"},{"floor":5.0,"key":"Ancient Potion"},{"floor":7.0,"key":"SkillPotion"},{"floor":14,"key":"Dexterity Potion"},{"floor":16,"key":"Fire Potion"},{"floor":29,"key":"SmokeBomb"},{"floor":31,"key":"Poison Potion"},{"floor":39,"key":"infinitespire:BlackPotion"},{"floor":40,"key":"Weak Potion"}],"is_trial":false,"path_per_floor":["M","M","M","?","M","E","M","E","T","M","R","M","R","M","R","B",null,"M","?","$","M","?","E","R","M","T","?","E","M","?","M","R","B",null,"?","?","?","T","?","E","T","E"],"character_chosen":"THE_SILENT","items_purchased":["Noxious Fumes","Explosive Potion"],"campfire_rested":4,"item_purchase_floors":[20,38],"current_hp_per_floor":[57,56,53,58,57,41,21,15,15,15,36,36,36,35,35,19,58,55,55,55,46,46,15,36,36,36,36,15,10,10,10,31,31,61,61,49,49,49,49,15,36,0,0],"gold":240,"neow_bonus":"BOSS_RELIC","is_daily":false,"chose_seed":false,"campfire_upgraded":2,"win_rate":0.0,"timestamp":1611104506,"path_taken":["M","M","M","?","M","E","M","E","T","M","R","M","R","M","R","BOSS","M","?","$","M","?","E","R","?","T","?","E","M","?","M","R","BOSS","?","?","?","T","?","E","T","E"],"items_purchased_type":["Card","Potion"],"build_version":"2020-12-22","purchased_purges":2,"victory":false,"max_hp_per_floor":[66,66,66,71,71,71,71,71,71,71,71,71,71,71,71,71,71,71,71,71,71,71,71,71,71,71,71,71,71,71,71,71,71,71,71,71,71,71,71,71,71,71,71],"relic_stats":{"counters":[24,159],"Bronze Scales":[27],"obtain_stats":[{"Calipers":6,"infinitespire:ShieldingShard":8,"infinitespire:Broken Mirror":23,"hubris:AstralHammer":28,"hubris:Stopwatch":0,"Replay:Bronze Core":17,"Bronze Scales":40,"Painkiller Herb":34,"Iron Hammer":9,"Ring of the Snake":0},{"Calipers":5,"infinitespire:ShieldingShard":7,"infinitespire:Broken Mirror":14,"hubris:AstralHammer":16,"hubris:Stopwatch":0,"Replay:Bronze Core":11,"Bronze Scales":23,"Painkiller Herb":19,"Iron Hammer":7,"Ring of the Snake":0},{"Calipers":27,"infinitespire:ShieldingShard":40,"infinitespire:Broken Mirror":86,"hubris:AstralHammer":99,"hubris:Stopwatch":0,"Replay:Bronze Core":63,"Bronze Scales":148,"Painkiller Herb":124,"Iron Hammer":40,"Ring of the Snake":0}]},"card_choices":[{"not_picked":["Hidden Blade","Outmaneuver"],"picked":"Flying Knee","floor":1.0},{"not_picked":["Fluid Movement","Flying Knee"],"picked":"Footwork","floor":2.0},{"not_picked":["conspire:PoisonWeapons","Backflip"],"picked":"Deadly Poison","floor":3.0},{"not_picked":["Hidden Blade","Dagger Throw"],"picked":"Sucker Punch","floor":5.0},{"not_picked":["Doppelganger","ReplayTheSpireMod:Tripwire"],"picked":"Blur","floor":6.0},{"not_picked":["Quick Slash","Tactician"],"picked":"Poisoned Stab","floor":7.0},{"not_picked":["Hidden Blade","Eviscerate"],"picked":"Dagger Spray","floor":8},{"not_picked":["Slice","Prepared"],"picked":"Bouncing Flask","floor":10},{"not_picked":["Bane","Glass Knife"],"picked":"PiercingWail","floor":12},{"not_picked":["Infinite Blades","Underhanded Strike"],"picked":"Replay:Poison Smokescreen","floor":14},{"not_picked":["After Image","Storm of Steel"],"picked":"Malaise","floor":16},{"not_picked":["Hidden Blade","Well Laid Plans"],"picked":"Backflip","floor":18},{"not_picked":["infinitespire:Execution","infinitespire:NeuralNetwork"],"picked":"infinitespire:SevenWalls","floor":19},{"not_picked":["Underhanded Strike","Slice","Blade Dance+1"],"picked":"SKIP","floor":21},{"not_picked":["hubris:SlightOfHand","Backflip"],"picked":"Night Terror","floor":23},{"not_picked":["Sucker Punch","hubris:SlightOfHand"],"picked":"Backflip","floor":25},{"not_picked":["ReplayTheSpireMod:Shiv Toss","Deadly Poison"],"picked":"Well Laid Plans","floor":28},{"not_picked":["Slice","Quick Slash","Blade Dance"],"picked":"SKIP","floor":29},{"not_picked":["ReplayTheSpireMod:Tripwire","Quick Slash","ReplayTheSpireMod:From All Sides"],"picked":"SKIP","floor":31},{"not_picked":["Phantasmal Killer","Glass Knife"],"picked":"infinitespire:Neurotoxin","floor":33},{"not_picked":["Well Laid Plans+1","Hidden Blade"],"picked":"PiercingWail","floor":35},{"not_picked":["Poisoned Stab","Hidden Blade"],"picked":"Escape Plan","floor":36},{"not_picked":["Deflect","Slice","Quick Slash"],"picked":"SKIP","floor":39},{"not_picked":["Atom Bomb","Cloak And Dagger","Outmaneuver"],"picked":"SKIP","floor":40}],"player_experience":983595,"relics_obtained":[{"floor":6.0,"key":"Calipers"},{"floor":8,"key":"infinitespire:ShieldingShard"},{"floor":9,"key":"Iron Hammer"},{"floor":23,"key":"infinitespire:Broken Mirror"},{"floor":28,"key":"hubris:AstralHammer"},{"floor":40,"key":"Bronze Scales"}],"event_choices":[{"damage_healed":0.0,"max_hp_gain":5.0,"max_hp_loss":0.0,"gold_gain":0.0,"event_name":"Big Fish","player_choice":"Donut","floor":4.0,"gold_loss":0.0,"damage_taken":0.0},{"damage_healed":0,"gold_gain":0,"player_choice":"Read","damage_taken":0,"max_hp_gain":0,"max_hp_loss":0,"event_name":"The Library","floor":22,"gold_loss":0,"cards_obtained":["Noxious Fumes"]},{"damage_healed":0,"gold_gain":0,"player_choice":"Ignored","damage_taken":0,"max_hp_gain":0,"max_hp_loss":0,"event_name":"The Mausoleum","floor":27,"gold_loss":0},{"damage_healed":0,"gold_gain":0,"player_choice":"Invest 1","damage_taken":0,"max_hp_gain":0,"max_hp_loss":0,"event_name":"conspire:Investor","floor":37,"gold_loss":0}],"is_beta":false,"boss_relics":[{"not_picked":["Busted Crown","conspire:SpecialSausage"],"picked":"Replay:Bronze Core"},{"not_picked":["Snecko Heart","Snecko Eye"],"picked":"Painkiller Herb"}],"items_purged_floors":[20,38],"is_endless":false,"potions_floor_spawned":[2,5,7,14,16,21,29,31,39,40],"killed_by":"Giant Head","ascension_level":20}}