{"host":"yii5it3292r9xs7s","time":1611145174,"event":{"mods":["ATMod(阿瑾Mod)","Act Like it!","BaseMod","Colored Powertips","Downfall","Energized Spire","Minty Spire (QoL Compilation)","Pale of the Ancients","RumiaBox-露米娅的神秘盒子","StSLib","Waifu the Spire","noobMod","vexMod","【功能Mod】混沌之环修复补丁","【遗物卡牌】REMEMod","篝火指南"],"gold_per_floor":[99,114,126,111,111,111,160,176,176,210,210,45,45,58,76,178,178,178,191,205,16,116,133,158,54,54,84,103,121,121,146,165,261,261,261,272,291,309,321,321,321,321,321,337,116,116,134,134,152,152],"floor_reached":51,"language":"ZHS","playtime":2497,"items_purged":["Pain"],"score":795,"play_id":"9559a71f-8328-47bd-9cde-0fd7cc63878e","local_time":"20210120201934","is_ascension_mode":false,"campfire_choices":[{"data":"Slimebound:Split","floor":1.0,"key":"SMITH"},{"data":"AT_FamilyPortrait","floor":11.0,"key":"SMITH"},{"data":"Slimebound:PressTheAttack","floor":13.0,"key":"SMITH"},{"data":"Slimebound:Darklings","floor":18.0,"key":"SMITH"},{"data":"Slimebound:MassRepurpose","floor":26,"key":"SMITH"},{"data":"Slimebound:Overexert","floor":30,"key":"SMITH"},{"data":"Slimebound:FirmFortitude","floor":35,"key":"SMITH"}],"circlet_count":0,"master_deck":["Slimebound:Strike_Slimebound","Slimebound:Strike_Slimebound","Slimebound:Strike_Slimebound","Slimebound:Tackle","Slimebound:Defend_Slimebound","Slimebound:Defend_Slimebound","Slimebound:Defend_Slimebound","Slimebound:Defend_Slimebound","Slimebound:Split+1","Slimebound:CorrosiveSpit","AT_FamilyPortrait","AT_FamilyPortrait+1","Slimebound:PressTheAttack+1","Slimebound:SplitBruiser","Slimebound:LevelUp","Slimebound:Equalize","Slimebound:SplitLeeching","Regret","Slimebound:Schlurp","Slimebound:Recollect","Slimebound:CheckThePlaybook","Slimebound:RainOfGoop","Slimebound:Darklings+1","Slimebound:LeechEnergy+1","Slimebound:Replication","Slimebound:SlimeSpikes","expansioncontent:Chronoboost","Slimebound:MegaLick","Slimebound:LivingWall","Slimebound:SlimeSpikes","Slimebound:MassRepurpose+1","Slimebound:SplitLeeching","Slimebound:FormOfPuddle+1","Slimebound:SplitAcid","Slimebound:Overexert+1","Slimebound:MegaLick","Slimebound:SplitLeeching","Slimebound:FirmFortitude+1","Slimebound:SplitLeeching","Slimebound:SplitBruiser+1","Slimebound:Replication+1","Slimebound:RejuvenatingLick+1","Slimebound:SplitMire+1","Slimebound:SplitMire+1","Slimebound:Equalize+1","Slimebound:SplitBruiser+1"],"relics":["AT_ATBox","ice","REME_ComplimentaryCards","Coffee Dripper","AT_SunfireAegis","AT_BellowingDragoncrestRing","Bag of Preparation","Slimebound:AggressiveSlimeRelic","REME_ChargedStone","White Beast Statue","Happy Flower","GodSword3","Lee\u0027s Waffle","Centennial Puzzle","Bag of Marbles","energizedSpire:EnergizedDie","vexMod:InvisibilityCloak","WarpedTongs","MealTicket"],"acts_visited":["Exordium","TheCity","TheBeyond"],"potions_floor_usage":[],"damage_taken":[{"damage":4.0,"enemies":"Jaw Worm","floor":2.0,"turns":4.0},{"damage":0.0,"enemies":"2 Louse","floor":3.0,"turns":2.0},{"damage":8.0,"enemies":"downfall:FleeingMerchant","floor":4.0,"turns":4.0},{"damage":0.0,"enemies":"Cultist","floor":6.0,"turns":1.0},{"damage":6.0,"enemies":"Exordium Wildlife","floor":8.0,"turns":2.0},{"damage":5.0,"enemies":"3 Sentries","floor":10.0,"turns":2.0},{"damage":7.0,"enemies":"downfall:FleeingMerchant","floor":12.0,"turns":4.0},{"damage":4.0,"enemies":"Exordium Thugs","floor":14.0,"turns":2.0},{"damage":11.0,"enemies":"Blue Slaver","floor":15.0,"turns":2.0},{"damage":18.0,"enemies":"WA_ARCHETYPE_RETAIN","floor":16.0,"turns":4.0},{"damage":9.0,"enemies":"Spheric Guardian","floor":19.0,"turns":1.0},{"damage":4.0,"enemies":"Chosen","floor":20.0,"turns":3.0},{"damage":16.0,"enemies":"downfall:FleeingMerchant","floor":21.0,"turns":4.0},{"damage":21,"enemies":"downfall:LadyInBlue","floor":22,"turns":5},{"damage":16,"enemies":"Snecko","floor":23,"turns":4},{"damage":0,"enemies":"downfall:FleeingMerchant","floor":25,"turns":1},{"damage":9,"enemies":"REME_1_Revenger","floor":27,"turns":3},{"damage":2,"enemies":"Centurion and Healer","floor":28,"turns":3},{"damage":9,"enemies":"Snake Plant","floor":29,"turns":2},{"damage":0,"enemies":"Slavers","floor":31,"turns":3},{"damage":8,"enemies":"Chosen and Byrds","floor":32,"turns":4},{"damage":18,"enemies":"IC_MUSHROOM_ARCHETYPE","floor":33,"turns":4},{"damage":8,"enemies":"Orb Walker","floor":36,"turns":3},{"damage":0,"enemies":"3 Shapes","floor":37,"turns":3},{"damage":14,"enemies":"3 Darklings","floor":38,"turns":3},{"damage":5,"enemies":"Sphere and 2 Shapes","floor":39,"turns":3},{"damage":20,"enemies":"Transient","floor":43,"turns":5},{"damage":37,"enemies":"Spire Growth","floor":44,"turns":4},{"damage":0,"enemies":"Jaw Worm Horde","floor":46,"turns":3},{"damage":0,"enemies":"4 Shapes","floor":47,"turns":3},{"damage":10,"enemies":"Sphere and 2 Shapes","floor":49,"turns":3},{"damage":22,"enemies":"DF_ARCHETYPE_ORBS","floor":50,"turns":4}],"seed_played":"-7447133458960959186","potions_obtained":[{"floor":2.0,"key":"Fire Potion"},{"floor":8.0,"key":"GamblersBrew"},{"floor":10.0,"key":"DuplicationPotion"},{"floor":15.0,"key":"BlessingOfTheForge"},{"floor":19.0,"key":"LiquidMemories"},{"floor":22,"key":"DistilledChaos"},{"floor":46,"key":"Slimebound:ThreeZeroPotion"}],"is_trial":false,"path_per_floor":["R","M","M","$","?","M","T","M","?","E","R","$","R","M","M","B",null,"R","M","M","$","?","M","T","$","R","E","M","M","R","E","M","B",null,"R","M","M","M","M","?","T","?","M","M","R","M","M","?","M","B",null],"character_chosen":"SLIMEBOUND","items_purchased":["Slimebound:AggressiveSlimeRelic","expansioncontent:Chronoboost","Slimebound:MegaLick","GodSword3","Lee\u0027s Waffle","Slimebound:SplitLeeching","MealTicket"],"campfire_rested":0,"item_purchase_floors":[12,21,21,25,25,25,45],"current_hp_per_floor":[65,61,61,53,53,53,53,51,51,46,46,41,41,41,34,20,65,65,56,54,38,21,5,5,72,72,63,61,54,54,56,48,30,72,72,64,64,52,47,54,54,54,38,1,1,1,13,13,3,54],"gold":152,"neow_bonus":"BOSS_RELIC","is_daily":false,"chose_seed":false,"campfire_upgraded":7,"win_rate":0.0,"timestamp":1611145174,"path_taken":["R","M","M","$","?","M","T","M","?","E","R","?","R","M","M","BOSS","R","M","?","$","?","M","T","?","R","E","M","M","R","E","M","BOSS","R","M","M","M","M","?","T","?","M","?","R","?","M","?","M","BOSS"],"items_purchased_type":["Relic","Card","Card","Relic","Relic","Card","Relic"],"build_version":"2020-12-22","purchased_purges":1,"victory":true,"max_hp_per_floor":[65,65,65,65,65,65,65,65,65,65,65,65,65,65,65,65,65,65,65,65,65,65,65,65,72,72,72,72,72,72,72,72,72,72,72,72,72,72,72,72,72,72,72,72,72,72,72,72,72,76],"card_choices":[{"not_picked":["Slimebound:LevelUp","Slimebound:ServeAndProtect"],"picked":"Slimebound:PressTheAttack","floor":2.0},{"not_picked":["Slimebound:SamplingLick","Slimebound:LeechEnergy"],"picked":"Slimebound:SplitBruiser","floor":3.0},{"not_picked":["Slimebound:GoopSpray","Slimebound:RollThrough"],"picked":"Slimebound:LevelUp","floor":4.0},{"not_picked":["Slimebound:FinishingTackle","Slimebound:RollThrough"],"picked":"Slimebound:Equalize","floor":6.0},{"not_picked":["Slimebound:Gluttony","Slimebound:ComboTackle"],"picked":"Slimebound:SplitLeeching","floor":8.0},{"not_picked":["Slimebound:TongueLash","Slimebound:BestDefense"],"picked":"Slimebound:Schlurp","floor":10.0},{"not_picked":["Slimebound:GoopSpray","Slimebound:Schlurp"],"picked":"Slimebound:Recollect","floor":12.0},{"not_picked":["Slimebound:SplitAcid","Slimebound:GrowthPunch"],"picked":"Slimebound:CheckThePlaybook","floor":14.0},{"not_picked":["Slimebound:LeechingTouch","Slimebound:GrowthPunch"],"picked":"Slimebound:RainOfGoop","floor":15.0},{"not_picked":["Slimebound:Recycling","Slimebound:WasteNot"],"picked":"Slimebound:Darklings","floor":16.0},{"not_picked":["Slimebound:ViciousTackle","Slimebound:SamplingLick"],"picked":"Slimebound:LeechEnergy+1","floor":19.0},{"not_picked":["Slimebound:ForwardTackle","Slimebound:Gluttony+1"],"picked":"Slimebound:Replication","floor":20.0},{"not_picked":["Slimebound:GrowthPunch","Slimebound:RollThrough"],"picked":"Slimebound:SlimeSpikes","floor":21.0},{"not_picked":["Slimebound:ViciousTackle+1","Slimebound:ComboTackle"],"picked":"Slimebound:LivingWall","floor":22},{"not_picked":["Slimebound:TongueLash+1","Slimebound:LeechingTouch"],"picked":"Slimebound:SlimeSpikes","floor":23},{"not_picked":["Slimebound:LeechingTouch","Slimebound:Prepare"],"picked":"Slimebound:MassRepurpose","floor":25},{"not_picked":["Slimebound:SpikyOuterGoop","Slimebound:Schlurp"],"picked":"Slimebound:FormOfPuddle+1","floor":27},{"not_picked":["Slimebound:FormOfPuddle+1","Slimebound:Equalize"],"picked":"Slimebound:SplitAcid","floor":28},{"not_picked":["Slimebound:Schlurp","Slimebound:GoopTackle"],"picked":"Slimebound:Overexert","floor":29},{"not_picked":["Slimebound:FinishingTackle+1","Slimebound:RollThrough"],"picked":"Slimebound:MegaLick","floor":31},{"not_picked":["Slimebound:ComboTackle+1","Slimebound:GoopTackle+1"],"picked":"Slimebound:SplitLeeching","floor":32},{"not_picked":["Slimebound:Teamwork","Slimebound:Overexert"],"picked":"Slimebound:FirmFortitude","floor":33},{"not_picked":["Slimebound:RollThrough","Slimebound:FinishingTackle"],"picked":"Slimebound:SplitLeeching","floor":36},{"not_picked":["Slimebound:BestDefense","Slimebound:SplitMire+1"],"picked":"Slimebound:SplitBruiser+1","floor":37},{"not_picked":["Slimebound:SplitLeeching","Slimebound:LivingWall+1"],"picked":"Slimebound:Replication+1","floor":38},{"not_picked":["Slimebound:FinishingTackle+1","Slimebound:Schlurp+1","Slimebound:DivideAndConquer+1"],"picked":"SKIP","floor":39},{"not_picked":["Slimebound:Prepare","Slimebound:LeechEnergy"],"picked":"Slimebound:RejuvenatingLick+1","floor":43},{"not_picked":["Slimebound:Teamwork","Slimebound:SlimeBarrage+1"],"picked":"Slimebound:SplitMire+1","floor":44},{"not_picked":["Slimebound:GrowthPunch+1","Slimebound:AcidTongue"],"picked":"Slimebound:SplitMire+1","floor":46},{"not_picked":["Slimebound:Schlurp+1","Slimebound:Recollect"],"picked":"Slimebound:Equalize+1","floor":47},{"not_picked":["Slimebound:PressTheAttack","Slimebound:GoopSpray+1"],"picked":"Slimebound:SplitBruiser+1","floor":49}],"player_experience":22646,"relics_obtained":[{"floor":7.0,"key":"AT_SunfireAegis"},{"floor":10.0,"key":"Bag of Preparation"},{"floor":22,"key":"White Beast Statue"},{"floor":24,"key":"Happy Flower"},{"floor":27,"key":"Centennial Puzzle"},{"floor":31,"key":"Bag of Marbles"},{"floor":41,"key":"vexMod:InvisibilityCloak"}],"event_choices":[{"damage_healed":0.0,"max_hp_gain":0.0,"max_hp_loss":0.0,"gold_gain":0.0,"event_name":"Big Fish","player_choice":"Box","floor":9.0,"gold_loss":0.0,"damage_taken":0.0,"relics_obtained":["AT_BellowingDragoncrestRing"],"cards_obtained":["Regret"]},{"damage_healed":0,"gold_gain":0,"player_choice":"Rummage","damage_taken":0,"relics_obtained":["WarpedTongs"],"max_hp_gain":0,"max_hp_loss":0,"event_name":"Accursed Blacksmith","floor":42,"gold_loss":0,"cards_obtained":["Pain"]},{"damage_healed":0,"gold_gain":0,"player_choice":"Ignored","damage_taken":0,"max_hp_gain":0,"max_hp_loss":0,"event_name":"NoteForYourself","floor":48,"gold_loss":0}],"is_beta":false,"boss_relics":[{"not_picked":["vexMod:ImprovementManual","Tiny House"],"picked":"REME_ChargedStone"},{"not_picked":["Runic Pyramid","Velvet Choker"],"picked":"energizedSpire:EnergizedDie"}],"items_purged_floors":[45],"is_endless":false,"potions_floor_spawned":[2,8,10,15,19,22,23,25,27,28,29,31,32,33,36,37,38,39,43,44,46,47,49],"ascension_level":0}}