{"host":"yuoancq4cku3x8wq","time":1611142738,"event":{"mods":["AchievementEnabler","BaseMod","Downfall","Minty Spire (QoL Compilation)","Quick Restart","StSLib","SuperFastMode"],"gold_per_floor":[99,117,117,117,117,27,77,94,108,165,180,180,180,203,218,316,316,316,328,328,342,342,342,342,342,342,342,342],"floor_reached":26,"language":"ZHS","playtime":2419,"items_purged":["hexamod:Strike"],"score":194,"play_id":"7fc72525-1a38-48e3-8a60-23af7f1f5ca9","local_time":"20210120193858","is_ascension_mode":false,"campfire_choices":[{"data":"hexamod:Float","floor":1.0,"key":"SMITH"},{"data":"hexamod:EmpoweredFlame","floor":13.0,"key":"SMITH"},{"data":"hexamod:EmpoweredFlame","floor":18.0,"key":"SMITH"},{"data":"hexamod:Rewind","floor":23.0,"key":"SMITH"},{"floor":25.0,"key":"REST"}],"circlet_count":0,"master_deck":["hexamod:Strike","hexamod:Strike","hexamod:Strike","hexamod:Defend","hexamod:Defend","hexamod:Defend","hexamod:Defend","hexamod:Sear","hexamod:Float+1","hexamod:EmpoweredFlame+1","hexamod:Rewind+1","hexamod:BacktrackSmack","hexamod:EmpoweredFlame+1","hexamod:FlameSwitch+1","hexamod:InspiringFlames+1"],"relics":["hexamod:SpiritBrand","downfall:BrokenWingStatue","Omamori","Shuriken","Toxic Egg 2","Juzu Bracelet","Sozu","Necronomicon","Sundial"],"acts_visited":["Exordium","TheCity"],"potions_floor_usage":[],"damage_taken":[{"damage":0.0,"enemies":"Cultist","floor":2.0,"turns":3.0},{"damage":0.0,"enemies":"downfall:FleeingMerchant","floor":6.0,"turns":4.0},{"damage":0.0,"enemies":"2 Louse","floor":8.0,"turns":3.0},{"damage":0.0,"enemies":"Small Slimes","floor":9.0,"turns":3.0},{"damage":29.0,"enemies":"Gremlin Nob","floor":10.0,"turns":5.0},{"damage":2.0,"enemies":"Blue Slaver","floor":11.0,"turns":4.0},{"damage":0.0,"enemies":"Gremlin Gang","floor":15.0,"turns":3.0},{"damage":25.0,"enemies":"WA_ARCHETYPE_RETAIN","floor":16.0,"turns":7.0},{"damage":1.0,"enemies":"Spheric Guardian","floor":19.0,"turns":4.0},{"damage":0.0,"enemies":"Shell Parasite","floor":21.0,"turns":6.0},{"damage":91,"enemies":"Gremlin Leader","floor":26,"turns":9}],"seed_played":"-1581867172815884975","potions_obtained":[{"floor":2.0,"key":"ColorlessPotion"},{"floor":8.0,"key":"FearPotion"},{"floor":11.0,"key":"DistilledChaos"},{"floor":16.0,"key":"SteroidPotion"}],"is_trial":false,"path_per_floor":["R","M","?","?","?","$","T","M","M","?","M","?","R","T","M","B",null,"R","M","?","M","?","R","T","R","E"],"character_chosen":"THE_SPIRIT","items_purchased":[],"campfire_rested":1,"item_purchase_floors":[],"current_hp_per_floor":[77,77,77,77,77,77,77,77,77,48,46,28,28,28,28,3,77,77,76,76,76,60,60,60,77,0,0,0],"gold":342,"neow_bonus":"TEN_PERCENT_HP_BONUS","is_daily":false,"chose_seed":false,"campfire_upgraded":4,"win_rate":0.0,"timestamp":1611142738,"path_taken":["R","M","?","?","?","?","T","?","M","?","M","?","R","?","M","BOSS","R","M","?","M","?","R","T","R","E"],"items_purchased_type":[],"build_version":"2020-12-22","purchased_purges":1,"victory":false,"max_hp_per_floor":[77,77,77,77,77,77,77,77,77,77,77,77,77,77,77,77,77,77,77,77,77,77,77,77,77,77,77,77],"card_choices":[{"not_picked":["hexamod:FourthSeal","hexamod:Hexaguard"],"picked":"hexamod:EmpoweredFlame","floor":2.0},{"not_picked":["hexamod:AdvancingGuard","hexamod:NecessarySacrifice","hexamod:Haunt"],"picked":"SKIP","floor":6.0},{"not_picked":["hexamod:GhostShield","hexamod:HeatCrush","hexamod:GhostflameBarrier"],"picked":"SKIP","floor":8.0},{"not_picked":["hexamod:Incineration","hexamod:NightmareGuise","hexamod:Haunt"],"picked":"SKIP","floor":9.0},{"not_picked":["hexamod:RainOfEmbers","hexamod:HeatCrush"],"picked":"hexamod:Rewind","floor":10.0},{"not_picked":["hexamod:EtherealExpedition","hexamod:RainOfEmbers"],"picked":"hexamod:BacktrackSmack","floor":11.0},{"not_picked":["hexamod:FastForward+1","hexamod:GhostflameBarrier+1"],"picked":"hexamod:EmpoweredFlame","floor":15.0},{"not_picked":["hexamod:SixthSeal","hexamod:ParanormalForm"],"picked":"hexamod:FlameSwitch+1","floor":16.0},{"not_picked":["hexamod:GhostLash","hexamod:HeatMetal+1","hexamod:Incineration+1"],"picked":"SKIP","floor":19.0},{"not_picked":["hexamod:Hexaguard+1","hexamod:SpectersWail"],"picked":"hexamod:InspiringFlames+1","floor":21.0}],"player_experience":305445,"relics_obtained":[{"floor":7.0,"key":"Omamori"},{"floor":10.0,"key":"Shuriken"},{"floor":14.0,"key":"Juzu Bracelet"},{"floor":22.0,"key":"Necronomicon"},{"floor":24.0,"key":"Sundial"}],"event_choices":[{"damage_healed":0.0,"max_hp_gain":0.0,"max_hp_loss":0.0,"gold_gain":0.0,"event_name":"Scrap Ooze","player_choice":"Success","floor":12.0,"gold_loss":0.0,"damage_taken":18.0,"relics_obtained":["Toxic Egg 2"]}],"is_beta":false,"boss_relics":[{"not_picked":["Fusion Hammer","SacredBark"],"picked":"Sozu"}],"items_purged_floors":[6],"is_endless":false,"potions_floor_spawned":[2,8,11,16,21],"killed_by":"Gremlin Leader","ascension_level":0}}