{"host":"3twtdwjpiqhvvn5s","time":1611184119,"event":{"mods":["AchievementEnabler","Act Like it!","Aspiration","BaseMod","BetterRewards","Colored Map","Colored Powertips","Downfall","Duelist Mod","Friendly Minions","GifTheSpireLib","Hallownest","Hermit","Hubris","Infinite Spire","Jorbs\u0027s Wanderer Trilogy","Koishi","KomeijiMod","Marisa????????","Minty Spire (QoL Compilation)","Random Character Mod","Rare Cards Sparkle","Shop Mod","StSLib","Td1madao Mod","The Administrix","The Animator","The Bug Knight","The Caster","The Cursed","The Disciple","The Hierophant","The Necromancer","The Poker Player","The Runesmith","The Servant 0.9.4","TheFirefly"],"gold_per_floor":[111,122,141,141,66,66,86,86,86,86,117,117,137,166,166,264,264,278,295,312,329,329,329],"floor_reached":22,"language":"ENG","playtime":3030,"items_purged":[],"score":273,"play_id":"642241df-a6a4-4ecb-a4be-f1bb074f27ed","local_time":"20210120170839","daily_mods":["Heirloom","Terminal"],"is_ascension_mode":false,"campfire_choices":[{"data":"caster:Incantation","floor":6,"key":"SMITH"},{"data":"caster:Meteor","floor":10,"key":"SMITH"},{"data":"Riddle With Holes","floor":15,"key":"SMITH"}],"circlet_count":0,"master_deck":["caster:Meteor+1","caster:DivertFocus","caster:strike","caster:defend","caster:defend","caster:defend","caster:defend","caster:defend","caster:Incantation+1","caster:Thundara+1","caster:StormGust","Slice","Riddle With Holes+1","Bane","caster:Eruption","caster:Demi","caster:Fissure"],"relics":["Snecko Eye","aspiration:AnachronicSnailShell","Hallownest:BankAccountRelic","infinitespire:BottledMercury","hexamod:BolsterEngine","White Beast Statue","hubris:HollowSoul"],"acts_visited":["Hallownest:Greenpath","Hallownest:CityofTears"],"potions_floor_usage":[4,16,16,18,19,20,21,22],"damage_taken":[{"damage":6,"enemies":"Hallownest:2_Tiktiks_and_1_Crawlid","floor":1,"turns":5},{"damage":0,"enemies":"Hallownest:monsterHuskWarrior","floor":2,"turns":6},{"damage":3,"enemies":"2_ Uuma","floor":3,"turns":7},{"damage":0,"enemies":"Hallownest:monsterAspidMother","floor":4,"turns":5},{"damage":9,"enemies":"Hallownest:2_Tiktiks_1_Baldur_1_Crawlid","floor":7,"turns":8},{"damage":7,"enemies":"Hallownest:eliteMossKnight","floor":11,"turns":17},{"damage":0,"enemies":"Hallownest:monsterMossCharger","floor":13,"turns":3},{"damage":0,"enemies":"Hallownest:eliteVengeflyKing","floor":14,"turns":5},{"damage":0,"enemies":"Hallownest:BossBrokenVessel","floor":16,"turns":6},{"damage":20,"enemies":"Hallownest:3_Youths","floor":18,"turns":7},{"damage":5,"enemies":"Hallownest:2_Mistakes","floor":19,"turns":5},{"damage":5,"enemies":"Hallownest:2_Flukemon","floor":20,"turns":6},{"damage":13,"enemies":"Hallownest:3_Mistakes","floor":21,"turns":6},{"damage":9,"enemies":"Hallownest:2_Husk_Sentries","floor":22,"turns":2}],"seed_played":"-7672405707097974555","potions_obtained":[{"floor":3,"key":"CultistPotion"},{"floor":11,"key":"Guardian:BlockOnCardUsePotion"},{"floor":14,"key":"DistilledChaos"},{"floor":16,"key":"EssenceOfSteel"},{"floor":18,"key":"SkillPotion"},{"floor":19,"key":"Energy Potion"},{"floor":20,"key":"RedTea"},{"floor":21,"key":"ColorlessPotion"}],"is_trial":true,"path_per_floor":["M","M","M","M","?","R","M","?","T","R","E","?","M","E","R","B",null,"M","M","M","M","M"],"character_chosen":"THE_CASTER","items_purchased":[],"campfire_rested":0,"item_purchase_floors":[],"current_hp_per_floor":[57,57,54,54,54,54,45,45,45,45,38,38,38,38,38,38,46,26,22,17,4,0,0],"gold":329,"neow_bonus":"","is_daily":false,"chose_seed":false,"campfire_upgraded":3,"win_rate":0.0,"timestamp":1611184119,"path_taken":["M","M","M","M","?","R","M","?","T","R","E","?","M","E","R","BOSS","M","M","M","M","M"],"items_purchased_type":[],"build_version":"2020-12-22","purchased_purges":0,"victory":false,"max_hp_per_floor":[62,61,60,59,58,57,56,55,54,53,52,51,50,49,48,47,46,45,44,43,42,42,42],"card_choices":[{"not_picked":["caster:LAZER","caster:MagicWeapon","caster:FlashSpeed"],"picked":"SKIP","floor":1},{"not_picked":["caster:MagicBarrier","caster:LAZER","caster:QuickCast"],"picked":"SKIP","floor":2},{"not_picked":["caster:MagicWeapon","caster:MagicBarrier"],"picked":"caster:Incantation","floor":3},{"not_picked":["caster:FrigidBeam","caster:MagicBarrier","caster:Sleet"],"picked":"SKIP","floor":4},{"not_picked":["caster:GaiasBlessing","caster:LAZER","caster:BloodRitual"],"picked":"SKIP","floor":7},{"not_picked":["caster:WallOfRocks","caster:Sultry"],"picked":"caster:StormGust","floor":11},{"not_picked":["caster:Sleet","caster:MagicWeapon"],"picked":"caster:Eruption","floor":13},{"not_picked":["caster:Rectify","caster:LordOfVermillion","caster:AbsoluteZero"],"picked":"SKIP","floor":14},{"not_picked":["caster:PhoenixFlare","caster:StormGust"],"picked":"caster:Demi","floor":16},{"not_picked":["caster:FlashFrost+1","caster:QuickCast+1","caster:LAZER"],"picked":"SKIP","floor":18},{"not_picked":["caster:Grimoire","caster:DiamondDust"],"picked":"caster:Fissure","floor":19},{"not_picked":["caster:Charge","caster:LAZER+1","caster:MagicWeapon"],"picked":"SKIP","floor":20},{"not_picked":["caster:GlacialShield+1","caster:PyroclasticTide","caster:Sandstorm"],"picked":"SKIP","floor":21}],"player_experience":1991811,"relics_obtained":[{"floor":9,"key":"infinitespire:BottledMercury"},{"floor":11,"key":"hexamod:BolsterEngine"},{"floor":14,"key":"White Beast Statue"}],"event_choices":[],"is_beta":false,"boss_relics":[{"not_picked":["aspiration:RunesmithSkillbook","aspiration:MobileForge"],"picked":"hubris:HollowSoul"}],"items_purged_floors":[],"is_endless":false,"potions_floor_spawned":[3,11,14,16,18,19,20,21],"killed_by":"Hallownest:2_Husk_Sentries","ascension_level":0}}