{"host":"00f1p9ihhzi7hxfk","time":1611164454,"event":{"mods":["BaseMod","Colored Map","Colored Powertips","Minty Spire (QoL Compilation)","Rare Cards Sparkle","Relic Stats"],"gold_per_floor":[114,126,6,6,6,6,16,16,16,16,16,16],"floor_reached":11,"language":"DEU","playtime":629,"items_purged":["Strike_R"],"score":61,"play_id":"7849c135-50ff-4768-9e3f-e155758b1cd6","local_time":"20210120184054","is_ascension_mode":false,"campfire_choices":[{"data":"Armaments","floor":6,"key":"SMITH"},{"data":"Heavy Blade","floor":8,"key":"SMITH"},{"data":"Defend_R","floor":10,"key":"SMITH"}],"circlet_count":0,"master_deck":["Strike_R","Strike_R","Strike_R","Strike_R","Defend_R","Defend_R","Defend_R","Defend_R+1","Bash","Disarm","Armaments+1","Combust","Heavy Blade+1"],"relics":["Burning Blood","Magic Flower","Darkstone Periapt"],"acts_visited":["Exordium"],"potions_floor_usage":[],"damage_taken":[{"damage":3.0,"enemies":"Small Slimes","floor":1.0,"turns":4.0},{"damage":9.0,"enemies":"2 Louse","floor":2.0,"turns":3.0},{"damage":4,"enemies":"Cultist","floor":7,"turns":4},{"damage":101,"enemies":"Gremlin Nob","floor":11,"turns":7}],"seed_played":"3096223496528759570","potions_obtained":[{"floor":2.0,"key":"FearPotion"},{"floor":7,"key":"ColorlessPotion"}],"is_trial":false,"path_per_floor":["M","M","$","?","?","R","M","R","T","R","E"],"character_chosen":"IRONCLAD","items_purchased":["Armaments"],"campfire_rested":0,"item_purchase_floors":[3],"current_hp_per_floor":[72,72,72,77,77,77,77,77,77,77,0,0],"gold":16,"neow_bonus":"ONE_RARE_RELIC","is_daily":false,"chose_seed":false,"campfire_upgraded":3,"win_rate":0.0,"timestamp":1611164454,"path_taken":["M","M","$","?","?","R","M","R","T","R","E"],"items_purchased_type":["Card"],"build_version":"2020-12-22","purchased_purges":1,"victory":false,"max_hp_per_floor":[72,72,72,77,77,77,77,77,77,77,77,77],"relic_stats":{"Darkstone Periapt":0,"counters":[4,18],"Magic Flower":[3],"obtain_stats":[{"Darkstone Periapt":9,"Magic Flower":0,"Burning Blood":0},{"Darkstone Periapt":3,"Magic Flower":0,"Burning Blood":0},{"Darkstone Periapt":11,"Magic Flower":0,"Burning Blood":0}],"Burning Blood":16},"card_choices":[{"not_picked":["Sword Boomerang","Havoc"],"picked":"Searing Blow","floor":1.0},{"not_picked":["Infernal Blade","Feel No Pain"],"picked":"Disarm","floor":2.0},{"not_picked":["Dropkick","Pummel"],"picked":"Heavy Blade","floor":7}],"player_experience":64879,"relics_obtained":[{"floor":9,"key":"Darkstone Periapt"}],"event_choices":[{"damage_healed":0.0,"max_hp_gain":5.0,"max_hp_loss":0.0,"gold_gain":0.0,"event_name":"Big Fish","player_choice":"Donut","floor":4.0,"gold_loss":0.0,"damage_taken":0.0},{"damage_healed":0.0,"max_hp_gain":0.0,"max_hp_loss":0.0,"gold_gain":0.0,"cards_transformed":["Searing Blow"],"event_name":"Transmorgrifier","player_choice":"Transformed","floor":5.0,"gold_loss":0.0,"damage_taken":0.0,"cards_obtained":["Combust"]}],"is_beta":false,"boss_relics":[],"items_purged_floors":[3],"is_endless":false,"potions_floor_spawned":[2,7],"killed_by":"Gremlin Nob","ascension_level":0}}