{"host":"70jy76jvzy076wi7","time":1611157653,"event":{"mods":["BaseMod","Better Third Choice","Infinite Spire","Library of Ruina","Minty Spire (QoL Compilation)","Permanent Neow","Ryuuou¡˙Õı","Spicy Shops","StSLib"],"gold_per_floor":[14,27,37,51,62,97,97,129,155,155,189,203,58,73,73,168,168,182,197,197,210,226,226,239,272,272,305,316,316,316,330,330,433,433,451,471,116,116,216,244,244,1274,1274,1274,1274,2294,3325,4375,4375,5375,5375,5375,4349,5384,6384],"floor_reached":56,"language":"ZHS","playtime":3310,"items_purged":["SuppressingShot","Parasite","LightAttack+1","LightAttack+1"],"score":1764,"play_id":"18aa4c53-8e5f-43bb-bbc8-24b2b1de3f77","local_time":"20210120234733","is_ascension_mode":true,"campfire_choices":[{"floor":7.0,"key":"REST"},{"data":"Punishment","floor":10.0,"key":"SMITH"},{"data":"FocusedStrikes","floor":15.0,"key":"SMITH"},{"data":"ForTheFamily","floor":23.0,"key":"SMITH"},{"data":"RhinoRam","floor":30.0,"key":"SMITH"},{"data":"Suppress","floor":32.0,"key":"SMITH"},{"data":"Ryuuou:NotRegret","floor":41.0,"key":"SMITH"},{"floor":45,"key":"RECALL"},{"floor":49,"key":"REST"},{"floor":52,"key":"REST"}],"circlet_count":0,"master_deck":["Dodge+1","LightDefense+1","LightAttack+1","LightDefense+1","LightDefense+1","LightDefense+1","ChargeAndCover+1","FocusedStrikes+1","Disposal+1","Punishment+1","SilentNight+1","PreparedMind+1","BattleCommand+1","RushDown+1","Parry2+1","Suppress+1","ForTheFamily+1","BulkyImpact+1","GrazeTheGrass+1","RhinoRam+1","FrontalAssault+1","Deflect_lor+1","UnforgettableMelody+1","Ryuuou:NotRegret+1","Concentration"],"relics":["PageOfLibrarian","Thread and Needle","infinitespire:PuzzleCube","PageOfSpiderBud","PageOfBloodbath","Boot","PageOfSnowWhitesApple","infinitespire:Cupcake","Tiny Chest","PageOfMercenary","PageOfPinocchio","Cursed Key","PageOfHappyTeddyBear","PageOfUniverseFragment","Dream Catcher","Bag of Marbles","Akabeko","PageOfAspirationHeart","PageOfTodaysShyLook","Happy Flower","Lantern","ClockworkSouvenir","Chemical X","FossilizedHelix"],"acts_visited":["Exordium","TheCity","TheBeyond","TheEnding"],"potions_floor_usage":[],"damage_taken":[{"damage":0.0,"enemies":"infinitespire:Voidling","floor":1.0,"turns":5.0},{"damage":0.0,"enemies":"Cultist","floor":2.0,"turns":3.0},{"damage":0.0,"enemies":"2 Louse","floor":3.0,"turns":3.0},{"damage":0.0,"enemies":"Blue Slaver","floor":4.0,"turns":3.0},{"damage":17.0,"enemies":"2 Fungi Beasts","floor":5.0,"turns":5.0},{"damage":14.0,"enemies":"Lagavulin","floor":6.0,"turns":4.0},{"damage":11.0,"enemies":"3 Sentries","floor":8.0,"turns":4.0},{"damage":9.0,"enemies":"Lagavulin","floor":11.0,"turns":4.0},{"damage":4.0,"enemies":"Lots of Slimes","floor":12.0,"turns":5.0},{"damage":0.0,"enemies":"Large Slime","floor":14.0,"turns":2.0},{"damage":3.0,"enemies":"Hexaghost","floor":16.0,"turns":5.0},{"damage":0.0,"enemies":"Spheric Guardian","floor":18.0,"turns":3.0},{"damage":2.0,"enemies":"Chosen","floor":19.0,"turns":4.0},{"damage":7.0,"enemies":"Snecko","floor":21.0,"turns":4.0},{"damage":9.0,"enemies":"Snake Plant","floor":22.0,"turns":3.0},{"damage":0.0,"enemies":"Cultist and Chosen","floor":24.0,"turns":3.0},{"damage":5.0,"enemies":"Slavers","floor":25.0,"turns":4.0},{"damage":0.0,"enemies":"Book of Stabbing","floor":27.0,"turns":5.0},{"damage":0.0,"enemies":"Shelled Parasite and Fungi","floor":28.0,"turns":3.0},{"damage":0.0,"enemies":"3 Cultists","floor":31.0,"turns":2.0},{"damage":21.0,"enemies":"Automaton","floor":33.0,"turns":7.0},{"damage":0.0,"enemies":"3 Darklings","floor":35.0,"turns":3.0},{"damage":0.0,"enemies":"Orb Walker","floor":36.0,"turns":1.0},{"damage":24.0,"enemies":"Nemesis","floor":40.0,"turns":3.0},{"damage":0.0,"enemies":"Reptomancer","floor":42.0,"turns":1.0},{"damage":0,"enemies":"3 Darklings","floor":46,"turns":1},{"damage":0,"enemies":"Giant Head","floor":47,"turns":1},{"damage":0,"enemies":"Mind Bloom Boss Battle","floor":48,"turns":1},{"damage":0,"enemies":"infinitespire:MassOfShapes","floor":50,"turns":1},{"damage":0,"enemies":"Shield and Spear","floor":54,"turns":1},{"damage":3,"enemies":"The Heart","floor":55,"turns":3}],"seed_played":"-819551783242874097","potions_obtained":[{"floor":2.0,"key":"SpeedPotion"},{"floor":3.0,"key":"Energy Potion"},{"floor":6.0,"key":"Weak Potion"},{"floor":14.0,"key":"Strength Potion"},{"floor":25.0,"key":"DuplicationPotion"}],"is_trial":false,"path_per_floor":["M","M","M","M","M","E","R","E","T","R","E","M","$","M","R","B",null,"M","M","T","M","M","R","M","E","T","E","M","?","R","M","R","B",null,"M","M","$","?","?","E","R","E","T","T","R","M","E","?","R","B",null,"R","$","E","B",null],"character_chosen":"Librarian","items_purchased":["PageOfSnowWhitesApple","PageOfHappyTeddyBear","PageOfUniverseFragment","PageOfTodaysShyLook","Happy Flower","Lantern","ClockworkSouvenir","Chemical X"],"campfire_rested":3,"item_purchase_floors":[13,37,37,53,53,53,53,53],"current_hp_per_floor":[60,60,60,60,43,29,56,45,45,45,39,50,50,56,56,56,91,91,91,91,87,81,81,87,91,91,91,91,91,91,91,91,79,91,91,91,88,88,88,67,67,73,73,73,73,85,88,101,101,101,101,101,101,101,101],"gold":6384,"neow_bonus":"ONE_RARE_RELIC","is_daily":false,"chose_seed":false,"campfire_upgraded":6,"win_rate":0.0,"timestamp":1611157653,"path_taken":["M","?","M","M","M","E","R","E","T","R","E","M","$","M","R","BOSS","M","M","?","M","M","R","M","E","T","E","M","?","R","M","R","BOSS","M","M","$","?","?","E","R","E","T","?","R","M","E","?","R","BOSS","R","$","E","BOSS"],"items_purchased_type":["Relic","Relic","Relic","Relic","Relic","Relic","Relic","Relic"],"build_version":"2020-12-22","purchased_purges":4,"victory":true,"max_hp_per_floor":[62,91,91,91,91,91,91,91,91,91,91,91,91,91,91,91,91,91,91,91,91,91,91,91,91,91,91,91,91,91,91,91,91,91,91,91,88,88,88,88,88,88,88,88,88,88,88,101,101,101,101,101,101,101,101],"card_choices":[{"not_picked":["NightInTheBackstreets","FleetFootsteps","ExtractFuel"],"picked":"SuppressingShot","floor":1.0},{"not_picked":["Reload","HandleRequest","SunsetBlade"],"picked":"Disposal","floor":2.0},{"not_picked":["SuppressingShot","SinglePointStab","PinpointShot","SunsetBlade"],"picked":"SKIP","floor":3.0},{"not_picked":["SunsetBlade","MultiBlock","SinglePointStab"],"picked":"Punishment","floor":4.0},{"not_picked":["HiddenBlade","Pound","ShockRound"],"picked":"SilentNight","floor":5.0},{"not_picked":["SweepTheBackstreets","ButterflySlash","SummaryJudgment","Disposal"],"picked":"SKIP","floor":6.0},{"not_picked":["EnergyStrike","MultiHit","SunsetBlade"],"picked":"PreparedMind","floor":8.0},{"not_picked":["MultiBlock","QuickAttack","SetFire"],"picked":"BattleCommand","floor":11.0},{"not_picked":["HandleRequest","YourShield","QuickSuppression"],"picked":"RushDown","floor":12.0},{"not_picked":["FrontalAssault","BayonetCombat","Pound"],"picked":"Parry2","floor":14.0},{"not_picked":["Disposal","SavageMode"],"picked":"Suppress","floor":16.0},{"not_picked":["SunsetBlade","NightInTheBackstreets+1","FlashOfSunup+1"],"picked":"ForTheFamily","floor":18.0},{"not_picked":["LossOfSenses","QuickSuppression","SunsetBlade+1","FocusFire+1"],"picked":"SKIP","floor":19.0},{"not_picked":["FervidEmotions+1","FlamingDragonFist","HandleRequest","GatherIntel"],"picked":"SKIP","floor":21.0},{"not_picked":["FervidEmotions","Parry2","RushDown"],"picked":"BulkyImpact","floor":22.0},{"not_picked":["GuardingStance","MultiBlock","SinglePointStab+1"],"picked":"GrazeTheGrass","floor":24.0},{"not_picked":["SnakesPrey","QuickAttack","DarkCloud","HighSpeedStabbing"],"picked":"SKIP","floor":25.0},{"not_picked":["FleetEdge","InhaleSmoke+1","Reload+1"],"picked":"RhinoRam","floor":27.0},{"not_picked":["Guardian_lor","QuickAttack","PreparedMind","EnergyStrike"],"picked":"SKIP","floor":28.0},{"not_picked":["Guardian_lor","QuickAttack","PreparedMind","EnergyStrike"],"picked":"SKIP","floor":28.0},{"not_picked":["SpearedSweep","HiddenBlade","SmokingPipe"],"picked":"FrontalAssault+1","floor":31.0},{"not_picked":["CrackOfDawn","SilentNight"],"picked":"Deflect_lor","floor":33.0},{"not_picked":["EnergyStrike+1","SparkingSpear+1","PinpointShot"],"picked":"UnforgettableMelody","floor":35.0},{"not_picked":["Disposal","HiddenBlade+1","PinpointShot+1","Pound+1"],"picked":"SKIP","floor":36.0},{"not_picked":["SharpenedBlade+1","BulkyImpact","QuickAttack+1","Suppress"],"picked":"SKIP","floor":40.0},{"not_picked":["SharpenedBlade+1","BulkyImpact","QuickAttack+1","Suppress"],"picked":"SKIP","floor":40.0},{"not_picked":["EnergyStrike+1","MultiBlock","SetFire","LawAndOrder"],"picked":"SKIP","floor":42.0},{"not_picked":["ShrineToMusic","FlowOfTheSword+1","LawAndOrder","FleetEdge+1"],"picked":"SKIP","floor":46},{"not_picked":["MindPrepared","ForTheFamily+1","Deflect_lor","SuppressingShot+1"],"picked":"SKIP","floor":47},{"not_picked":["MindPrepared","ForTheFamily+1","Deflect_lor","SuppressingShot+1"],"picked":"SKIP","floor":47},{"not_picked":["LossOfSenses+1","ExtractFuel","SharpenedBlade+1"],"picked":"Concentration","floor":52},{"not_picked":["DarkCloud","GrazeTheGrass","QuickSuppression","FrontalAssault+1"],"picked":"SKIP","floor":54}],"player_experience":1474584,"relics_obtained":[{"floor":6.0,"key":"infinitespire:PuzzleCube"},{"floor":8.0,"key":"PageOfSpiderBud"},{"floor":9.0,"key":"PageOfBloodbath"},{"floor":11.0,"key":"Boot"},{"floor":25.0,"key":"Tiny Chest"},{"floor":26.0,"key":"PageOfMercenary"},{"floor":27.0,"key":"PageOfPinocchio"},{"floor":40.0,"key":"Dream Catcher"},{"floor":42.0,"key":"Bag of Marbles"},{"floor":47,"key":"Akabeko"},{"floor":48,"key":"PageOfAspirationHeart"},{"floor":54,"key":"FossilizedHelix"}],"event_choices":[{"damage_healed":0.0,"max_hp_gain":0.0,"max_hp_loss":8.0,"gold_gain":0.0,"event_name":"betterThird:BetterWriting","player_choice":"Simplicity","floor":29.0,"gold_loss":0.0,"damage_taken":0.0},{"damage_healed":0.0,"max_hp_gain":0.0,"max_hp_loss":0.0,"gold_gain":100.0,"event_name":"Golden Shrine","player_choice":"Pray","floor":39.0,"gold_loss":0.0,"damage_taken":0.0},{"damage_healed":0,"gold_gain":0,"player_choice":"Fight","damage_taken":0,"max_hp_gain":0,"max_hp_loss":0,"event_name":"MindBloom","floor":48,"gold_loss":0}],"is_beta":false,"boss_relics":[{"not_picked":["Busted Crown","Runic Pyramid"],"picked":"infinitespire:Cupcake"},{"not_picked":["Fusion Hammer","Calling Bell"],"picked":"Cursed Key"}],"items_purged_floors":[37,37,53,53],"is_endless":false,"potions_floor_spawned":[2,3,6,14,16,18,22,25,28,31,35,36,48],"ascension_level":2}}