{"host":"8rwquwrlbfkmmuup","time":1611177459,"event":{"mods":["BaseMod","Halation","Infinite Spire","Minty Spire (QoL Compilation)","Replay The Spire","Shop Mod","StSLib"],"gold_per_floor":[117,19,19,19,19,50,80,92,104,146,158,199,241,271,283,391,403,431,353,379,391,403,448,460,472,484,496,538,32,51,80,80,80,80],"floor_reached":33,"language":"ENG","playtime":1824,"items_purged":["Strike_B","Strike_B+1"],"score":370,"play_id":"3ffe6e0e-5866-4f3c-9877-427908a35ea8","local_time":"20210120131739","is_ascension_mode":true,"campfire_choices":[{"floor":15.0,"key":"RECALL"},{"data":"infinitespire:Starlight","floor":27.0,"key":"SMITH"},{"floor":32,"key":"REST"}],"circlet_count":0,"master_deck":["Strike_B+1","Defend_B","Defend_B","Defend_B","Defend_B","Zap+1","Dualcast+1","Beam Cell","Capacitor+1","Coolheaded","Machine Learning","Mirror Shield","Hologram","Meteor Strike","Ball Lightning+1","Voices","Ball Lightning","infinitespire:Starlight+1","Conserve Battery","Fusion","Capacitor+1"],"relics":["Ring of the Snake","NeowsBlessing","infinitespire:Cubic Diamond","halation:PinkSoulGem","White Beast Statue","MawBank","WingedGreaves","halation:OrihimeAndHikoboshiSamaAndTears","Replay:Antivirus Software","Inserter","Whetstone","InkBottle","Iron Hammer","Letter Opener","Lantern","Counterbalance","Vajra"],"acts_visited":["Exordium","TheCity"],"potions_floor_usage":[31,33],"damage_taken":[{"damage":0.0,"enemies":"Jaw Worm","floor":1.0,"turns":1.0},{"damage":0.0,"enemies":"Lagavulin","floor":6.0,"turns":1.0},{"damage":0.0,"enemies":"Small Slimes","floor":7.0,"turns":1.0},{"damage":18.0,"enemies":"Gremlin Nob","floor":10.0,"turns":4.0},{"damage":18.0,"enemies":"Lagavulin","floor":12.0,"turns":7.0},{"damage":3.0,"enemies":"Gremlin Nob","floor":13.0,"turns":3.0},{"damage":0.0,"enemies":"Cultist","floor":14.0,"turns":1.0},{"damage":22.0,"enemies":"Slime Boss","floor":16.0,"turns":8.0},{"damage":16.0,"enemies":"Spheric Guardian","floor":18.0,"turns":6.0},{"damage":6.0,"enemies":"3 Byrds","floor":20.0,"turns":3.0},{"damage":34.0,"enemies":"Slavers","floor":23.0,"turns":4.0},{"damage":28.0,"enemies":"Book of Stabbing","floor":28.0,"turns":4.0},{"damage":6.0,"enemies":"Sentry and Sphere","floor":30.0,"turns":3.0},{"damage":22,"enemies":"Slavers","floor":31,"turns":4},{"damage":83,"enemies":"LordOfAnnihilation","floor":33,"turns":10}],"seed_played":"3900349570092631824","potions_obtained":[{"floor":1.0,"key":"SkillPotion"},{"floor":6.0,"key":"FairyPotion"},{"floor":7.0,"key":"BlessingOfTheForge"},{"floor":10.0,"key":"Swift Potion"},{"floor":13.0,"key":"SteroidPotion"},{"floor":14.0,"key":"Swift Potion"},{"floor":16.0,"key":"SneckoOil"},{"floor":18.0,"key":"FocusPotion"},{"floor":20.0,"key":"ColorlessPotion"},{"floor":23.0,"key":"infinitespire:BlackPotion"},{"floor":28.0,"key":"Fire Potion"},{"floor":30.0,"key":"Venom Potion"},{"floor":31,"key":"Block Potion"}],"is_trial":false,"path_per_floor":["M","$","?","?","?","E","M","?","T","E","?","E","E","M","R","B",null,"M","?","M","?","?","E","AVR","HB","T","R","E","$","M","E","R","B"],"character_chosen":"DEFECT","items_purchased":["Capacitor+1","Coolheaded","Lantern","Counterbalance"],"campfire_rested":1,"item_purchase_floors":[2,2,29,29],"current_hp_per_floor":[75,75,75,75,75,75,75,60,60,42,75,57,54,54,54,32,75,59,59,53,53,53,19,19,19,19,19,6,6,15,8,19,0,0],"gold":80,"neow_bonus":"THREE_ENEMY_KILL","is_daily":false,"chose_seed":false,"campfire_upgraded":1,"win_rate":0.0,"timestamp":1611177459,"path_taken":["M","$","?","?","?","E","?","?","T","E","?","E","E","?","R","BOSS","M","?","?","?","?","E","AVR","HB","T","R","E","$","M","E","R","BOSS"],"items_purchased_type":["Card","Card","Relic","Relic"],"build_version":"2020-12-22","purchased_purges":2,"victory":false,"max_hp_per_floor":[75,75,75,75,75,75,75,75,75,75,75,75,75,75,75,75,75,75,75,75,75,75,75,75,38,38,38,38,38,38,38,38,38,38],"card_choices":[{"not_picked":["Go for the Eyes","Compile Driver"],"picked":"Beam Cell","floor":1.0},{"not_picked":["Hello World","Barrage","Beam Cell"],"picked":"SKIP","floor":6.0},{"not_picked":["Steam","Scrape","Reboot"],"picked":"SKIP","floor":7.0},{"not_picked":["Hello World","Gash"],"picked":"Machine Learning","floor":10.0},{"not_picked":["ReplaySort","Hello World","ReplayTheSpireMod:System Scan"],"picked":"SKIP","floor":12.0},{"not_picked":["Buffer","Streamline"],"picked":"Mirror Shield","floor":13.0},{"not_picked":["Cold Snap","Gash"],"picked":"Hologram","floor":14.0},{"not_picked":["ReplayTheSpireMod:Omega Cannon","Reboot"],"picked":"Meteor Strike","floor":16.0},{"not_picked":["Consume","Stack"],"picked":"Ball Lightning","floor":18.0},{"not_picked":["Barrage","Rebound","Streamline"],"picked":"SKIP","floor":20.0},{"not_picked":["Compile Driver","Auto Shields+1"],"picked":"Ball Lightning","floor":23.0},{"not_picked":["Go for the Eyes","Force Field"],"picked":"Conserve Battery","floor":28.0},{"not_picked":["Melter","Coolheaded"],"picked":"Fusion","floor":30.0},{"not_picked":["Hello World","Gash"],"picked":"Capacitor+1","floor":31}],"player_experience":65398,"relics_obtained":[{"floor":6.0,"key":"MawBank"},{"floor":10.0,"key":"WingedGreaves"},{"floor":12.0,"key":"halation:OrihimeAndHikoboshiSamaAndTears"},{"floor":13.0,"key":"Replay:Antivirus Software"},{"floor":23.0,"key":"Whetstone"},{"floor":26.0,"key":"Iron Hammer"},{"floor":28.0,"key":"Letter Opener"},{"floor":31,"key":"Vajra"}],"event_choices":[{"damage_healed":0.0,"max_hp_gain":0.0,"max_hp_loss":0.0,"gold_gain":0.0,"event_name":"WeMeetAgain","player_choice":"Gave Potion","floor":5.0,"gold_loss":0.0,"damage_taken":0.0,"relics_obtained":["White Beast Statue"]},{"damage_healed":0.0,"max_hp_gain":0.0,"max_hp_loss":0.0,"gold_gain":0.0,"event_name":"Shining Light","player_choice":"Entered Light","floor":8.0,"gold_loss":0.0,"damage_taken":15.0,"cards_upgraded":["Zap","Strike_B"]},{"damage_healed":33.0,"max_hp_gain":0.0,"max_hp_loss":0.0,"gold_gain":0.0,"event_name":"Wheel of Change","player_choice":"Full Heal","floor":11.0,"gold_loss":0.0,"damage_taken":0.0},{"cards_removed":["Strike_B"],"damage_healed":0.0,"max_hp_gain":0.0,"max_hp_loss":0.0,"gold_gain":0.0,"event_name":"Designer","player_choice":"Upgrade and Remove","floor":19.0,"gold_loss":90.0,"damage_taken":0.0,"cards_upgraded":["Dualcast"]}],"is_beta":false,"boss_relics":[{"not_picked":["Velvet Choker","infinitespire:Cupcake"],"picked":"Inserter"}],"items_purged_floors":[24,29],"is_endless":false,"potions_floor_spawned":[1,6,7,10,12,13,14,16,18,20,23,28,30,31],"killed_by":"LordOfAnnihilation","ascension_level":1}}