{"host":"3imo7wsdyu7efakj","time":1611144597,"event":{"mods":["BaseMod","Downfall","Minty Spire (QoL Compilation)","Quick Restart","StSLib"],"gold_per_floor":[99,99,59,59,59,87,87,124,140,40,61,61,16,42,66,179,179,79,107,107,165,223,285,285,285,285,285,349,401,401,460,520,673,673,673,748,804,180,236,236,236,286,153,258,336,395,395,450,476,488],"floor_reached":51,"language":"ZHS","playtime":4939,"items_purged":["hexamod:Strike","hexamod:Strike+1"],"score":733,"play_id":"4028f015-9aa0-42cd-8c1e-e421972c0872","local_time":"20210120200957","is_ascension_mode":false,"campfire_choices":[{"floor":1.0,"key":"RECALL"},{"data":"hexamod:RainOfEmbers","floor":10.0,"key":"SMITH"},{"data":"hexamod:UnleashSpirits","floor":18.0,"key":"SMITH"},{"data":"hexamod:VolcanoVisage","floor":26.0,"key":"SMITH"},{"data":"hexamod:SpectralSpark","floor":30.0,"key":"SMITH"},{"data":"hexamod:ParanormalForm","floor":35,"key":"SMITH"},{"data":"expansioncontent:DashGenerateEvil","floor":40,"key":"SMITH"}],"circlet_count":0,"master_deck":["hexamod:Strike+1","hexamod:Strike+1","hexamod:Defend+1","hexamod:Defend","hexamod:Defend","hexamod:Sear+1","hexamod:Float+1","hexamod:SpectralSpark+1","hexamod:RainOfEmbers+1","hexamod:SpectersWail+1","hexamod:InspiringFlames+1","hexamod:StepThrough+1","downfall:Malfunctioning","hexamod:GhostShield+1","hexamod:ExtraCrispy+1","hexamod:Hexaguard+1","hexamod:UnleashSpirits+1","hexamod:Hexaguard+1","hexamod:AdvancingGuard+1","hexamod:FlamesFromBeyond","hexamod:PhantomCloak","hexamod:VolcanoVisage+1","hexamod:SoulSteal","hexamod:NightmareStrike+1","hexamod:Haunt+1","hexamod:ParanormalForm+1","CurseOfTheBell","hexamod:ExtraCrispy+1","expansioncontent:DashGenerateEvil+1","hexamod:RecurringNightmare+1","hexamod:Hexaguard+1","hexamod:FastForward+1","hexamod:UnlimitedPower","hexamod:RecurringNightmare+1","hexamod:NecessarySacrifice","expansioncontent:AwakenDeath","expansioncontent:AwakenDeath","expansioncontent:AwakenDeath","hexamod:Hexaguard+1"],"relics":["hexamod:SpiritBrand","downfall:HeartsMalice","TungstenRod","Sundial","downfall:HeartBlessingRed","expansioncontent:StudyCardRelic","downfall:HeartBlessingGreen","downfall:KnowingSkull","bronze:DecasWashers","Calling Bell","Centennial Puzzle","Ornamental Fan","Lizard Tail","Du-Vu Doll","Pantograph","Bronze Scales","Potion Belt","hexamod:TheBrokenSeal","MawBank"],"acts_visited":["Exordium","TheCity","TheBeyond"],"potions_floor_usage":[31,31,33,33,38,38,43,45,45,50,50,50,50,50,50],"damage_taken":[{"damage":0.0,"enemies":"Jaw Worm","floor":2.0,"turns":1.0},{"damage":0.0,"enemies":"downfall:FleeingMerchant","floor":3.0,"turns":1.0},{"damage":0.0,"enemies":"Cultist","floor":5.0,"turns":1.0},{"damage":3.0,"enemies":"Small Slimes","floor":6.0,"turns":3.0},{"damage":19.0,"enemies":"3 Sentries","floor":8.0,"turns":7.0},{"damage":11.0,"enemies":"Exordium Wildlife","floor":9.0,"turns":3.0},{"damage":19.0,"enemies":"Exordium Thugs","floor":11.0,"turns":4.0},{"damage":4.0,"enemies":"downfall:FleeingMerchant","floor":13.0,"turns":4.0},{"damage":2.0,"enemies":"Red Slaver","floor":14.0,"turns":3.0},{"damage":1.0,"enemies":"Blue Slaver","floor":15.0,"turns":3.0},{"damage":4.0,"enemies":"IC_STATUS_ARCHETYPE","floor":16.0,"turns":6.0},{"damage":0.0,"enemies":"Spheric Guardian","floor":19.0,"turns":3.0},{"damage":2.0,"enemies":"Shell Parasite","floor":21.0,"turns":4.0},{"damage":34.0,"enemies":"Cultist and Chosen","floor":22.0,"turns":9.0},{"damage":12.0,"enemies":"Centurion and Healer","floor":23.0,"turns":5.0},{"damage":2.0,"enemies":"Sentry and Sphere","floor":28.0,"turns":5.0},{"damage":12.0,"enemies":"3 Cultists","floor":29.0,"turns":4.0},{"damage":2,"enemies":"Cultist and Chosen","floor":31,"turns":3},{"damage":2,"enemies":"Centurion and Healer","floor":32,"turns":4},{"damage":33,"enemies":"DF_ARCHETYPE_CLAW","floor":33,"turns":6},{"damage":7,"enemies":"Orb Walker","floor":37,"turns":3},{"damage":2,"enemies":"downfall:FleeingMerchant","floor":38,"turns":4},{"damage":43,"enemies":"3 Darklings","floor":39,"turns":3},{"damage":8,"enemies":"Writhing Mass","floor":42,"turns":3},{"damage":8,"enemies":"downfall:FleeingMerchant","floor":43,"turns":4},{"damage":31,"enemies":"Spire Growth","floor":44,"turns":5},{"damage":21,"enemies":"Nemesis","floor":45,"turns":5},{"damage":6,"enemies":"4 Shapes","floor":46,"turns":6},{"damage":7,"enemies":"Sphere and 2 Shapes","floor":49,"turns":3},{"damage":39,"enemies":"WA_ARCHETYPE_DIVINITY","floor":50,"turns":12}],"seed_played":"-1784481025771208996","potions_obtained":[{"floor":8.0,"key":"BlessingOfTheForge"},{"floor":8.0,"key":"FairyPotion"},{"floor":9.0,"key":"bronze:BurnAndBuffPotion"},{"floor":9.0,"key":"LiquidBronze"},{"floor":11.0,"key":"bronze:BurnAndBuffPotion"},{"floor":13.0,"key":"EntropicBrew"},{"floor":14.0,"key":"EssenceOfSteel"},{"floor":15.0,"key":"AttackPotion"},{"floor":16.0,"key":"Guardian:BlockOnCardUsePotion"},{"floor":16.0,"key":"Fire Potion"},{"floor":19.0,"key":"ColorlessPotion"},{"floor":19.0,"key":"Fire Potion"},{"floor":21.0,"key":"Explosive Potion"},{"floor":22.0,"key":"hexamod:EctoCoolerPotion"},{"floor":23.0,"key":"SteroidPotion"},{"floor":23.0,"key":"Weak Potion"},{"floor":27.0,"key":"Dexterity Potion"},{"floor":29.0,"key":"AttackPotion"},{"floor":31,"key":"Explosive Potion"},{"floor":31,"key":"Block Potion"},{"floor":32,"key":"BlessingOfTheForge"},{"floor":33,"key":"LiquidBronze"},{"floor":36,"key":"downfall:CursedFountainPotion"},{"floor":37,"key":"Fire Potion"},{"floor":38,"key":"FairyPotion"},{"floor":39,"key":"BlessingOfTheForge"},{"floor":42,"key":"FearPotion"},{"floor":44,"key":"LiquidBronze"},{"floor":46,"key":"Ancient Potion"},{"floor":49,"key":"bronze:BurnAndBuffPotion"}],"is_trial":false,"path_per_floor":["R","M","$","?","M","M","T","E","M","R","M","?","$","M","M","B",null,"R","M","?","M","M","M","T","?","R","?","M","M","R","M","M","B",null,"R","?","M","$","M","R","T","M","$","M","E","M","?","T","M","B",null],"character_chosen":"THE_SPIRIT","items_purchased":["hexamod:RainOfEmbers","hexamod:ExtraCrispy","Du-Vu Doll","hexamod:ThirdSeal","expansioncontent:DashGenerateEvil","Pantograph","Bronze Scales"],"campfire_rested":0,"item_purchase_floors":[3,13,38,38,38,43,43],"current_hp_per_floor":[70,70,70,70,70,67,67,48,37,37,18,18,21,19,25,28,70,70,70,64,69,42,37,37,37,37,37,42,37,37,35,40,7,70,70,70,63,68,32,32,32,24,16,7,16,80,71,71,64,41],"gold":500,"neow_bonus":"THREE_ENEMY_KILL","is_daily":false,"chose_seed":false,"campfire_upgraded":6,"win_rate":0.0,"timestamp":1611144597,"path_taken":["R","M","$","?","M","?","T","E","M","R","M","?","?","M","M","BOSS","R","M","?","M","?","M","T","?","R","?","M","?","R","M","M","BOSS","R","?","M","$","M","R","T","?","?","M","E","?","?","?","M","BOSS"],"items_purchased_type":["Card","Card","Relic","Card","Card","Relic","Relic"],"build_version":"2020-12-22","purchased_purges":2,"victory":true,"max_hp_per_floor":[70,70,70,70,70,70,70,70,70,70,70,70,70,70,70,70,70,70,70,70,70,70,70,70,70,70,70,70,70,70,70,70,70,70,70,70,70,70,70,70,70,70,70,70,70,80,80,80,80,80],"card_choices":[{"not_picked":["hexamod:HeatMetal","hexamod:SuperheatedStrike"],"picked":"hexamod:SpectralSpark","floor":2.0},{"not_picked":["hexamod:ShieldOfDarkness","hexamod:RetreatToShadows"],"picked":"hexamod:SecondSeal","floor":3.0},{"not_picked":["hexamod:ThermalTransfer","hexamod:NightmareGuise"],"picked":"hexamod:SpectersWail","floor":5.0},{"not_picked":["hexamod:SuperheatedStrike","hexamod:SecondSeal"],"picked":"hexamod:FourthSeal","floor":6.0},{"not_picked":["hexamod:PhantomFireball","hexamod:SecondSeal"],"picked":"hexamod:InspiringFlames","floor":8.0},{"not_picked":["hexamod:HauntingEcho","hexamod:CatchUp"],"picked":"hexamod:StepThrough","floor":9.0},{"not_picked":["hexamod:Incineration","hexamod:SkipABeat"],"picked":"hexamod:FirstSeal","floor":11.0},{"not_picked":["hexamod:FourthSeal","hexamod:SuperheatedStrike"],"picked":"hexamod:GhostShield","floor":13.0},{"not_picked":["hexamod:FirstSeal","hexamod:HeatCrush"],"picked":"hexamod:Hexaguard","floor":14.0},{"not_picked":["hexamod:SpectersWail","hexamod:BurningTouch"],"picked":"hexamod:SixthSeal","floor":15.0},{"not_picked":["hexamod:GhostflameInferno","hexamod:HexaLevel"],"picked":"hexamod:UnleashSpirits","floor":16.0},{"not_picked":["hexamod:HeatMetal+1","hexamod:HauntingEcho+1"],"picked":"hexamod:Hexaguard","floor":19.0},{"not_picked":["hexamod:SpectersWail","hexamod:Incineration"],"picked":"hexamod:AdvancingGuard","floor":21.0},{"not_picked":["hexamod:NightmareGuise","hexamod:HeatMetal"],"picked":"hexamod:FlamesFromBeyond","floor":22.0},{"not_picked":["hexamod:HauntingEcho","hexamod:InspiringFlames"],"picked":"hexamod:PhantomCloak","floor":23.0},{"not_picked":["hexamod:Firestarter","hexamod:SuperheatedStrike+1"],"picked":"hexamod:SoulSteal","floor":28.0},{"not_picked":["hexamod:SixthSeal","hexamod:HauntingEcho+1","hexamod:NecessarySacrifice+1"],"picked":"SKIP","floor":29.0},{"not_picked":["hexamod:FlamesFromBeyond","hexamod:HauntingEcho"],"picked":"hexamod:NightmareStrike","floor":31},{"not_picked":["hexamod:SpectersWail","hexamod:GhostOfSpirePresent"],"picked":"hexamod:Haunt+1","floor":32},{"not_picked":["hexamod:FlameSwitch","hexamod:VolcanoVisage"],"picked":"hexamod:ParanormalForm","floor":33},{"not_picked":["hexamod:GhostLash","hexamod:GhostOfSpirePast+1"],"picked":"hexamod:ExtraCrispy+1","floor":37},{"not_picked":["hexamod:BurningTouch","hexamod:BacktrackSmack","hexamod:Again"],"picked":"SKIP","floor":38},{"not_picked":["hexamod:ShieldOfDarkness","hexamod:SpectralAdrenaline"],"picked":"hexamod:RecurringNightmare+1","floor":39},{"not_picked":["hexamod:BurningTouch","hexamod:SpectersWail"],"picked":"hexamod:Hexaguard+1","floor":42},{"not_picked":["hexamod:HauntingEcho+1","hexamod:FlamesFromBeyond+1"],"picked":"hexamod:FastForward+1","floor":42},{"not_picked":["hexamod:GhostOfSpirePast+1","hexamod:GhostLash+1","hexamod:InspiringFlames+1"],"picked":"SKIP","floor":43},{"not_picked":["hexamod:NightmareStrike","hexamod:HeatShield"],"picked":"hexamod:UnlimitedPower","floor":44},{"not_picked":["hexamod:FourthSeal","hexamod:ExtraCrispy","hexamod:Firestarter+1"],"picked":"SKIP","floor":44},{"not_picked":["hexamod:Firestarter","hexamod:HeatMetal"],"picked":"hexamod:RecurringNightmare+1","floor":45},{"not_picked":["hexamod:RecurringNightmare+1","hexamod:ShieldOfDarkness+1"],"picked":"hexamod:FifthSeal","floor":45},{"not_picked":["hexamod:ThirdSeal","hexamod:SwordOfDarkness+1"],"picked":"hexamod:NecessarySacrifice","floor":46},{"not_picked":["expansioncontent:PrepareCrush","expansioncontent:GuardianWhirl"],"picked":"expansioncontent:AwakenDeath","floor":47},{"not_picked":["expansioncontent:YouAreMine","expansioncontent:LastStand"],"picked":"expansioncontent:AwakenDeath","floor":47},{"not_picked":["expansioncontent:PrepareCrush","expansioncontent:LastStand"],"picked":"expansioncontent:AwakenDeath","floor":47},{"not_picked":["hexamod:SuperheatedStrike+1","hexamod:FastForward"],"picked":"hexamod:Hexaguard+1","floor":49}],"player_experience":265814,"relics_obtained":[{"floor":7.0,"key":"TungstenRod"},{"floor":8.0,"key":"Sundial"},{"floor":24.0,"key":"bronze:DecasWashers"},{"floor":34,"key":"Centennial Puzzle"},{"floor":34,"key":"Ornamental Fan"},{"floor":34,"key":"Lizard Tail"},{"floor":45,"key":"Potion Belt"},{"floor":48,"key":"MawBank"}],"event_choices":[{"cards_removed":["hexamod:Defend"],"damage_healed":0.0,"max_hp_gain":0.0,"max_hp_loss":0.0,"gold_gain":0.0,"event_name":"Bonfire Elementals","player_choice":"Offered Basic","floor":4.0,"gold_loss":0.0,"damage_taken":0.0},{"damage_healed":0.0,"max_hp_gain":0.0,"max_hp_loss":0.0,"gold_gain":0.0,"event_name":"The Library","player_choice":"Read","floor":25.0,"gold_loss":0.0,"damage_taken":0.0,"cards_obtained":["hexamod:VolcanoVisage"]},{"damage_healed":0.0,"max_hp_gain":0.0,"max_hp_loss":0.0,"gold_gain":0.0,"event_name":"Lab","player_choice":"Got Potions","floor":27.0,"gold_loss":0.0,"damage_taken":0.0}],"is_beta":false,"boss_relics":[{"not_picked":["Fusion Hammer","Coffee Dripper"],"picked":"expansioncontent:StudyCardRelic"},{"not_picked":["Pandora\u0027s Box","Empty Cage"],"picked":"Calling Bell"}],"items_purged_floors":[38,43],"is_endless":false,"potions_floor_spawned":[8,9,11,14,15,16,19,23,31,32,37,39,42,46,49],"ascension_level":0}}