{"host":"wj6vwlg8bkoql3lv","time":1611161989,"event":{"mods":["BaseMod","Colored Map","Friendly Minions","Hermit","Hubris","Infinite Spire","JesterMod","Jorbs\u0027s Wanderer Trilogy","Marisa????????","Minty Spire (QoL Compilation)","Replay The Spire","Shade Mod","StSLib","The Blue Laboratory","The Bug Knight","The Cursed","The Disciple","The Gatherer","The Hierophant","The Jungle","The Marked","The Mystic","The Runesmith","The Senshi","The Servant 0.9.4"],"gold_per_floor":[114,128,146,156,176,176,190,223,223,251,267,267,267,336,336,432,432,444,456,656,666,136,136,155,155,155,190,208,208,208,231,231,231,231],"floor_reached":33,"language":"ENG","playtime":3158,"items_purged":["HollowMod:NailStrikeStart"],"score":271,"play_id":"4e3a4341-0114-4d7d-b134-21a44b167864","local_time":"20210120165949","is_ascension_mode":false,"campfire_choices":[{"data":"HollowMod:FocusHealStart","floor":6,"key":"SMITH"},{"data":"HollowMod:DesolateDive","floor":12,"key":"SMITH"},{"floor":15,"key":"REST"},{"data":"HollowMod:SlysStrikes","floor":23,"key":"SMITH"},{"floor":25,"key":"REST"},{"floor":29,"key":"REST"},{"floor":32,"key":"REST"}],"circlet_count":0,"master_deck":["HollowMod:NailStrikeStart+1","HollowMod:NailStrikeStart","HollowMod:NailStrikeStart","HollowMod:QuickDashStart","HollowMod:QuickDashStart","HollowMod:QuickDashStart","HollowMod:QuickDashStart","HollowMod:FocusHealStart+1","HollowMod:PogoStrike","HollowMod:FastStrike","HollowMod:MonarchWings","HollowMod:HeavyBlow","HollowMod:DashSlash","HollowMod:DesolateDive+1","HollowMod:FallenFury","HollowMod:CycloneSlash","HollowMod:BaldurShell","HollowMod:ZotesMagnificence","HollowMod:HuntersJournal","HollowMod:SlysStrikes+1","HollowMod:HowlingWraiths","HollowMod:CoiledNail+1","HollowMod:CloakDash","HollowMod:GoodIntentions","HollowMod:Grubsong+1","HollowMod:HowlingWraiths","HollowMod:SoulStrike+1","HollowMod:SoulEater+1","HollowMod:MantisMark+1"],"relics":["HollowMod:VesselMask","Unceasing Top","ReplayTheSpireMod:Shallot","Odd Mushroom","Replay:Bottled Snecko","Philosopher\u0027s Stone","HandDrill","MealTicket","infinitespire:Broken Mirror","hubris:DeckOfHolding","Gremlin Food"],"acts_visited":["Exordium","TheCity"],"potions_floor_usage":[7,8,24,30],"damage_taken":[{"damage":0,"enemies":"Cultist","floor":1,"turns":2},{"damage":4,"enemies":"2 Louse","floor":2,"turns":2},{"damage":1,"enemies":"Jaw Worm","floor":3,"turns":3},{"damage":0,"enemies":"Blue Slaver","floor":4,"turns":4},{"damage":9,"enemies":"Exordium Wildlife","floor":5,"turns":4},{"damage":19,"enemies":"HollowMod:HuskWarrior","floor":7,"turns":6},{"damage":14,"enemies":"HollowMod:MossKnight","floor":8,"turns":10},{"damage":6,"enemies":"The Mushroom Lair","floor":10,"turns":3},{"damage":22,"enemies":"Exordium Thugs","floor":11,"turns":4},{"damage":27,"enemies":"Slime Boss","floor":16,"turns":6},{"damage":8,"enemies":"2 Thieves","floor":18,"turns":3},{"damage":5,"enemies":"Shell Parasite","floor":19,"turns":5},{"damage":10,"enemies":"Centurion and Healer","floor":21,"turns":5},{"damage":52,"enemies":"3 Cultists","floor":24,"turns":6},{"damage":19,"enemies":"Gremlin Leader","floor":27,"turns":5},{"damage":21,"enemies":"Snake Plant","floor":28,"turns":3},{"damage":0,"enemies":"Shelled Parasite and Fungi","floor":30,"turns":1},{"damage":57,"enemies":"Automaton","floor":33,"turns":6}],"seed_played":"-2033896178721184317","potions_obtained":[{"floor":1,"key":"FearPotion"},{"floor":3,"key":"GamblersBrew"},{"floor":5,"key":"blueLaboratory:Moonshine"},{"floor":7,"key":"Elixir"},{"floor":16,"key":"SmokeBomb"},{"floor":18,"key":"blueLaboratory:BottleOfVodka"}],"is_trial":false,"path_per_floor":["M","M","M","M","M","R","M","E","T","?","M","R","T","?","R","B",null,"M","M","?","M","$","R","M","R","T","E","M","R","M","T","R","B"],"character_chosen":"THE_BUGKNIGHT","items_purchased":["HollowMod:GoodIntentions","HollowMod:Grubsong+1","HandDrill","MealTicket","HollowMod:HowlingWraiths"],"campfire_rested":4,"item_purchase_floors":[22,22,22,22,22],"current_hp_per_floor":[75,71,70,75,66,66,59,57,57,51,29,29,29,29,51,24,75,73,70,70,60,60,60,18,40,40,27,6,28,28,28,50,0,0],"gold":231,"neow_bonus":"THREE_CARDS","is_daily":false,"chose_seed":false,"campfire_upgraded":3,"win_rate":0.0,"timestamp":1611161989,"path_taken":["M","?","M","M","M","R","M","E","T","?","M","R","?","?","R","BOSS","M","M","?","M","$","R","M","R","T","E","?","R","?","?","R","BOSS"],"items_purchased_type":["Card","Card","Relic","Relic","Card"],"build_version":"2020-12-22","purchased_purges":1,"victory":false,"max_hp_per_floor":[75,75,75,75,75,75,75,75,75,75,75,75,75,75,75,75,75,75,75,75,75,75,75,75,75,75,75,75,75,75,75,75,75,75],"card_choices":[{"not_picked":["HollowMod:PerfectDash","HollowMod:SiblingsSouls"],"picked":"HollowMod:FastStrike","floor":0},{"not_picked":["HollowMod:TaintedHusks","HollowMod:CornifersMapStart"],"picked":"HollowMod:MonarchWings","floor":1},{"not_picked":["HollowMod:ShadowDash","HollowMod:QuirrelsAssistance"],"picked":"HollowMod:HeavyBlow","floor":2},{"not_picked":["HollowMod:LifebloodCocoon","HollowMod:MidwifesHunger"],"picked":"HollowMod:DashSlash","floor":3},{"not_picked":["HollowMod:TaintedHusks","HollowMod:DescendingDark"],"picked":"HollowMod:DesolateDive","floor":4},{"not_picked":["HollowMod:InfectedCysts","HollowMod:ChannelNail"],"picked":"HollowMod:FallenFury","floor":5},{"not_picked":["HollowMod:LifebloodCocoon","HollowMod:InfectedCysts"],"picked":"HollowMod:CycloneSlash","floor":7},{"not_picked":["HollowMod:BrokenVessel","HollowMod:MawleksShell"],"picked":"HollowMod:BaldurShell","floor":8},{"not_picked":["HollowMod:SiblingsSouls","HollowMod:SiblingsShadow"],"picked":"HollowMod:ZotesMagnificence","floor":10},{"not_picked":["HollowMod:QuirrelsAssistance","HollowMod:LifebloodCocoon"],"picked":"HollowMod:HuntersJournal","floor":11},{"not_picked":["HollowMod:MidwifesHunger","HollowMod:LifebloodCore"],"picked":"HollowMod:SlysStrikes","floor":16},{"not_picked":["HollowMod:GrimmsGift","HollowMod:MothsMistake"],"picked":"HollowMod:HowlingWraiths","floor":18},{"not_picked":["HollowMod:LifebloodCocoon","HollowMod:MothsMistake+1"],"picked":"HollowMod:CoiledNail+1","floor":19},{"not_picked":["HollowMod:HowlingWraiths","HollowMod:CornifersMapStart+1"],"picked":"HollowMod:CloakDash","floor":21},{"not_picked":["HollowMod:ChannelNail","HollowMod:DreamGate"],"picked":"HollowMod:SoulStrike+1","floor":24},{"not_picked":["HollowMod:SharpenedNail","HollowMod:HeavyBlow+1"],"picked":"HollowMod:SoulEater+1","floor":27},{"not_picked":["HollowMod:DescendingDark","HollowMod:InfectedAttack"],"picked":"HollowMod:MantisMark+1","floor":28}],"player_experience":95035,"relics_obtained":[{"floor":8,"key":"Unceasing Top"},{"floor":9,"key":"ReplayTheSpireMod:Shallot"},{"floor":10,"key":"Odd Mushroom"},{"floor":13,"key":"Replay:Bottled Snecko"},{"floor":26,"key":"infinitespire:Broken Mirror"},{"floor":27,"key":"hubris:DeckOfHolding"},{"floor":31,"key":"Gremlin Food"}],"event_choices":[{"damage_healed":0,"gold_gain":0,"player_choice":"Fought Mushrooms","damage_taken":0,"max_hp_gain":0,"max_hp_loss":0,"event_name":"Mushrooms","floor":10,"gold_loss":0},{"damage_healed":0,"gold_gain":69,"player_choice":"Gained Gold","damage_taken":0,"max_hp_gain":0,"max_hp_loss":0,"event_name":"Golden Wing","floor":14,"gold_loss":0},{"damage_healed":0,"gold_gain":250,"player_choice":"Bet on Owner","damage_taken":0,"max_hp_gain":0,"max_hp_loss":0,"event_name":"The Joust","floor":20,"gold_loss":50}],"is_beta":false,"boss_relics":[{"not_picked":["Calling Bell","Runic Pyramid"],"picked":"Philosopher\u0027s Stone"}],"items_purged_floors":[22],"is_endless":false,"potions_floor_spawned":[1,3,5,7,16,18,30],"killed_by":"Automaton","ascension_level":0}}