{"host":"u4zac1ah2fyo4jwu","time":1611148931,"event":{"mods":["AchievementEnabler","BaseMod","Keyboard Shortcuts","Minty Spire (QoL Compilation)","Quick Restart","Rare Cards Sparkle","SuperFastMode"],"gold_per_floor":[118,132,142,63,75,107,107,135,135,145,145,164,182,197,197,300,300,313,313,328,13,13,38,38,38,38,11,22,22,22,35,35,133,133,149,160,209,35,53,53,88,88,88,102,0,0,19,33,33,33],"floor_reached":51,"language":"KOR","playtime":4367,"items_purged":[],"score":711,"play_id":"6465087f-6d47-4a5e-830f-3af665967723","local_time":"20210120222211","is_ascension_mode":false,"campfire_choices":[{"floor":7,"key":"REST"},{"floor":11,"key":"REST"},{"floor":15,"key":"REST"},{"floor":24,"key":"REST"},{"floor":30,"key":"REST"},{"data":"Adrenaline","floor":32,"key":"SMITH"},{"data":"Burst","floor":40,"key":"SMITH"},{"floor":42,"key":"REST"},{"floor":49,"key":"REST"}],"circlet_count":0,"master_deck":["Strike_G","Strike_G","Strike_G","Strike_G","Strike_G","Defend_G","Defend_G","Defend_G","Defend_G","Defend_G","Survivor","Neutralize","Dagger Spray","Dodge and Roll","Backflip","Terror","Crippling Poison","Flying Knee","All Out Attack","Footwork","Backflip","Dash","Envenom","Backstab","Bouncing Flask+1","Adrenaline+1","Blade Dance","Masterful Stab+1","Caltrops","A Thousand Cuts+1","Deflect+1","Burst+1","Dodge and Roll+1","Deflect","Backstab","Caltrops","Crippling Poison+1","PiercingWail","Distraction+1"],"relics":["Ring of the Snake","White Beast Statue","HornCleat","Pear","Sozu","Enchiridion","Lizard Tail","Strawberry","TungstenRod","Eternal Feather","SacredBark","Gambling Chip","PreservedInsect","Pocketwatch","Gremlin Horn","Red Mask"],"acts_visited":["Exordium","TheCity","TheBeyond"],"potions_floor_usage":[10,10,12,16,16,33],"damage_taken":[{"damage":0,"enemies":"Cultist","floor":1,"turns":4},{"damage":0,"enemies":"Jaw Worm","floor":2,"turns":4},{"damage":0,"enemies":"Small Slimes","floor":3,"turns":2},{"damage":3,"enemies":"Looter","floor":5,"turns":3},{"damage":24,"enemies":"3 Sentries","floor":6,"turns":12},{"damage":33,"enemies":"Lagavulin","floor":8,"turns":9},{"damage":7,"enemies":"Exordium Thugs","floor":10,"turns":5},{"damage":9,"enemies":"Exordium Wildlife","floor":12,"turns":4},{"damage":6,"enemies":"3 Louse","floor":13,"turns":3},{"damage":2,"enemies":"Red Slaver","floor":14,"turns":4},{"damage":21,"enemies":"Hexaghost","floor":16,"turns":14},{"damage":6,"enemies":"3 Byrds","floor":18,"turns":5},{"damage":12,"enemies":"Chosen","floor":20,"turns":5},{"damage":52,"enemies":"Book of Stabbing","floor":23,"turns":7},{"damage":11,"enemies":"3 Cultists","floor":28,"turns":5},{"damage":7,"enemies":"Centurion and Healer","floor":31,"turns":3},{"damage":45,"enemies":"Champ","floor":33,"turns":9},{"damage":11,"enemies":"Orb Walker","floor":35,"turns":3},{"damage":27,"enemies":"3 Shapes","floor":36,"turns":4},{"damage":64,"enemies":"2 Orb Walkers","floor":37,"turns":7},{"damage":8,"enemies":"Maw","floor":39,"turns":7},{"damage":34,"enemies":"Giant Head","floor":41,"turns":9},{"damage":37,"enemies":"Transient","floor":44,"turns":5},{"damage":0,"enemies":"3 Darklings","floor":47,"turns":5},{"damage":19,"enemies":"Jaw Worm Horde","floor":48,"turns":3},{"damage":33,"enemies":"Donu and Deca","floor":50,"turns":10}],"seed_played":"4563604873905719541","potions_obtained":[{"floor":1,"key":"GamblersBrew"},{"floor":6,"key":"FairyPotion"},{"floor":8,"key":"SkillPotion"},{"floor":10,"key":"Fruit Juice"},{"floor":12,"key":"GhostInAJar"},{"floor":13,"key":"Energy Potion"},{"floor":16,"key":"CultistPotion"}],"is_trial":false,"path_per_floor":["M","M","M","$","M","E","R","E","T","M","R","M","M","M","R","B",null,"M","?","M","$","?","E","R","?","T","$","M","$","R","M","R","B",null,"M","M","?","$","M","R","E","R","T","M","?","?","M","M","R","B",null],"character_chosen":"THE_SILENT","items_purchased":["Terror","Lizard Tail","Blade Dance","PreservedInsect","Deflect"],"campfire_rested":7,"item_purchase_floors":[4,21,27,38,38],"current_hp_per_floor":[77,77,77,77,74,50,73,40,50,48,75,66,60,58,85,64,92,86,70,58,58,65,13,42,42,42,42,31,31,75,68,83,38,99,88,61,59,59,51,72,38,88,88,51,51,51,51,32,82,49],"gold":33,"neow_bonus":"TEN_PERCENT_HP_BONUS","is_daily":false,"chose_seed":false,"campfire_upgraded":2,"win_rate":0.0,"timestamp":1611148931,"path_taken":["M","?","M","$","M","E","R","E","T","M","R","M","?","M","R","BOSS","M","?","M","$","?","E","R","?","T","?","M","$","R","?","R","BOSS","M","M","?","$","M","R","E","R","T","M","?","?","M","?","R","BOSS"],"items_purchased_type":["Card","Relic","Card","Relic","Card"],"build_version":"2020-12-22","purchased_purges":0,"victory":true,"max_hp_per_floor":[77,77,77,77,77,77,77,77,87,92,92,92,92,92,92,92,92,92,92,92,92,99,99,99,99,99,99,99,99,99,99,99,99,99,99,99,99,99,99,99,99,99,99,99,99,99,99,99,99,99],"card_choices":[{"not_picked":["Flying Knee","PiercingWail"],"picked":"Dagger Spray","floor":1},{"not_picked":["Prepared","Choke"],"picked":"Dodge and Roll","floor":2},{"not_picked":["Sucker Punch","Dagger Spray"],"picked":"Backflip","floor":3},{"not_picked":["Deflect","Deadly Poison"],"picked":"Crippling Poison","floor":5},{"not_picked":["Sucker Punch","Dagger Spray"],"picked":"Flying Knee","floor":6},{"not_picked":["Dagger Spray","Expertise"],"picked":"All Out Attack","floor":8},{"not_picked":["Blur","Blade Dance"],"picked":"Footwork","floor":10},{"not_picked":["Prepared","Unload"],"picked":"Backflip","floor":12},{"not_picked":["Flechettes","Underhanded Strike"],"picked":"Dash","floor":13},{"not_picked":["Prepared","Deflect","Flying Knee"],"picked":"SKIP","floor":14},{"not_picked":["A Thousand Cuts","Glass Knife"],"picked":"Envenom","floor":16},{"not_picked":["Dodge and Roll","Underhanded Strike"],"picked":"Backstab","floor":18},{"not_picked":["Finisher+1","Well Laid Plans"],"picked":"Bouncing Flask+1","floor":20},{"not_picked":["Sucker Punch","Dagger Throw"],"picked":"Adrenaline","floor":23},{"not_picked":["Poisoned Stab","Dodge and Roll"],"picked":"Masterful Stab+1","floor":28},{"not_picked":["Escape Plan","Backflip+1"],"picked":"Caltrops","floor":31},{"not_picked":["Phantasmal Killer","Die Die Die"],"picked":"A Thousand Cuts","floor":33},{"not_picked":["Dagger Spray","Blade Dance+1"],"picked":"Deflect+1","floor":35},{"not_picked":["Dodge and Roll+1","Underhanded Strike"],"picked":"Burst","floor":36},{"not_picked":["Quick Slash","Poisoned Stab"],"picked":"Dodge and Roll+1","floor":37},{"not_picked":["Deflect","Dagger Throw+1"],"picked":"Backstab","floor":39},{"not_picked":["Finisher+1","Eviscerate"],"picked":"Caltrops","floor":41},{"not_picked":["Deflect","Outmaneuver+1"],"picked":"Crippling Poison+1","floor":44},{"not_picked":["Acrobatics","Endless Agony+1"],"picked":"PiercingWail","floor":47},{"not_picked":["Underhanded Strike+1","Prepared+1"],"picked":"Distraction+1","floor":48}],"player_experience":11653,"relics_obtained":[{"floor":6,"key":"White Beast Statue"},{"floor":8,"key":"HornCleat"},{"floor":9,"key":"Pear"},{"floor":19,"key":"Enchiridion"},{"floor":23,"key":"TungstenRod"},{"floor":26,"key":"Eternal Feather"},{"floor":37,"key":"Gambling Chip"},{"floor":41,"key":"Pocketwatch"},{"floor":43,"key":"Gremlin Horn"}],"event_choices":[{"damage_healed":0,"gold_gain":0,"player_choice":"Obtained Book","damage_taken":16,"max_hp_gain":0,"max_hp_loss":0,"event_name":"Cursed Tome","floor":19,"gold_loss":0},{"damage_healed":0,"gold_gain":0,"player_choice":"Stole Relic","damage_taken":0,"relics_obtained":["Strawberry"],"max_hp_gain":0,"max_hp_loss":0,"event_name":"Addict","floor":22,"gold_loss":0,"cards_obtained":["Shame"]},{"cards_removed":["Shame"],"damage_healed":0,"gold_gain":0,"player_choice":"Elegance","damage_taken":0,"max_hp_gain":0,"max_hp_loss":0,"event_name":"Back to Basics","floor":25,"gold_loss":0},{"damage_healed":0,"gold_gain":0,"player_choice":"Fight","damage_taken":0,"max_hp_gain":0,"max_hp_loss":0,"event_name":"Mysterious Sphere","floor":37,"gold_loss":0},{"damage_healed":0,"gold_gain":0,"player_choice":"Paid","damage_taken":0,"relics_obtained":["Red Mask"],"max_hp_gain":0,"max_hp_loss":0,"event_name":"Tomb of Lord Red Mask","floor":45,"gold_loss":102},{"damage_healed":0,"gold_gain":0,"player_choice":"Upgraded","damage_taken":0,"max_hp_gain":0,"max_hp_loss":0,"event_name":"Upgrade Shrine","floor":46,"gold_loss":0,"cards_upgraded":["A Thousand Cuts"]}],"is_beta":false,"boss_relics":[{"not_picked":["Runic Dome","Cursed Key"],"picked":"Sozu"},{"not_picked":["Coffee Dripper","Tiny House"],"picked":"SacredBark"}],"items_purged_floors":[],"is_endless":false,"potions_floor_spawned":[1,6,8,10,12,13,14,16,18,20,23,28,31,33,35,36,37,39,41,44,47,48],"ascension_level":0}}