{"host":"ux8r2oyej5019q8x","time":1611181333,"event":{"mods":["AchievementEnabler","BaseMod","Colored Map","Colored Powertips","GifTheSpireLib","HexUI Lib","Highlight Path","Minty Spire (QoL Compilation)","Rare Cards Sparkle","Relic Stats","StSLib","everything is the same but u backflip on backflip"],"gold_per_floor":[110,130,130,149,1,29,29,29,77,109,127,161,178,178,178,282,282,301,301,45,55,71,96,96,108,108,108,108,134,148,159,159,264,264,278,278,294,344,360,360,389,5,5,39,93,103,103,118,118,118,118,118,18,44,44,44],"floor_reached":55,"language":"ENG","playtime":8703,"items_purged":["Defend_B","Defend_B"],"score":1041,"play_id":"b0b2c7aa-c17e-48c0-9c86-6cc693979791","local_time":"20210120232213","is_ascension_mode":true,"campfire_choices":[{"data":"Buffer","floor":7.0,"key":"SMITH"},{"data":"Loop","floor":15.0,"key":"SMITH"},{"data":"Buffer","floor":24.0,"key":"SMITH"},{"data":"Thunder Strike","floor":27.0,"key":"SMITH"},{"floor":32.0,"key":"REST"},{"floor":40.0,"key":"RECALL"},{"floor":49.0,"key":"REST"},{"floor":52,"key":"REST"}],"circlet_count":0,"master_deck":["Defend_B","Defend_B","Zap","Dualcast+1","Steam","Glacier","Conserve Battery","Buffer+1","Ball Lightning","Loop+1","Auto Shields","Thunder Strike+1","Buffer+1","Blizzard","Redo","Capacitor","Steam+1","Redo+1","Bite","Bite","Bite","Bite","Bite","Steam Power+1","Hologram+1","Self Repair+1","Multi-Cast+1","Darkness+1","Finesse+1","Enlightenment+1","Compile Driver+1","White Noise+1","Hologram+1","Meteor Strike","Coolheaded+1","Consume+1","Skim+1"],"relics":["Cracked Core","DataDisk","Bronze Scales","Anchor","Cables","Omamori","Nuclear Battery","Eternal Feather","Toxic Egg 2","Gambling Chip","Mercury Hourglass","Fusion Hammer","Dead Branch","Bag of Marbles","Medical Kit","Vajra","Bag of Preparation","Ginger","InkBottle"],"acts_visited":["TheEnding"],"potions_floor_usage":[55,55,55],"damage_taken":[{"damage":1.0,"enemies":"Cultist","floor":1.0,"turns":3.0},{"damage":0.0,"enemies":"2 Louse","floor":2.0,"turns":2.0},{"damage":0.0,"enemies":"Jaw Worm","floor":4.0,"turns":4.0},{"damage":26.0,"enemies":"Gremlin Nob","floor":6.0,"turns":4.0},{"damage":0.0,"enemies":"Lagavulin","floor":10.0,"turns":11.0},{"damage":0.0,"enemies":"Exordium Wildlife","floor":11.0,"turns":4.0},{"damage":0.0,"enemies":"Gremlin Nob","floor":12.0,"turns":3.0},{"damage":0.0,"enemies":"3 Louse","floor":13.0,"turns":2.0},{"damage":14.0,"enemies":"Hexaghost","floor":16.0,"turns":11.0},{"damage":0.0,"enemies":"Chosen","floor":18.0,"turns":6.0},{"damage":0.0,"enemies":"Shell Parasite","floor":21.0,"turns":4.0},{"damage":16.0,"enemies":"Snake Plant","floor":22.0,"turns":3.0},{"damage":12.0,"enemies":"Book of Stabbing","floor":23.0,"turns":6.0},{"damage":0.0,"enemies":"Centurion and Healer","floor":25.0,"turns":10.0},{"damage":72.0,"enemies":"Slavers","floor":29.0,"turns":6.0},{"damage":0.0,"enemies":"Cultist and Chosen","floor":30.0,"turns":4.0},{"damage":0.0,"enemies":"3 Cultists","floor":31.0,"turns":4.0},{"damage":16.0,"enemies":"Automaton","floor":33.0,"turns":12.0},{"damage":0.0,"enemies":"3 Shapes","floor":35.0,"turns":5.0},{"damage":20.0,"enemies":"3 Darklings","floor":37.0,"turns":8.0},{"damage":0.0,"enemies":"Mind Bloom Boss Battle","floor":38.0,"turns":4.0},{"damage":0.0,"enemies":"Jaw Worm Horde","floor":39.0,"turns":5.0},{"damage":18.0,"enemies":"Nemesis","floor":41.0,"turns":9.0},{"damage":4.0,"enemies":"Giant Head","floor":44.0,"turns":6.0},{"damage":2.0,"enemies":"2 Orb Walkers","floor":45.0,"turns":4.0},{"damage":0.0,"enemies":"Transient","floor":46.0,"turns":5.0},{"damage":12.0,"enemies":"Writhing Mass","floor":48.0,"turns":4.0},{"damage":0.0,"enemies":"Donu and Deca","floor":50.0,"turns":10.0},{"damage":36,"enemies":"Shield and Spear","floor":54,"turns":7},{"damage":54,"enemies":"The Heart","floor":55,"turns":5}],"seed_played":"6214974270372934933","potions_obtained":[{"floor":2.0,"key":"SneckoOil"},{"floor":6.0,"key":"ColorlessPotion"},{"floor":16.0,"key":"Energy Potion"},{"floor":18.0,"key":"PowerPotion"},{"floor":25.0,"key":"Explosive Potion"},{"floor":29.0,"key":"PowerPotion"},{"floor":30.0,"key":"Fire Potion"},{"floor":33.0,"key":"Swift Potion"},{"floor":38.0,"key":"LiquidMemories"},{"floor":39.0,"key":"CultistPotion"},{"floor":41.0,"key":"Dexterity Potion"},{"floor":44.0,"key":"EssenceOfSteel"}],"is_trial":false,"path_per_floor":["M","M","?","M","$","E","R","?","T","E","M","E","M","?","R","B",null,"M","?","$","M","M","E","R","M","T","R","?","E","M","M","R","B",null,"M","?","M","?","M","R","E","$","T","E","?","M","?","M","R","B",null,"R","$","E","B"],"character_chosen":"DEFECT","items_purchased":["Bronze Scales","Eternal Feather","Medical Kit","Vajra"],"campfire_rested":3,"item_purchase_floors":[5,20,42,42],"current_hp_per_floor":[74,74,74,74,74,48,48,48,48,50,52,54,56,74,74,61,75,75,75,75,75,59,49,61,63,63,75,75,5,9,21,58,66,75,75,70,72,75,75,75,71,71,71,75,75,75,75,73,75,75,75,75,75,51,0,0],"gold":44,"neow_bonus":"RANDOM_COMMON_RELIC","is_daily":false,"chose_seed":false,"campfire_upgraded":4,"win_rate":0.0,"timestamp":1611181333,"path_taken":["M","M","?","M","$","E","R","?","T","E","M","E","?","?","R","BOSS","M","?","$","M","M","E","R","M","T","R","?","E","M","M","R","BOSS","M","?","M","?","M","R","E","$","T","E","?","M","?","M","R","BOSS","R","$","E","BOSS"],"items_purchased_type":["Relic","Relic","Relic","Relic"],"build_version":"2020-12-22","purchased_purges":2,"victory":false,"max_hp_per_floor":[75,75,75,75,75,75,75,75,75,75,75,75,75,75,75,75,75,75,75,75,75,75,75,75,75,75,75,75,75,75,75,75,75,75,75,75,75,75,75,75,75,75,75,75,75,75,75,75,75,75,75,75,75,75,75,75],"relic_stats":{"counters":[2,12],"Bronze Scales":[96],"Gambling Chip":[7],"Dead Branch":[12],"Eternal Feather":0,"Bag of Preparation":[4],"Ginger":[2],"Medical Kit":[8],"obtain_stats":[{"Dead Branch":0,"Vajra":0,"Eternal Feather":0,"Omamori":0,"Bag of Preparation":0,"Ginger":0,"Medical Kit":0,"Cables":0,"Nuclear Battery":0,"Mercury Hourglass":0,"DataDisk":0,"Anchor":0,"Bronze Scales":0,"Gambling Chip":0,"Fusion Hammer":0,"Bag of Marbles":0,"Toxic Egg 2":0,"Cracked Core":0,"InkBottle":54},{"Dead Branch":0,"Vajra":0,"Eternal Feather":0,"Omamori":0,"Bag of Preparation":0,"Ginger":0,"Medical Kit":0,"Cables":0,"Nuclear Battery":0,"Mercury Hourglass":0,"DataDisk":0,"Anchor":0,"Bronze Scales":0,"Gambling Chip":0,"Fusion Hammer":0,"Bag of Marbles":0,"Toxic Egg 2":0,"Cracked Core":0,"InkBottle":1},{"Dead Branch":0,"Vajra":0,"Eternal Feather":0,"Omamori":0,"Bag of Preparation":0,"Ginger":0,"Medical Kit":0,"Cables":0,"Nuclear Battery":0,"Mercury Hourglass":0,"DataDisk":0,"Anchor":0,"Bronze Scales":0,"Gambling Chip":0,"Fusion Hammer":0,"Bag of Marbles":0,"Toxic Egg 2":0,"Cracked Core":0,"InkBottle":7}],"InkBottle":[4],"Cables":[11,4,3,2,2],"Mercury Hourglass":[39]},"card_choices":[{"not_picked":["Compile Driver","Go for the Eyes"],"picked":"Steam","floor":1.0},{"not_picked":["Rebound","Turbo"],"picked":"Glacier","floor":2.0},{"not_picked":["Stack","Go for the Eyes"],"picked":"Conserve Battery","floor":4.0},{"not_picked":["Reboot","Cold Snap"],"picked":"Buffer","floor":6.0},{"not_picked":["Lockon","Conserve Battery"],"picked":"Ball Lightning","floor":10.0},{"not_picked":["Force Field","Go for the Eyes"],"picked":"Loop","floor":11.0},{"not_picked":["Rip and Tear","Melter"],"picked":"Auto Shields","floor":12.0},{"not_picked":["Redo","Streamline"],"picked":"Thunder Strike","floor":13.0},{"not_picked":["Echo Form","Fission"],"picked":"Buffer","floor":16.0},{"not_picked":["Ball Lightning","Cold Snap"],"picked":"Blizzard","floor":18.0},{"not_picked":["Go for the Eyes","Turbo"],"picked":"Redo","floor":21.0},{"not_picked":["Stack+1","Compile Driver"],"picked":"Capacitor","floor":22.0},{"not_picked":["Streamline","Barrage"],"picked":"Steam+1","floor":23.0},{"not_picked":["Auto Shields+1","Beam Cell+1"],"picked":"Redo+1","floor":25.0},{"not_picked":["Melter","Barrage"],"picked":"Steam Power+1","floor":29.0},{"not_picked":["Melter","Blizzard"],"picked":"Hologram+1","floor":30.0},{"not_picked":["Reboot+1","BootSequence+1"],"picked":"Self Repair+1","floor":31.0},{"not_picked":["Buffer","Meteor Strike"],"picked":"Multi-Cast+1","floor":33.0},{"not_picked":["Compile Driver+1","Lockon+1"],"picked":"Darkness+1","floor":35.0},{"not_picked":["Purity+1","Swift Strike"],"picked":"Finesse+1","floor":36.0},{"not_picked":["Master of Strategy+1","Blind+1"],"picked":"Enlightenment+1","floor":36.0},{"not_picked":["Streamline+1","Go for the Eyes+1"],"picked":"Compile Driver+1","floor":37.0},{"not_picked":["Leap+1","Compile Driver"],"picked":"White Noise+1","floor":38.0},{"not_picked":["Reprogram+1","Turbo+1"],"picked":"Hologram+1","floor":39.0},{"not_picked":["Go for the Eyes","Conserve Battery+1"],"picked":"Meteor Strike","floor":41.0},{"not_picked":["Go for the Eyes","Leap+1","Auto Shields+1"],"picked":"SKIP","floor":44.0},{"not_picked":["Beam Cell+1","Ball Lightning+1"],"picked":"Coolheaded+1","floor":45.0},{"not_picked":["Aggregate+1","Sweeping Beam"],"picked":"Consume+1","floor":46.0},{"not_picked":["Capacitor","Hologram+1"],"picked":"Skim+1","floor":48.0},{"not_picked":["Coolheaded+1","Redo+1","Reinforced Body+1"],"picked":"SKIP","floor":54}],"player_experience":169912,"relics_obtained":[{"floor":6.0,"key":"Blood Vial"},{"floor":9.0,"key":"Anchor"},{"floor":10.0,"key":"Cables"},{"floor":12.0,"key":"Omamori"},{"floor":23.0,"key":"Toxic Egg 2"},{"floor":26.0,"key":"Gambling Chip"},{"floor":29.0,"key":"Mercury Hourglass"},{"floor":38.0,"key":"Dead Branch"},{"floor":41.0,"key":"Bag of Marbles"},{"floor":44.0,"key":"Bag of Preparation"},{"floor":45.0,"key":"Ginger"},{"floor":54,"key":"InkBottle"}],"event_choices":[{"damage_healed":0.0,"max_hp_gain":0.0,"max_hp_loss":0.0,"gold_gain":0.0,"event_name":"Living Wall","player_choice":"Grow","floor":3.0,"gold_loss":0.0,"damage_taken":0.0,"cards_upgraded":["Dualcast"]},{"cards_removed":["Strike_B"],"damage_healed":0.0,"max_hp_gain":0.0,"max_hp_loss":0.0,"gold_gain":0.0,"event_name":"Purifier","player_choice":"Purged","floor":8.0,"gold_loss":0.0,"damage_taken":0.0},{"damage_healed":18.0,"max_hp_gain":0.0,"max_hp_loss":0.0,"gold_gain":0.0,"event_name":"Mushrooms","player_choice":"Healed and dodged fight","floor":14.0,"gold_loss":0.0,"damage_taken":0.0,"cards_obtained":["Parasite"]},{"damage_healed":0.0,"max_hp_gain":0.0,"max_hp_loss":0.0,"gold_gain":0.0,"event_name":"Ghosts","player_choice":"Ignored","floor":19.0,"gold_loss":0.0,"damage_taken":0.0},{"damage_healed":0.0,"max_hp_gain":0.0,"max_hp_loss":0.0,"gold_gain":0.0,"event_name":"Vampires","player_choice":"Became a vampire (Vial)","floor":28.0,"relics_lost":["Blood Vial"],"gold_loss":0.0,"damage_taken":0.0,"cards_obtained":["Bite","Bite","Bite","Bite","Bite"]},{"damage_healed":0.0,"max_hp_gain":0.0,"max_hp_loss":0.0,"gold_gain":0.0,"event_name":"SensoryStone","player_choice":"Memory 2","floor":36.0,"gold_loss":0.0,"damage_taken":5.0},{"damage_healed":0.0,"max_hp_gain":0.0,"max_hp_loss":0.0,"gold_gain":0.0,"event_name":"MindBloom","player_choice":"Fight","floor":38.0,"gold_loss":0.0,"damage_taken":0.0},{"damage_healed":0.0,"max_hp_gain":0.0,"max_hp_loss":0.0,"gold_gain":0.0,"event_name":"Mysterious Sphere","player_choice":"Fight","floor":45.0,"gold_loss":0.0,"damage_taken":0.0},{"damage_healed":19.0,"max_hp_gain":0.0,"max_hp_loss":0.0,"gold_gain":0.0,"event_name":"Winding Halls","player_choice":"Writhe","floor":47.0,"gold_loss":0.0,"damage_taken":0.0,"cards_obtained":["Writhe"]}],"is_beta":false,"boss_relics":[{"not_picked":["Astrolabe","Cursed Key"],"picked":"Nuclear Battery"},{"not_picked":["Velvet Choker","Black Star"],"picked":"Fusion Hammer"}],"items_purged_floors":[42,53],"is_endless":false,"potions_floor_spawned":[2,6,16,18,22,25,29,30,33,38,39,41,44,46,48],"killed_by":"The Heart","ascension_level":3}}