{"host":"l5xpox9cbdko122s","time":1611145696,"event":{"mods":["AchievementEnabler","BaseMod","Better Skull","Displayed Cursed Tome","Hermit","Minty Spire (QoL Compilation)","StSLib"],"gold_per_floor":[114,130,150,163,179,179,194,214,214,225,250,263,60,76,76,76,76],"floor_reached":16,"language":"ENG","playtime":1303,"items_purged":[],"score":110,"play_id":"94c57adc-2e20-4809-aadd-f507d9bebfc1","local_time":"20210120072816","is_ascension_mode":false,"campfire_choices":[{"floor":6,"key":"RECALL"},{"floor":15,"key":"REST"}],"circlet_count":0,"master_deck":["hermit:Strike_Hermit","hermit:Strike_Hermit","hermit:Strike_Hermit","hermit:Strike_Hermit","hermit:Defend_Hermit","hermit:Defend_Hermit","hermit:Defend_Hermit","hermit:Defend_Hermit","hermit:Snapshot","hermit:Covet","hermit:Coalescence","hermit:HighCaliber","hermit:LowProfile","hermit:Grudge","hermit:Quickdraw","hermit:HighNoon","hermit:Quickdraw","hermit:Snipe"],"relics":["hermit:Momento","NeowsBlessing","Oddly Smooth Stone","Sling"],"acts_visited":["Exordium"],"potions_floor_usage":[2,5,12],"damage_taken":[{"damage":0,"enemies":"Cultist","floor":1,"turns":1},{"damage":0,"enemies":"Jaw Worm","floor":2,"turns":1},{"damage":0,"enemies":"2 Louse","floor":3,"turns":1},{"damage":8,"enemies":"Large Slime","floor":4,"turns":7},{"damage":5,"enemies":"Gremlin Gang","floor":5,"turns":4},{"damage":0,"enemies":"3 Louse","floor":7,"turns":2},{"damage":1,"enemies":"Blue Slaver","floor":8,"turns":2},{"damage":0,"enemies":"2 Fungi Beasts","floor":10,"turns":3},{"damage":47,"enemies":"3 Sentries","floor":11,"turns":13},{"damage":7,"enemies":"Lots of Slimes","floor":12,"turns":3},{"damage":1,"enemies":"Blue Slaver","floor":14,"turns":4},{"damage":43,"enemies":"Slime Boss","floor":16,"turns":7}],"seed_played":"-3626277953487652788","potions_obtained":[{"floor":2,"key":"Fruit Juice"},{"floor":3,"key":"SkillPotion"},{"floor":11,"key":"Energy Potion"}],"is_trial":false,"path_per_floor":["M","M","M","M","M","R","M","M","T","M","E","M","$","M","R","B"],"character_chosen":"HERMIT","items_purchased":["hermit:Snipe","Sling"],"campfire_rested":1,"item_purchase_floors":[13,13],"current_hp_per_floor":[75,80,80,72,67,67,67,66,66,66,19,12,12,11,35,0,0],"gold":76,"neow_bonus":"THREE_ENEMY_KILL","is_daily":false,"chose_seed":false,"campfire_upgraded":0,"win_rate":0.0,"timestamp":1611145696,"path_taken":["M","M","M","M","M","R","M","M","T","?","E","M","$","M","R","BOSS"],"items_purchased_type":["Card","Relic"],"build_version":"2020-12-22","purchased_purges":0,"victory":false,"max_hp_per_floor":[75,80,80,80,80,80,80,80,80,80,80,80,80,80,80,80,80],"card_choices":[{"not_picked":["hermit:Dive","hermit:EyeOfTheStorm"],"picked":"hermit:Coalescence","floor":1},{"not_picked":["hermit:Feint","hermit:HoleUp"],"picked":"hermit:HighCaliber","floor":2},{"not_picked":["hermit:Horror","hermit:Shortfuse"],"picked":"hermit:LowProfile","floor":3},{"not_picked":["hermit:Glare","hermit:Coalescence"],"picked":"hermit:Grudge","floor":4},{"not_picked":["hermit:Shortfuse","hermit:HoleUp"],"picked":"hermit:Quickdraw","floor":5},{"not_picked":["hermit:BodyArmor","hermit:SprayPray","hermit:Enervate"],"picked":"SKIP","floor":7},{"not_picked":["hermit:GhostlyPresence","hermit:DeadMansHand","hermit:Vantage"],"picked":"SKIP","floor":8},{"not_picked":["hermit:Desperado","hermit:SprayPray","hermit:Scavenge"],"picked":"SKIP","floor":10},{"not_picked":["hermit:Ricochet","hermit:NoHoldsBarred"],"picked":"hermit:HighNoon","floor":11},{"not_picked":["hermit:Feint","hermit:LuckOfTheDraw"],"picked":"hermit:Quickdraw","floor":12},{"not_picked":["hermit:Roughhouse","hermit:Manifest","hermit:CalledShot"],"picked":"SKIP","floor":14}],"player_experience":147016,"relics_obtained":[{"floor":11,"key":"Oddly Smooth Stone"}],"event_choices":[],"is_beta":false,"boss_relics":[],"items_purged_floors":[],"is_endless":false,"potions_floor_spawned":[2,3,11],"killed_by":"Slime Boss","ascension_level":0}}