{"host":"urvvf8749ekcxo1a","time":1611108623,"event":{"mods":["BaseMod","Better Sensory Stone","BetterRewards","Colored Powertips","Evolution","Gold Saver","Marisa????????","Minty Spire (QoL Compilation)","Quick Restart","Replay The Spire","StSLib","The Cursed","The Servant 0.9.4","The Wild Card"],"gold_per_floor":[1610,1644,1644,1644,1669,1669,1728,1728,1728,1765,1765,1796,1839,1861,1861,1998,1998,2028,2028,1310,1347,1377,1377,1377,1420,1420,1453,1453,1604,1670,1709,1709,1839,1839,1877,1877,1877,1629,1629,1696,1696,1759,1834,1865,1905,1905,1436,1477,1477,1305,1305,1305,467,529,545],"floor_reached":56,"language":"ENG","playtime":2727,"items_purged":["TheCursedMod:SmokeScreen","TheCursedMod:Stretching+1","TheCursedMod:SpitefulStrike","TheCursedMod:Stigma"],"score":1255,"play_id":"12d99e52-4c61-43fa-90dc-fa7900d59c9f","local_time":"20210119211023","is_ascension_mode":false,"campfire_choices":[{"data":"TheCursedMod:Mangle","floor":6.0,"key":"SMITH"},{"data":"TheCursedMod:CursedWand","floor":8.0,"key":"SMITH"},{"floor":11.0,"key":"REST"},{"data":"TheCursedMod:Stigma","floor":15.0,"key":"SMITH"},{"data":"TheCursedMod:VitalStrike","floor":23.0,"key":"SMITH"},{"data":"TheCursedMod:CleanUpWorkshop","floor":41.0,"key":"SMITH"},{"floor":49.0,"key":"RECALL"},{"data":"TheCursedMod:Hemoplague","floor":52.0,"key":"SMITH"}],"circlet_count":0,"master_deck":["TheCursedMod:Stigma","TheCursedMod:Stigma+1","TheCursedMod:SmokeScreen","TheCursedMod:CursedWand+1","TheCursedMod:CleanUpWorkshop+1","TheCursedMod:Dregs","TheCursedMod:CircleOfFlame+1","Injury","TheCursedMod:Mangle+1","TheCursedMod:CircleOfAbyss+1","TheCursedMod:CursedAmulet+1","TheCursedMod:CursedAmulet+1","TheCursedMod:AntiAging+1","CurseOfTheBell","TheCursedMod:VitalStrike+1","TheCursedMod:VitalStrike+1","Necronomicurse","TheCursedMod:AbyssShockwave+1","TheCursedMod:CircleOfFlame+1","TheCursedMod:DemonSword","Writhe","TheCursedMod:StingEye+1","TheCursedMod:AbyssShockwave+1","AscendersBane","Madness+1","TheCursedMod:Hemoplague+1","TheCursedMod:CursedAmulet+1","TheCursedMod:SurpriseAttack","TheCursedMod:LuckyCharm","TheCursedMod:LuckyCharm","TheCursedMod:Stretching+1","TheCursedMod:CursedRelics"],"relics":["TheCursedMod:BlackMagic101","EVO:Axolotl","Replay:Bandana","Golden Idol","Toxic Egg 2","Boot","Potion Belt","Calling Bell","ReplayFunnel","Quantum Egg","TheCursedMod:SoulVessel","Replay:Baseball","ReplayTheSpireMod:Lightbulb","Sling","Mercury Hourglass","Happy Flower","Necronomicon","Lizard Tail","InkBottle","Strawberry","Empty Cage","ReplayTheSpireMod:TigerMarble","Replay:Rubber Ducky","Blue Doll","ReplayTheSpireMod:Shallot","BargainBundle","Pondfish Scales","TheCursedMod:CrystalBall","Calipers"],"acts_visited":["Exordium","TheCity","TheBeyond","TheEnding"],"potions_floor_usage":[],"damage_taken":[{"damage":0.0,"enemies":"Cultist","floor":1.0,"turns":3.0},{"damage":0.0,"enemies":"2 Louse","floor":2.0,"turns":3.0},{"damage":0.0,"enemies":"Small Slimes","floor":5.0,"turns":3.0},{"damage":28.0,"enemies":"Lagavulin","floor":7.0,"turns":4.0},{"damage":10.0,"enemies":"Exordium Thugs","floor":10.0,"turns":2.0},{"damage":0.0,"enemies":"Blue Slaver","floor":12.0,"turns":3.0},{"damage":2.0,"enemies":"Gremlin Nob","floor":13.0,"turns":4.0},{"damage":8.0,"enemies":"Red Slaver","floor":14.0,"turns":2.0},{"damage":15.0,"enemies":"Slime Boss","floor":16.0,"turns":10.0},{"damage":3.0,"enemies":"Spheric Guardian","floor":18.0,"turns":6.0},{"damage":10.0,"enemies":"Shell Parasite","floor":21.0,"turns":3.0},{"damage":2.0,"enemies":"Snecko","floor":22.0,"turns":4.0},{"damage":6.0,"enemies":"Replay:Snechameleon","floor":25.0,"turns":3.0},{"damage":21.0,"enemies":"Snake Plant","floor":27.0,"turns":2.0},{"damage":6.0,"enemies":"Colosseum Slavers","floor":29.0,"turns":3.0},{"damage":2.0,"enemies":"Colosseum Nobs","floor":29.0,"turns":4.0},{"damage":24.0,"enemies":"Gremlin Leader","floor":30.0,"turns":3.0},{"damage":0.0,"enemies":"Centurion and Healer","floor":31.0,"turns":2.0},{"damage":52.0,"enemies":"Automaton","floor":33.0,"turns":9.0},{"damage":0.0,"enemies":"3 Darklings","floor":35.0,"turns":1.0},{"damage":23.0,"enemies":"Reptomancer","floor":40.0,"turns":4.0},{"damage":10.0,"enemies":"Nemesis","floor":42.0,"turns":3.0},{"damage":0.0,"enemies":"Orb Walker","floor":44.0,"turns":2.0},{"damage":24.0,"enemies":"Transient","floor":45.0,"turns":5.0},{"damage":0.0,"enemies":"3 Darklings","floor":48.0,"turns":1.0},{"damage":110.0,"enemies":"Replay:Hell Engine","floor":50.0,"turns":15.0},{"damage":37,"enemies":"Shield and Spear","floor":54,"turns":5},{"damage":32,"enemies":"The Heart","floor":55,"turns":8}],"seed_played":"1814819373973773455","potions_obtained":[{"floor":1.0,"key":"Weak Potion"},{"floor":2.0,"key":"EssenceOfSteel"},{"floor":7.0,"key":"BlessingOfTheForge"},{"floor":13.0,"key":"SkillPotion"},{"floor":22.0,"key":"Languid Potion"},{"floor":24.0,"key":"FairyPotion"},{"floor":24.0,"key":"Explosive Potion"},{"floor":24.0,"key":"EntropicBrew"},{"floor":31.0,"key":"Ancient Potion"},{"floor":33.0,"key":"LiquidBronze"},{"floor":35.0,"key":"Reflective Coating"},{"floor":40.0,"key":"PowerPotion"},{"floor":45.0,"key":"BlessingOfTheForge"}],"is_trial":false,"path_per_floor":["M","M","?","?","M","R","E","R","T","M","R","M","E","M","R","B",null,"M","?","$","M","M","R","?","E","T","M","?","?","E","M","R","B",null,"M","?","?","$","?","E","R","E","T","M","M","?","$","M","R","B",null,"R","$","E","B",null],"character_chosen":"THE_CURSED","items_purchased":["Replay:Baseball","TheCursedMod:VitalStrike","EntropicBrew","ReplayTheSpireMod:Lightbulb","Sling","ReplayTheSpireMod:TigerMarble","ReplayTheSpireMod:Shallot","TheCursedMod:Hemoplague","TheCursedMod:CursedAmulet+1","BargainBundle","Pondfish Scales","TheCursedMod:CrystalBall","TheCursedMod:LuckyCharm","TheCursedMod:Stretching+1"],"campfire_rested":1,"item_purchase_floors":[20,20,20,20,20,38,47,47,47,53,53,53,53,53],"current_hp_per_floor":[75,75,75,75,75,75,47,47,47,37,59,59,57,49,49,34,75,77,70,70,65,69,69,69,64,64,43,27,28,13,13,42,35,100,100,100,100,100,100,83,83,79,79,81,64,64,64,64,64,25,109,109,109,75,54],"gold":545,"neow_bonus":"RANDOM_COMMON_RELIC","is_daily":false,"chose_seed":false,"campfire_upgraded":6,"win_rate":0.0,"timestamp":1611108623,"path_taken":["M","?","?","?","M","R","E","R","T","M","R","?","E","M","R","BOSS","M","?","$","?","M","R","?","E","T","?","?","?","E","M","R","BOSS","M","?","?","$","?","E","R","E","T","M","?","?","?","M","R","BOSS","R","$","E","BOSS"],"items_purchased_type":["Relic","Card","Potion","Relic","Relic","Relic","Relic","Card","Card","Relic","Relic","Relic","Card","Card"],"build_version":"2020-12-22","purchased_purges":4,"victory":true,"max_hp_per_floor":[75,75,75,75,75,75,75,75,75,75,75,75,75,75,75,75,75,78,78,78,81,84,84,84,84,84,84,84,90,97,97,97,100,100,100,100,100,100,100,103,103,106,106,106,109,109,109,109,109,109,109,109,109,109,112],"card_choices":[{"not_picked":["TheCursedMod:CircleOfWindfury","TheCursedMod:Stigma","TheCursedMod:HellfireBreathing"],"picked":"SKIP","floor":1.0},{"not_picked":["TheCursedMod:Evocation","TheCursedMod:Obscuration"],"picked":"TheCursedMod:CircleOfFlame","floor":2.0},{"not_picked":["TheCursedMod:Wield","TheCursedMod:CursedAmulet"],"picked":"TheCursedMod:Mangle","floor":5.0},{"not_picked":["TheCursedMod:HellsGateOpen","TheCursedMod:CursedBoomerang"],"picked":"TheCursedMod:CircleOfAbyss+1","floor":7.0},{"not_picked":["TheCursedMod:TacticalStrike","TheCursedMod:Obscuration+1","TheCursedMod:SpitefulStrike"],"picked":"SKIP","floor":10.0},{"not_picked":["TheCursedMod:Wield","TheCursedMod:SpitefulStrike"],"picked":"TheCursedMod:CursedAmulet+1","floor":12.0},{"not_picked":["TheCursedMod:WearCloak+1","TheCursedMod:HellsGateOpen"],"picked":"TheCursedMod:Stretching+1","floor":13.0},{"not_picked":["TheCursedMod:CursedShiv","TheCursedMod:Stretching+1"],"picked":"TheCursedMod:CursedAmulet+1","floor":14.0},{"not_picked":["TheCursedMod:VoidForm","TheCursedMod:Neurasthenia+1"],"picked":"TheCursedMod:AntiAging+1","floor":16.0},{"not_picked":["TheCursedMod:SpitefulPlan","TheCursedMod:CursedBlade+1","TheCursedMod:FleshFromBone+1"],"picked":"SKIP","floor":18.0},{"not_picked":["TheCursedMod:TacticalStrike","TheCursedMod:RavingStaff","TheCursedMod:CircleOfAbyss+1"],"picked":"SKIP","floor":21.0},{"not_picked":["TheCursedMod:Wield","TheCursedMod:CursedSpellbook+1","TheCursedMod:SpitefulStrike"],"picked":"SKIP","floor":22.0},{"not_picked":["TheCursedMod:RapidMovement+1","TheCursedMod:CursedAmulet+1"],"picked":"TheCursedMod:VitalStrike","floor":25.0},{"not_picked":["TheCursedMod:SurpriseAttack","TheCursedMod:SoulCrush","TheCursedMod:SmokeScreen+1"],"picked":"SKIP","floor":27.0},{"not_picked":["TheCursedMod:ManaCirculation","TheCursedMod:Stretching+1"],"picked":"TheCursedMod:AbyssShockwave+1","floor":29.0},{"not_picked":["TheCursedMod:Stretching+1","TheCursedMod:CursedAmulet+1"],"picked":"TheCursedMod:CircleOfFlame+1","floor":30.0},{"not_picked":["TheCursedMod:Obscuration+1","TheCursedMod:PrepareRite+1","TheCursedMod:SpitefulStrike"],"picked":"SKIP","floor":31.0},{"not_picked":["TheCursedMod:DarkBarrier+1","TheCursedMod:Neurasthenia+1"],"picked":"TheCursedMod:DemonSword","floor":33.0},{"not_picked":["TheCursedMod:CursedBlade+1","TheCursedMod:FleshFromBone+1","TheCursedMod:CursedMace+1"],"picked":"SKIP","floor":35.0},{"not_picked":["TheCursedMod:Torture+1","TheCursedMod:EmpowerCircles+1"],"picked":"TheCursedMod:StingEye+1","floor":40.0},{"not_picked":["TheCursedMod:BlessingInDisguise+1","TheCursedMod:DarkBarrier+1","TheCursedMod:SurpriseAttack+1"],"picked":"SKIP","floor":42.0},{"not_picked":["TheCursedMod:CircleOfAmplification+1","TheCursedMod:Stretching+1","TheCursedMod:TacticalStrike"],"picked":"SKIP","floor":44.0},{"not_picked":["TheCursedMod:Torture+1","TheCursedMod:HellfireBreathing"],"picked":"TheCursedMod:AbyssShockwave+1","floor":45.0},{"not_picked":["TheCursedMod:FleshFromBone+1","TheCursedMod:CursedMace"],"picked":"TheCursedMod:SurpriseAttack","floor":48.0},{"not_picked":["TheCursedMod:SmokeScreen+1","TheCursedMod:CursedBoomerang+1"],"picked":"TheCursedMod:CursedRelics","floor":54}],"player_experience":119886,"relics_obtained":[{"floor":7.0,"key":"Toxic Egg 2"},{"floor":9.0,"key":"Boot"},{"floor":13.0,"key":"Potion Belt"},{"floor":17.0,"key":"ReplayFunnel"},{"floor":17.0,"key":"Quantum Egg"},{"floor":17.0,"key":"TheCursedMod:SoulVessel"},{"floor":25.0,"key":"Mercury Hourglass"},{"floor":26.0,"key":"Happy Flower"},{"floor":28.0,"key":"Necronomicon"},{"floor":29.0,"key":"Lizard Tail"},{"floor":29.0,"key":"InkBottle"},{"floor":30.0,"key":"Strawberry"},{"floor":40.0,"key":"Replay:Rubber Ducky"},{"floor":42.0,"key":"Blue Doll"},{"floor":54,"key":"Calipers"}],"event_choices":[{"damage_healed":0.0,"max_hp_gain":0.0,"max_hp_loss":0.0,"gold_gain":0.0,"event_name":"Golden Idol","player_choice":"Take Wound","floor":3.0,"gold_loss":0.0,"damage_taken":0.0,"relics_obtained":["Golden Idol"],"cards_obtained":["Injury"]},{"damage_healed":0.0,"max_hp_gain":0.0,"max_hp_loss":0.0,"gold_gain":0.0,"event_name":"Living Wall","player_choice":"Grow","floor":4.0,"gold_loss":0.0,"damage_taken":0.0,"cards_upgraded":["TheCursedMod:CircleOfFlame"]},{"damage_healed":0.0,"max_hp_gain":0.0,"max_hp_loss":0.0,"gold_gain":0.0,"event_name":"Wheel of Change","player_choice":"Damaged","floor":19.0,"gold_loss":0.0,"damage_taken":7.0},{"damage_healed":0.0,"max_hp_gain":0.0,"max_hp_loss":0.0,"gold_gain":0.0,"event_name":"Lab","player_choice":"Got Potions","floor":24.0,"gold_loss":0.0,"damage_taken":0.0},{"damage_healed":0.0,"max_hp_gain":0.0,"max_hp_loss":0.0,"gold_gain":0.0,"event_name":"Cursed Tome","player_choice":"Obtained Book","floor":28.0,"gold_loss":0.0,"damage_taken":16.0},{"damage_healed":0.0,"max_hp_gain":0.0,"max_hp_loss":0.0,"gold_gain":0.0,"event_name":"Colosseum","player_choice":"Fight","floor":29.0,"gold_loss":0.0,"damage_taken":0.0},{"damage_healed":0.0,"max_hp_gain":0.0,"max_hp_loss":0.0,"gold_gain":0.0,"event_name":"Colosseum","player_choice":"Fought Nobs","floor":29.0,"gold_loss":0.0,"damage_taken":0.0},{"damage_healed":25.0,"max_hp_gain":0.0,"max_hp_loss":0.0,"gold_gain":0.0,"event_name":"Winding Halls","player_choice":"Writhe","floor":36.0,"gold_loss":0.0,"damage_taken":0.0,"cards_obtained":["Writhe"]},{"damage_healed":0.0,"max_hp_gain":0.0,"max_hp_loss":0.0,"gold_gain":0.0,"event_name":"Tomb of Lord Red Mask","player_choice":"Ignored","floor":37.0,"gold_loss":0.0,"damage_taken":0.0},{"damage_healed":0.0,"max_hp_gain":0.0,"max_hp_loss":0.0,"gold_gain":0.0,"cards_transformed":["TheCursedMod:Stigma"],"event_name":"Transmorgrifier","player_choice":"Transformed","floor":39.0,"gold_loss":0.0,"damage_taken":0.0,"cards_obtained":["TheCursedMod:SpitefulStrike"]},{"damage_healed":0.0,"max_hp_gain":0.0,"max_hp_loss":0.0,"gold_gain":3.0,"event_name":"betterStone:BetterStone","player_choice":"3","floor":46.0,"gold_loss":0.0,"damage_taken":0.0,"cards_obtained":["Madness"]}],"is_beta":false,"boss_relics":[{"not_picked":["Ring of Chaos","TheCursedMod:FourLeafCloverCharm"],"picked":"Calling Bell"},{"not_picked":["Velvet Choker","Honey Jar"],"picked":"Empty Cage"}],"items_purged_floors":[20,38,47,53],"is_endless":false,"potions_floor_spawned":[1,2,7,13,22,25,31,33,35,40,45],"ascension_level":0}}