{"host":"u1dfzl6o6mfmauc3","time":1611117175,"event":{"mods":["2.2 Compatiblity","AchievementEnabler","BaseMod","Block Reminder","Challenge The Spire","Dark Map","Hermit","Minty Spire (QoL Compilation)","Relic Stats","Robot Space Explorer","StSLib","The Disciple"],"gold_per_floor":[20,30,30,91,141,141,176,196,244,297,297,325,375,425,212,212,212,212],"floor_reached":17,"language":"ENG","playtime":858,"items_purged":["Strike_Br"],"score":163,"play_id":"fc87fe89-d70b-4c49-8d32-a7296ff6ed4d","local_time":"20210119233255","is_ascension_mode":false,"campfire_choices":[{"data":"TiringSlam","floor":6,"key":"SMITH"},{"data":"PrimeTime","floor":11,"key":"SMITH"},{"floor":16,"key":"REST"}],"circlet_count":0,"master_deck":["Strike_Br","Strike_Br","Strike_Br","Defend_Br","Defend_Br","Defend_Br","Defend_Br","SecondHand","PatternShift","PrimeTime+1","TiringSlam+1","Accruing","WatchCommand","Break","FormalWear+1","AlternateTimeline","ReapSow"],"relics":["Chronometer","Torii","SsserpentHead","IceCream?","Eternal Feather","Bag of Marbles","Pen Nib","MealTicket"],"acts_visited":["Exordium"],"potions_floor_usage":[4,17,17],"damage_taken":[{"damage":18,"enemies":"Cultist","floor":1,"turns":7},{"damage":1,"enemies":"Small Slimes","floor":2,"turns":4},{"damage":0,"enemies":"2 Louse","floor":4,"turns":3},{"damage":9,"enemies":"Lagavulin","floor":7,"turns":7},{"damage":13,"enemies":"Red Slaver","floor":8,"turns":4},{"damage":32,"enemies":"Gremlin Nob","floor":12,"turns":4},{"damage":51,"enemies":"Hexaghost","floor":17,"turns":14}],"seed_played":"-647607571679319975","potions_obtained":[{"floor":2,"key":"LiquidBronze"},{"floor":4,"key":"Fruit Juice"},{"floor":12,"key":"Energy Potion"}],"is_trial":false,"path_per_floor":["M","M","?","M","?","R","E","M","T","T","R","E","?","?","$","R","B"],"character_chosen":"CHRONO_CLASS","items_purchased":["AlternateTimeline","ReapSow","SkillPotion"],"campfire_rested":1,"item_purchase_floors":[15,15,15],"current_hp_per_floor":[47,46,46,51,51,51,42,29,29,29,38,6,6,6,21,51,0,0],"gold":212,"neow_bonus":"ONE_RARE_RELIC","is_daily":false,"chose_seed":false,"campfire_upgraded":2,"win_rate":0.0,"timestamp":1611117175,"path_taken":["M","?","?","?","?","R","E","M","T","T","R","E","?","?","$","R","BOSS"],"items_purchased_type":["Card","Card","Potion"],"build_version":"2020-12-22","purchased_purges":1,"victory":false,"max_hp_per_floor":[65,65,65,70,70,70,70,70,70,70,70,70,70,70,70,70,70,70],"relic_stats":{"SsserpentHead":200,"Torii":17,"counters":[7,43],"Eternal Feather":18,"MealTicket":15,"Pen Nib":[3],"obtain_stats":[{"SsserpentHead":3,"Torii":0,"Chronometer":0,"Eternal Feather":7,"MealTicket":12,"Pen Nib":10,"Bag of Marbles":9,"IceCream?":5},{"SsserpentHead":2,"Torii":0,"Chronometer":0,"Eternal Feather":4,"MealTicket":6,"Pen Nib":5,"Bag of Marbles":5,"IceCream?":3},{"SsserpentHead":11,"Torii":0,"Chronometer":0,"Eternal Feather":21,"MealTicket":29,"Pen Nib":25,"Bag of Marbles":25,"IceCream?":14}]},"card_choices":[{"not_picked":["HandsUpC","WatchCommand"],"picked":"PrimeTime","floor":1},{"not_picked":["FormalWear","Recurrance"],"picked":"TiringSlam","floor":2},{"not_picked":["LockedMedicine","HandsUpB"],"picked":"Accruing","floor":4},{"not_picked":["LockedPlans","DaylightSavings"],"picked":"WatchCommand","floor":7},{"not_picked":["Goo","LockedMercury"],"picked":"Break","floor":8},{"not_picked":["PrimeTime","HandsUpC"],"picked":"FormalWear","floor":12}],"player_experience":124803,"relics_obtained":[{"floor":7,"key":"Eternal Feather"},{"floor":9,"key":"Bag of Marbles"},{"floor":10,"key":"Pen Nib"},{"floor":12,"key":"MealTicket"}],"event_choices":[{"damage_healed":0,"gold_gain":0,"player_choice":"Trade","damage_taken":0,"relics_obtained":["SsserpentHead"],"max_hp_gain":0,"max_hp_loss":0,"event_name":"FaceTrader","floor":3,"gold_loss":0},{"damage_healed":0,"gold_gain":0,"player_choice":"Searched \u00271\u0027 times","damage_taken":0,"max_hp_gain":0,"max_hp_loss":0,"event_name":"Dead Adventurer","floor":13,"gold_loss":0},{"damage_healed":0,"gold_gain":0,"player_choice":"Upgraded","damage_taken":0,"max_hp_gain":0,"max_hp_loss":0,"event_name":"Upgrade Shrine","floor":14,"gold_loss":0,"cards_upgraded":["FormalWear"]}],"is_beta":false,"boss_relics":[],"items_purged_floors":[15],"is_endless":false,"potions_floor_spawned":[2,4,12],"killed_by":"Hexaghost","ascension_level":0}}