{"host":"j4g6ia6asvpyu2b0","time":1611143982,"event":{"mods":["BaseMod","Colored Map","Minty Spire (QoL Compilation)","Permanent Neow","Quick Restart","Relic Stats","StSLib","Unceasing Turn Reminder"],"gold_per_floor":[118,128,128,142,161,161,187,187,187,201,220,236,270,286,286,388,388,407,424,442,442,442],"floor_reached":21,"language":"ENG","playtime":547,"items_purged":[],"score":315,"play_id":"aa0b065c-fd08-4b60-9927-4757f5d1aeb6","local_time":"20210120045942","is_ascension_mode":true,"campfire_choices":[{"data":"Apotheosis","floor":6,"key":"SMITH"},{"floor":8,"key":"RECALL"},{"data":"Storm","floor":15,"key":"SMITH"}],"circlet_count":0,"master_deck":["AscendersBane","Strike_B","Strike_B","Strike_B","Defend_B","Defend_B","Defend_B","Defend_B","Zap","Dualcast","Apotheosis+1","Hologram","Lockon","Defragment","Doom and Gloom","Consume","Storm+1","Capacitor","Loop","Glacier","Creative AI","Biased Cognition","Static Discharge","Ball Lightning","Leap"],"relics":["Cracked Core","Pantograph","Calipers","Ice Cream","Philosopher\u0027s Stone"],"acts_visited":["Exordium","TheCity"],"potions_floor_usage":[5,7,11,19],"damage_taken":[{"damage":0,"enemies":"Jaw Worm","floor":1,"turns":3},{"damage":0,"enemies":"Cultist","floor":2,"turns":3},{"damage":8,"enemies":"2 Louse","floor":4,"turns":3},{"damage":7,"enemies":"Looter","floor":5,"turns":3},{"damage":2,"enemies":"Gremlin Nob","floor":7,"turns":3},{"damage":12,"enemies":"2 Fungi Beasts","floor":10,"turns":4},{"damage":0,"enemies":"3 Louse","floor":11,"turns":1},{"damage":0,"enemies":"Looter","floor":12,"turns":3},{"damage":4,"enemies":"Lagavulin","floor":13,"turns":5},{"damage":12,"enemies":"Exordium Wildlife","floor":14,"turns":5},{"damage":4,"enemies":"Slime Boss","floor":16,"turns":7},{"damage":2,"enemies":"Spheric Guardian","floor":18,"turns":3},{"damage":19,"enemies":"2 Thieves","floor":19,"turns":3},{"damage":22,"enemies":"Snake Plant","floor":20,"turns":3},{"damage":29,"enemies":"Chosen and Byrds","floor":21,"turns":2}],"seed_played":"-6460162556253806852","potions_obtained":[{"floor":1,"key":"ColorlessPotion"},{"floor":4,"key":"EssenceOfSteel"},{"floor":10,"key":"Explosive Potion"},{"floor":12,"key":"Strength Potion"},{"floor":14,"key":"SkillPotion"},{"floor":19,"key":"Dexterity Potion"}],"is_trial":false,"path_per_floor":["M","M","?","M","M","R","E","R","T","M","M","M","E","M","R","B",null,"M","M","M","M"],"character_chosen":"DEFECT","items_purchased":[],"campfire_rested":0,"item_purchase_floors":[],"current_hp_per_floor":[68,68,68,60,53,53,51,51,51,39,39,39,35,23,23,44,62,60,41,19,0,0],"gold":442,"neow_bonus":"RANDOM_COLORLESS_2","is_daily":false,"chose_seed":false,"campfire_upgraded":2,"win_rate":0.0,"timestamp":1611143982,"path_taken":["M","M","?","M","M","R","E","R","T","M","M","M","E","M","R","BOSS","M","?","M","M"],"items_purchased_type":[],"build_version":"2020-12-22","purchased_purges":0,"victory":false,"max_hp_per_floor":[68,68,68,68,68,68,68,68,68,68,68,68,68,68,68,68,68,68,68,68,68,68],"relic_stats":{"counters":[15,51],"Pantograph":25,"obtain_stats":[{"Ice Cream":13,"Calipers":9,"Pantograph":7,"Philosopher\u0027s Stone":17,"Cracked Core":0},{"Ice Cream":9,"Calipers":5,"Pantograph":5,"Philosopher\u0027s Stone":11,"Cracked Core":0},{"Ice Cream":28,"Calipers":15,"Pantograph":15,"Philosopher\u0027s Stone":40,"Cracked Core":0}]},"card_choices":[{"not_picked":["Thinking Ahead","Sadistic Nature"],"picked":"Apotheosis","floor":0},{"not_picked":["Barrage","Compile Driver"],"picked":"Hologram","floor":1},{"not_picked":["Chill","Leap"],"picked":"Lockon","floor":2},{"not_picked":["Chaos","Conserve Battery"],"picked":"Defragment","floor":4},{"not_picked":["Sweeping Beam","Go for the Eyes"],"picked":"Doom and Gloom","floor":5},{"not_picked":["Sweeping Beam","Reprogram"],"picked":"Consume","floor":7},{"not_picked":["Blizzard","Sunder"],"picked":"Storm","floor":10},{"not_picked":["Leap","Hologram"],"picked":"Capacitor","floor":11},{"not_picked":["Steam","Fusion"],"picked":"Loop","floor":12},{"not_picked":["Reprogram","Force Field"],"picked":"Glacier","floor":13},{"not_picked":["Conserve Battery","Beam Cell"],"picked":"Creative AI","floor":14},{"not_picked":["Thunder Strike","Seek"],"picked":"Biased Cognition","floor":16},{"not_picked":["BootSequence","Hologram"],"picked":"Static Discharge","floor":18},{"not_picked":["Barrage","Undo"],"picked":"Ball Lightning","floor":19},{"not_picked":["Beam Cell","Gash+1"],"picked":"Leap","floor":20}],"player_experience":873236,"relics_obtained":[{"floor":7,"key":"Pantograph"},{"floor":9,"key":"Calipers"},{"floor":13,"key":"Ice Cream"}],"event_choices":[{"cards_removed":["Strike_B"],"damage_healed":0,"gold_gain":0,"player_choice":"Purged","damage_taken":0,"max_hp_gain":0,"max_hp_loss":0,"event_name":"Purifier","floor":3,"gold_loss":0}],"is_beta":false,"boss_relics":[{"not_picked":["Inserter","Ectoplasm"],"picked":"Philosopher\u0027s Stone"}],"items_purged_floors":[],"is_endless":false,"potions_floor_spawned":[1,4,10,12,14,19],"killed_by":"Chosen and Byrds","ascension_level":12}}