{"host":"mmqs5ul2bvb60kyc","time":1611126011,"event":{"mods":["AchievementEnabler","BaseMod","Colored Map","Colored Powertips","Minty Spire (QoL Compilation)","Quick Restart","StSLib"],"gold_per_floor":[362,380,380,305,380,380,380,184,184,218,236,236,265,282,282,387,387,401,416,84,104,104,130,130,157,169,193,205,18,18,30,30,128,128,141,141,141],"floor_reached":36,"language":"ZHS","playtime":1854,"items_purged":["Strike_B","Strike_B","Zap"],"score":643,"play_id":"3032625d-205b-4029-b4c5-aa48670f9798","local_time":"20210120150011","is_ascension_mode":true,"campfire_choices":[{"data":"Recycle","floor":7.0,"key":"SMITH"},{"floor":12.0,"key":"REST"},{"data":"Coolheaded","floor":15.0,"key":"SMITH"},{"data":"Hologram","floor":24.0,"key":"SMITH"},{"data":"Creative AI","floor":28.0,"key":"SMITH"},{"data":"Dualcast","floor":30.0,"key":"SMITH"},{"floor":32.0,"key":"RECALL"}],"circlet_count":0,"master_deck":["AscendersBane","Defend_B","Defend_B","Defend_B","Dualcast+1","Recycle+1","Coolheaded+1","Machine Learning","Creative AI+1","Genetic Algorithm","Ball Lightning","White Noise","Hologram+1","Glacier+1","Seek","Rainbow+1","Fusion+1","Hyperbeam+1"],"relics":["Cracked Core","Dead Branch","Runic Capacitor","Mercury Hourglass","Smiling Mask","Meat on the Bone","Runic Dome","Singing Bowl","Pen Nib","Gremlin Horn","MawBank","Bag of Preparation","Astrolabe"],"acts_visited":["Exordium","TheCity","TheBeyond"],"potions_floor_usage":[36],"damage_taken":[{"damage":1.0,"enemies":"2 Louse","floor":1.0,"turns":2.0},{"damage":13.0,"enemies":"Jaw Worm","floor":2.0,"turns":4.0},{"damage":2.0,"enemies":"Lagavulin","floor":10.0,"turns":7.0},{"damage":0.0,"enemies":"Cultist","floor":11.0,"turns":2.0},{"damage":0.0,"enemies":"Gremlin Nob","floor":13.0,"turns":2.0},{"damage":2.0,"enemies":"2 Fungi Beasts","floor":14.0,"turns":4.0},{"damage":13.0,"enemies":"Hexaghost","floor":16.0,"turns":9.0},{"damage":17.0,"enemies":"Chosen","floor":18.0,"turns":6.0},{"damage":15.0,"enemies":"3 Byrds","floor":19.0,"turns":5.0},{"damage":16.0,"enemies":"Snecko","floor":21.0,"turns":4.0},{"damage":22.0,"enemies":"Slavers","floor":23.0,"turns":4.0},{"damage":0.0,"enemies":"Centurion and Healer","floor":27.0,"turns":5.0},{"damage":16.0,"enemies":"Shelled Parasite and Fungi","floor":31.0,"turns":6.0},{"damage":13.0,"enemies":"Automaton","floor":33.0,"turns":6.0},{"damage":5.0,"enemies":"Orb Walker","floor":35.0,"turns":4.0},{"damage":62,"enemies":"2 Orb Walkers","floor":36,"turns":6}],"seed_played":"1214426517832154264","potions_obtained":[{"floor":1.0,"key":"EssenceOfDarkness"},{"floor":13.0,"key":"PowerPotion"},{"floor":14.0,"key":"SpeedPotion"},{"floor":16.0,"key":"DuplicationPotion"},{"floor":18.0,"key":"DuplicationPotion"},{"floor":27.0,"key":"SpeedPotion"},{"floor":33.0,"key":"Dexterity Potion"},{"floor":35.0,"key":"Swift Potion"}],"is_trial":false,"path_per_floor":["M","M","?","$","?","?","R","$","T","E","M","R","E","M","R","B",null,"M","M","$","M","?","E","R","T","T","M","R","$","R","M","R","B",null,"M","?"],"character_chosen":"DEFECT","items_purchased":["Runic Capacitor","SkillPotion","White Noise","Singing Bowl","Bag of Preparation"],"campfire_rested":1,"item_purchase_floors":[8,8,20,20,29],"current_hp_per_floor":[67,54,40,40,29,22,22,22,22,20,20,40,40,38,38,37,60,43,40,40,36,36,28,28,28,28,40,40,40,40,38,38,37,63,60,0,0],"gold":141,"neow_bonus":"TWO_FIFTY_GOLD","is_daily":false,"chose_seed":false,"campfire_upgraded":5,"win_rate":0.0,"timestamp":1611126011,"path_taken":["M","M","?","$","?","?","R","?","T","E","M","R","E","M","R","BOSS","M","M","$","M","?","E","R","?","T","M","R","$","R","M","R","BOSS","M","?"],"items_purchased_type":["Relic","Potion","Card","Relic","Relic"],"build_version":"2020-12-22","purchased_purges":3,"victory":false,"max_hp_per_floor":[68,68,68,68,68,68,68,68,68,68,68,68,68,68,68,68,68,68,68,68,68,68,70,70,70,70,70,70,70,70,72,72,72,72,74,74,74],"card_choices":[{"not_picked":["Turbo","Rebound"],"picked":"Recycle","floor":1.0},{"not_picked":["Steam","Blizzard","Stack"],"picked":"SKIP","floor":2.0},{"not_picked":["Go for the Eyes","BootSequence"],"picked":"Coolheaded","floor":10.0},{"not_picked":["Steam Power","Force Field","Gash"],"picked":"SKIP","floor":11.0},{"not_picked":["Auto Shields","BootSequence"],"picked":"Machine Learning","floor":13.0},{"not_picked":["Conserve Battery","Steam","Stack"],"picked":"SKIP","floor":14.0},{"not_picked":["Rainbow","Amplify"],"picked":"Creative AI","floor":16.0},{"not_picked":["Steam","Gash"],"picked":"Genetic Algorithm","floor":18.0},{"not_picked":["Hologram","Streamline"],"picked":"Ball Lightning","floor":19.0},{"not_picked":["Cold Snap+1","Compile Driver"],"picked":"Hologram","floor":21.0},{"not_picked":["All For One","Scrape+1","Cold Snap"],"picked":"Singing Bowl","floor":23.0},{"not_picked":["Hologram+1","Sunder"],"picked":"Glacier+1","floor":27.0},{"not_picked":["Reprogram","Stack+1","Hologram"],"picked":"Singing Bowl","floor":31.0},{"not_picked":["Biased Cognition","Thunder Strike"],"picked":"Seek","floor":33.0},{"not_picked":["Glacier+1","Lockon+1","Scrape+1"],"picked":"Singing Bowl","floor":35.0}],"player_experience":283883,"relics_obtained":[{"floor":9.0,"key":"Mercury Hourglass"},{"floor":10.0,"key":"Smiling Mask"},{"floor":13.0,"key":"Meat on the Bone"},{"floor":23.0,"key":"Gremlin Horn"},{"floor":25.0,"key":"MawBank"}],"event_choices":[{"damage_healed":0.0,"max_hp_gain":0.0,"max_hp_loss":0.0,"gold_gain":0.0,"event_name":"Shining Light","player_choice":"Entered Light","floor":3.0,"gold_loss":0.0,"damage_taken":14.0,"cards_upgraded":["Strike_B","Strike_B"]},{"damage_healed":0.0,"max_hp_gain":0.0,"max_hp_loss":0.0,"gold_gain":75.0,"event_name":"World of Goop","player_choice":"Gather Gold","floor":5.0,"gold_loss":0.0,"damage_taken":11.0},{"damage_healed":0.0,"max_hp_gain":0.0,"max_hp_loss":0.0,"gold_gain":0.0,"event_name":"Scrap Ooze","player_choice":"Success","floor":6.0,"gold_loss":0.0,"damage_taken":7.0,"relics_obtained":["Dead Branch"]},{"damage_healed":0.0,"max_hp_gain":0.0,"max_hp_loss":0.0,"gold_gain":0.0,"event_name":"The Mausoleum","player_choice":"Opened","floor":22.0,"gold_loss":0.0,"damage_taken":0.0,"relics_obtained":["Pen Nib"]},{"damage_healed":0,"gold_gain":0,"player_choice":"Fight","damage_taken":0,"max_hp_gain":0,"max_hp_loss":0,"event_name":"Mysterious Sphere","floor":36,"gold_loss":0}],"is_beta":false,"boss_relics":[{"not_picked":["Snecko Eye","Ectoplasm"],"picked":"Runic Dome"},{"not_picked":["Empty Cage","Nuclear Battery"],"picked":"Astrolabe"}],"items_purged_floors":[4,20,29],"is_endless":false,"potions_floor_spawned":[1,13,14,16,18,27,33,35],"killed_by":"2 Orb Walkers","ascension_level":11}}