{"host":"5uvzo7moqy5vd63g","time":1611181740,"event":{"mods":["Aspiration","BaseMod","Conspire","Curses Come First","Dio Mod","Downfall","Hermit","Hubris","Jedi Mod","Mimic Mod","Minty Spire (QoL Compilation)","StSLib","Wandering Minibosses"],"gold_per_floor":[99,112,112,112,131,31,31,44,44,54,91,91,123,33,46,149,149,149,163,163,176,61,89,89,106,106,120,397,408,408,437,448,544,544,544,544],"floor_reached":34,"language":"ENG","playtime":2681,"items_purged":["bronze:Strike","Pain"],"score":417,"play_id":"6459129d-5358-41c2-ab48-0baee5eda86b","local_time":"20210120172900","is_ascension_mode":false,"campfire_choices":[{"floor":1,"key":"RECALL"},{"data":"bronze:Iterate","floor":6,"key":"SMITH"},{"floor":12,"key":"REST"},{"data":"bronze:Format","floor":18,"key":"SMITH"},{"data":"bronze:ItsAFeature","floor":26,"key":"SMITH"},{"data":"bronze:Repulsor","floor":30,"key":"SMITH"}],"circlet_count":0,"master_deck":["bronze:Replicate","bronze:Goto","bronze:Iterate+1","bronze:Shield","bronze:CutThrough","bronze:Iterate","bronze:Iterate","bronze:DelayedGuard","bronze:GetLatest","bronze:Format+1","bronze:WildBeam","bronze:ForLoop","bronze:CloningBeam","bronze:Boost","bronze:WildBeam","bronze:Assembly","bronze:ItsAFeature+1","hubris:DuctTapeCard","bronze:Optimize","bronze:SpaghettiCode","bronze:BuggyMess","bronze:Fortify","bronze:OilSpill","bronze:Repulsor+1","bronze:Format","bronze:AlphaBuild"],"relics":["bronze:BronzeCore","downfall:ShatteredFragment","hubris:DeckOfHolding","downfall:HeartBlessingRed","jedi:heavyjacket","hubris:Towel","Shuriken","bronze:ProtectiveGoggles","Pandora\u0027s Box","hubris:DuctTape","Nunchaku","hubris:PeanutButter","Happy Flower","hubris:VirtuousBlindfold"],"acts_visited":["Exordium","TheCity","TheBeyond"],"potions_floor_usage":[11,13,21,29,31],"damage_taken":[{"damage":2,"enemies":"Jaw Worm","floor":2,"turns":5},{"damage":0,"enemies":"2 Louse","floor":5,"turns":2},{"damage":0,"enemies":"Cultist","floor":8,"turns":3},{"damage":0,"enemies":"2 Fungi Beasts","floor":10,"turns":2},{"damage":27,"enemies":"conspire:MimicChest","floor":11,"turns":5},{"damage":5,"enemies":"Gremlin Nob","floor":13,"turns":3},{"damage":0,"enemies":"downfall:FleeingMerchant","floor":14,"turns":4},{"damage":0,"enemies":"Large Slime","floor":15,"turns":3},{"damage":12,"enemies":"DF_ARCHETYPE_STREAMLINE","floor":16,"turns":6},{"damage":2,"enemies":"Chosen","floor":19,"turns":2},{"damage":8,"enemies":"conspire:FuzzyDice","floor":21,"turns":4},{"damage":4,"enemies":"downfall:FleeingMerchant","floor":22,"turns":4},{"damage":0,"enemies":"Gremlin Leader","floor":23,"turns":4},{"damage":1,"enemies":"Snake Plant","floor":25,"turns":3},{"damage":0,"enemies":"Cultist and Chosen","floor":27,"turns":4},{"damage":0,"enemies":"downfall:FleeingMerchant","floor":28,"turns":3},{"damage":0,"enemies":"Centurion and Healer","floor":29,"turns":2},{"damage":11,"enemies":"Slavers","floor":31,"turns":4},{"damage":3,"enemies":"Sentry and Sphere","floor":32,"turns":4},{"damage":22,"enemies":"WA_ARCHETYPE_CALM","floor":33,"turns":7}],"seed_played":"-5802520677766005908","potions_obtained":[{"floor":5,"key":"DistilledChaos"},{"floor":8,"key":"Regen Potion"},{"floor":11,"key":"GamblersBrew"},{"floor":16,"key":"AttackPotion"},{"floor":19,"key":"jedi:wingpotion"},{"floor":23,"key":"Dexterity Potion"},{"floor":27,"key":"DistilledChaos"},{"floor":29,"key":"hexamod:SoulburnPotion"},{"floor":31,"key":"FearPotion"},{"floor":32,"key":"BlessingOfTheForge"}],"is_trial":false,"path_per_floor":["R","M","?","?","M","R","T","M","?","M","?","R","E","$","M","B",null,"R","M","?","M","$","E","T","M","R","M","$","M","R","E","M","B",null],"character_chosen":"THE_AUTOMATON","items_purchased":["bronze:OilSpill"],"campfire_rested":1,"item_purchase_floors":[28],"current_hp_per_floor":[77,75,54,36,36,36,36,36,36,36,9,32,36,36,36,24,77,77,75,75,67,63,63,63,62,62,62,62,62,62,51,48,26,77,77,77],"gold":544,"neow_bonus":"TEN_PERCENT_HP_BONUS","is_daily":false,"chose_seed":false,"campfire_upgraded":4,"win_rate":0.0,"timestamp":1611181740,"path_taken":["R","M","?","?","M","R","T","M","?","?","?","R","E","$","M","BOSS","R","M","?","?","$","E","T","M","R","M","$","M","R","E","M","BOSS"],"items_purchased_type":["Card"],"build_version":"2020-12-22","purchased_purges":2,"victory":false,"max_hp_per_floor":[77,77,77,77,77,77,77,77,77,77,77,77,77,77,77,77,77,77,77,77,77,77,77,77,77,77,77,77,77,77,77,77,77,77,77,77],"card_choices":[{"not_picked":["bronze:BugBarrage","bronze:WhirlingStrike"],"picked":"bronze:Iterate","floor":2},{"not_picked":["bronze:Overheat","bronze:BitShift"],"picked":"bronze:Shield","floor":5},{"not_picked":["bronze:BronzeArmor","bronze:DelayedSlice"],"picked":"bronze:CutThrough","floor":8},{"not_picked":["bronze:FineTuning","bronze:BitShift"],"picked":"bronze:Iterate","floor":10},{"not_picked":["bronze:BuggyMess","bronze:Frontload"],"picked":"bronze:BitShift","floor":11},{"not_picked":["bronze:Philosophize","bronze:Deprecate"],"picked":"bronze:Iterate","floor":13},{"not_picked":["bronze:FindAndReplace","bronze:DelayedSlice"],"picked":"bronze:DelayedGuard","floor":14},{"not_picked":["bronze:Branch","bronze:ChosenStrike"],"picked":"bronze:GetLatest","floor":15},{"not_picked":["bronze:ShipIt","bronze:SpaghettiCode"],"picked":"bronze:Format","floor":16},{"not_picked":["bronze:Deprecate","bronze:WhirlingStrike"],"picked":"bronze:ItsAFeature","floor":19},{"not_picked":["bronze:Frontload","bronze:Boost"],"picked":"bronze:Optimize","floor":21},{"not_picked":["bronze:Invalidate","bronze:Return+1"],"picked":"bronze:SpaghettiCode","floor":22},{"not_picked":["bronze:Branch+1","bronze:WildBeam"],"picked":"bronze:BuggyMess","floor":23},{"not_picked":["bronze:BitShift","bronze:WildBeam","bronze:WhirlingStrike"],"picked":"SKIP","floor":25},{"not_picked":["bronze:Invalidate","bronze:WhirlingStrike","bronze:Branch"],"picked":"SKIP","floor":27},{"not_picked":["bronze:Frontload","bronze:DelayedSlice+1"],"picked":"bronze:Fortify","floor":28},{"not_picked":["bronze:BuggyMess","bronze:Turbo"],"picked":"bronze:Repulsor","floor":29},{"not_picked":["bronze:Deprecate","bronze:BronzeArmor+1"],"picked":"bronze:Format","floor":31},{"not_picked":["bronze:Frontload+1","bronze:ItsAFeature","bronze:Backtrace"],"picked":"SKIP","floor":32},{"not_picked":["bronze:Format","bronze:Assembly"],"picked":"bronze:AlphaBuild","floor":33}],"player_experience":591645,"relics_obtained":[{"floor":7,"key":"jedi:heavyjacket"},{"floor":11,"key":"Shuriken"},{"floor":13,"key":"bronze:ProtectiveGoggles"},{"floor":23,"key":"Nunchaku"},{"floor":24,"key":"hubris:PeanutButter"},{"floor":31,"key":"Happy Flower"}],"event_choices":[{"damage_healed":0,"gold_gain":0,"player_choice":"Success","damage_taken":18,"relics_obtained":["hubris:DeckOfHolding"],"max_hp_gain":0,"max_hp_loss":0,"event_name":"Scrap Ooze","floor":4,"gold_loss":0}],"is_beta":false,"boss_relics":[{"not_picked":["Runic Dome","Snecko Eye"],"picked":"Pandora\u0027s Box"},{"not_picked":["Fusion Hammer","jedi:paperlyon"],"picked":"hubris:VirtuousBlindfold"}],"items_purged_floors":[14,22],"is_endless":false,"potions_floor_spawned":[5,8,11,16,19,23,27,29,31,32],"ascension_level":0}}