{"host":"2lvuisjyit3p3u01","time":1611169453,"event":{"mods":["Act Like it!","BaseMod","Bestiary","Better Synergies","CapriCore","Colored Map","Colored Powertips","Dota2Spire","Duelist Mod","GifTheSpireLib","Minty Spire (QoL Compilation)","Quick Restart","Replay The Spire","StSLib"],"gold_per_floor":[138,153,153,2,2,2,15,15,64,90,90,90,109,128,128,227,227,243,243,262,262,274,304,304,304,327,142,142,17,35,48,48,146,146,162,162,162,13,33,33,45,77,103,133,146,146,146,0,0,0],"floor_reached":51,"language":"ENG","playtime":2974,"items_purged":["theDuelist:CastleWalls","theDuelist:CurseArmaments","theDuelist:PsiCurse"],"score":848,"play_id":"864b19f0-a509-43b2-8132-4fbf7156be5c","local_time":"20210120210413","is_ascension_mode":false,"campfire_choices":[{"data":"theDuelist:UmbralHorrorGhost","floor":6,"key":"SMITH"},{"data":"theDuelist:GiantOrc","floor":8,"key":"SMITH"},{"data":"theDuelist:DarklordSuperbia","floor":12,"key":"SMITH"},{"floor":15,"key":"REST"},{"data":"theDuelist:DarknessNeosphere","floor":24,"key":"SMITH"},{"data":"theDuelist:MillenniumScorpion","floor":28,"key":"SMITH"},{"data":"theDuelist:RainbowKuriboh","floor":32,"key":"SMITH"},{"data":"theDuelist:EarthEffigy","floor":40,"key":"SMITH"},{"floor":47,"key":"REST"},{"floor":49,"key":"REST"}],"circlet_count":0,"master_deck":["theDuelist:ArchfiendSoldier","theDuelist:ArchfiendSoldier","theDuelist:ArchfiendSoldier","theDuelist:CastleWalls","theDuelist:CastleWalls","theDuelist:FiendMegacyber","theDuelist:Sparks","theDuelist:Sparks","theDuelist:SummonedSkull","theDuelist:UmbralHorrorGhost+1","theDuelist:RedSprinter","theDuelist:SummonedSkull","theDuelist:GiantOrc+1","theDuelist:DarklordSuperbia+1","theDuelist:WingedKuriboh","theDuelist:EarthEffigy+1","theDuelist:PutridPudding","Writhe","theDuelist:DuelistAscender","Sickly","theDuelist:HammerShot","theDuelist:EvilswarmNightmare","theDuelist:DarknessNeosphere+1","theDuelist:MillenniumScorpion+1","theDuelist:RainbowKuriboh+1","theDuelist:RedSprinter+1","theDuelist:DarkCubicLord","CurseOfTheBell","theDuelist:BeastTalwar"],"relics":["theDuelist:MillenniumPuzzle","theDuelist:CardPoolRelic","theDuelist:CardPoolBasicRelic","theDuelist:BoosterPackPoolRelic","theDuelist:CardPoolAddRelic","theDuelist:CardPoolMinusRelic","theDuelist:CardPoolSaveRelic","theDuelist:CardPoolOptionsRelic","theDuelist:YugiMirror","Nunchaku","Pear","Snake Skull","Replay:Ancient Bell","theDuelist:MillenniumArmor","Kunai","Calipers","Lantern","theDuelist:GiftAnubis","theDuelist:MillenniumRod","King of Hearts","Calling Bell","Replay:Byrd Feeder","Gremlin Horn","ReplayFunnel","theDuelist:CursedHealer","Replay:Baseball","Pocketwatch","theDuelist:SummonAnchor","Girya","theDuelist:MillenniumRod"],"acts_visited":["Exordium","TheCity","TheBeyond"],"potions_floor_usage":[10,10,10,20,31,33,39,42,42,50],"damage_taken":[{"damage":11,"enemies":"Jaw Worm","floor":1,"turns":3},{"damage":0,"enemies":"Cultist","floor":2,"turns":2},{"damage":5,"enemies":"Small Slimes","floor":7,"turns":2},{"damage":13,"enemies":"3 Sentries","floor":10,"turns":4},{"damage":10,"enemies":"Looter","floor":13,"turns":2},{"damage":7,"enemies":"Blue Slaver","floor":14,"turns":2},{"damage":47,"enemies":"Hexaghost","floor":16,"turns":6},{"damage":7,"enemies":"3 Byrds","floor":18,"turns":6},{"damage":0,"enemies":"Spheric Guardian","floor":20,"turns":3},{"damage":35,"enemies":"Shelled Parasite and Fungi","floor":22,"turns":4},{"damage":3,"enemies":"theDuelist:KaibaA2","floor":23,"turns":3},{"damage":12,"enemies":"Sentry and Sphere","floor":30,"turns":5},{"damage":5,"enemies":"3 Cultists","floor":31,"turns":5},{"damage":0,"enemies":"Collector","floor":33,"turns":2},{"damage":0,"enemies":"3 Shapes","floor":35,"turns":2},{"damage":10,"enemies":"3 Darklings","floor":39,"turns":3},{"damage":0,"enemies":"Maw","floor":41,"turns":5},{"damage":46,"enemies":"Nemesis","floor":42,"turns":7},{"damage":0,"enemies":"Giant Head","floor":44,"turns":4},{"damage":27,"enemies":"Transient","floor":45,"turns":5},{"damage":20,"enemies":"Donu and Deca","floor":50,"turns":5}],"seed_played":"-4667006989128472148","potions_obtained":[{"floor":2,"key":"SkillPotion"},{"floor":7,"key":"theDuelist:BottledKuriboh"},{"floor":16,"key":"theDuelist:OrbBottle"},{"floor":18,"key":"Cursed Concoction"},{"floor":30,"key":"Dota2Spire:HealingSalve"},{"floor":33,"key":"GamblersBrew"},{"floor":35,"key":"PowerPotion"},{"floor":41,"key":"AttackPotion"},{"floor":44,"key":"theDuelist:DebuffFuryPotion"}],"is_trial":false,"path_per_floor":["M","M","?","$","?","R","M","R","T","E","T","R","M","M","R","B",null,"M","?","M","?","M","E","R","?","T","$","R","$","M","M","R","B",null,"M","?","?","$","M","R","M","E","T","E","M","?","R","?","R","B",null],"character_chosen":"THE_DUELIST","items_purchased":["theDuelist:BurningPotionB","theDuelist:MillenniumScorpion","Replay:Baseball"],"campfire_rested":3,"item_purchase_floors":[4,27,38],"current_hp_per_floor":[77,77,77,77,71,71,66,66,66,63,63,63,53,46,75,28,98,91,91,91,91,56,53,53,53,53,53,53,53,41,48,48,48,98,98,98,98,98,88,88,88,42,42,42,15,15,42,42,69,49],"gold":0,"neow_bonus":"TEN_PERCENT_HP_BONUS","is_daily":false,"chose_seed":false,"campfire_upgraded":7,"win_rate":0.0,"timestamp":1611169453,"path_taken":["M","M","?","?","?","R","M","R","T","E","?","R","M","M","R","BOSS","M","?","M","?","M","E","R","?","T","$","R","$","M","M","R","BOSS","M","?","?","?","M","R","M","E","T","E","?","?","R","?","R","BOSS"],"items_purchased_type":["Potion","Card","Relic"],"build_version":"2020-12-22","purchased_purges":3,"victory":true,"max_hp_per_floor":[88,88,88,88,88,88,88,88,88,98,98,98,98,98,98,98,98,98,98,98,98,98,98,98,98,98,98,98,98,98,98,98,98,98,98,98,98,98,98,98,98,98,98,98,98,93,93,93,93,93],"card_choices":[{"not_picked":["theDuelist:Zombyra","theDuelist:CheerfulCoffin","theDuelist:DarkFusion","theDuelist:Pumpking"],"picked":"theDuelist:UmbralHorrorGhost","floor":1},{"not_picked":["theDuelist:DoomcaliberKnight","theDuelist:DarkHunter","theDuelist:WanderingKing","theDuelist:DarkBlade"],"picked":"theDuelist:RedSprinter","floor":2},{"not_picked":["theDuelist:UmbralHorrorGhost","theDuelist:DarkTinker","theDuelist:BeastTalwar","theDuelist:BottomlessTrapHole"],"picked":"theDuelist:GiantOrc","floor":7},{"not_picked":["theDuelist:DestroyerGolem","theDuelist:MillenniumGolem","theDuelist:WormKing","theDuelist:GauntletWarrior"],"picked":"theDuelist:DarklordSuperbia","floor":10},{"not_picked":["theDuelist:Fissure","theDuelist:MirrorForce","theDuelist:ForbiddenChalice","theDuelist:ImperialOrder"],"picked":"theDuelist:WingedKuriboh","floor":13},{"not_picked":["theDuelist:MudGolem","theDuelist:GemElephant","theDuelist:ScrapFactory","theDuelist:MirrorForce"],"picked":"theDuelist:EarthEffigy","floor":14},{"not_picked":["theDuelist:DarkCubicLord","theDuelist:Wildfire","theDuelist:ArchfiendCommander","theDuelist:DarkMasterZorc"],"picked":"theDuelist:PutridPudding","floor":16},{"not_picked":["theDuelist:VampireCurse","theDuelist:SummoningCurse"],"picked":"Writhe","floor":17},{"not_picked":["Languid","theDuelist:SummoningCurse"],"picked":"theDuelist:DuelistAscender","floor":17},{"not_picked":["theDuelist:GravekeeperCurse","theDuelist:CursedBill"],"picked":"Sickly","floor":17},{"not_picked":["theDuelist:Kuriboh","theDuelist:EvilswarmHeliotrope+1","theDuelist:ForbiddenChalice","theDuelist:GemElephant"],"picked":"theDuelist:HammerShot","floor":18},{"not_picked":["theDuelist:BeastTalwar","theDuelist:FabledAshenveil+1","theDuelist:DarkFusion","theDuelist:PotDuality+1"],"picked":"theDuelist:EvilswarmNightmare","floor":20},{"not_picked":["theDuelist:GiantOrc","theDuelist:DarkFusion","theDuelist:CyberArchfiend","theDuelist:CheerfulCoffin","theDuelist:WanderingKing+1"],"picked":"SKIP","floor":22},{"not_picked":["theDuelist:DoomDonuts","theDuelist:RedMirror","theDuelist:Doomdog+1","theDuelist:CallGrave"],"picked":"theDuelist:DarknessNeosphere","floor":23},{"not_picked":["theDuelist:FiendSkull","theDuelist:GreenGraveOni","theDuelist:PurplePainOni","theDuelist:RedHeadedOni"],"picked":"theDuelist:RainbowKuriboh","floor":30},{"not_picked":["theDuelist:SkullArchfiend","theDuelist:DarkHunter","theDuelist:GoblinKing","theDuelist:BlastAsmodian"],"picked":"theDuelist:RedSprinter+1","floor":31},{"not_picked":["theDuelist:FeatherShot","theDuelist:ArchfiendGeneral","theDuelist:FabledGallabas","theDuelist:DarkMasterZorc"],"picked":"theDuelist:DarkCubicLord","floor":33},{"not_picked":["theDuelist:FiendSkull+1","theDuelist:GreenGraveOni+1","theDuelist:GreyGreedOni","theDuelist:RainbowOverdragon+1","theDuelist:RedHeadedOni+1"],"picked":"SKIP","floor":35},{"not_picked":["theDuelist:BerserkerCrush+1","theDuelist:CheerfulCoffin","theDuelist:Electrowhip","theDuelist:ReleaseFromStone","theDuelist:TributeDoomed+1"],"picked":"SKIP","floor":39},{"not_picked":["theDuelist:CyberArchfiend","theDuelist:DarklordMarie+1","theDuelist:SummonedSkull","theDuelist:CosmicHorrorGangiel+1"],"picked":"theDuelist:BeastTalwar","floor":41},{"not_picked":["theDuelist:DarkCubicLord+1","theDuelist:Wildfire","theDuelist:PutridPudding","theDuelist:ArchfiendCommander+1","theDuelist:DarkMasterZorc+1"],"picked":"SKIP","floor":42},{"not_picked":["theDuelist:UmbralHorrorGhost","theDuelist:GiantOrc+1","theDuelist:PortraitSecret+1","theDuelist:FiendMegacyber","theDuelist:SlateWarrior+1"],"picked":"SKIP","floor":44},{"not_picked":["theDuelist:EarthquakeGiant","theDuelist:GemArmadillo+1","theDuelist:GemElephant","theDuelist:LabyrinthWall","theDuelist:RainbowKuriboh"],"picked":"SKIP","floor":45}],"player_experience":309873,"relics_obtained":[{"floor":9,"key":"Nunchaku"},{"floor":10,"key":"Pear"},{"floor":11,"key":"Snake Skull"},{"floor":23,"key":"theDuelist:GiftAnubis"},{"floor":26,"key":"King of Hearts"},{"floor":34,"key":"Replay:Byrd Feeder"},{"floor":34,"key":"Gremlin Horn"},{"floor":34,"key":"ReplayFunnel"},{"floor":42,"key":"Pocketwatch"},{"floor":43,"key":"theDuelist:SummonAnchor"},{"floor":44,"key":"Girya"}],"event_choices":[{"damage_healed":0,"gold_gain":0,"player_choice":"Bought 0 Potions","damage_taken":0,"max_hp_gain":0,"max_hp_loss":0,"event_name":"The Woman in Blue","floor":3,"gold_loss":0},{"damage_healed":0,"gold_gain":0,"player_choice":"Dig - random Duelist relic","duelist":true,"damage_taken":0,"max_hp_gain":0,"max_hp_loss":0,"event_name":"Aknamkanon\u0027s Tomb","floor":5,"gold_loss":0},{"damage_healed":0,"gold_gain":0,"player_choice":"Leave","duelist":true,"damage_taken":0,"max_hp_gain":0,"max_hp_loss":0,"event_name":"Battle City","floor":19,"gold_loss":0},{"damage_healed":0,"gold_gain":0,"player_choice":"Took item - Received: Millennium Rod","duelist":true,"damage_taken":0,"max_hp_gain":0,"max_hp_loss":0,"event_name":"Millennium Items","floor":25,"gold_loss":0},{"damage_healed":0,"gold_gain":0,"player_choice":"Succumb - +25HP/Cursed Relic","duelist":true,"damage_taken":0,"max_hp_gain":0,"max_hp_loss":0,"event_name":"Tomb of the Nameless","floor":36,"gold_loss":0},{"damage_healed":0,"gold_gain":0,"player_choice":"Ignored","damage_taken":0,"max_hp_gain":0,"max_hp_loss":0,"event_name":"Tomb of Lord Red Mask","floor":37,"gold_loss":0},{"damage_healed":0,"gold_gain":0,"player_choice":"Max HP","damage_taken":0,"max_hp_gain":0,"max_hp_loss":5,"event_name":"Winding Halls","floor":46,"gold_loss":0},{"damage_healed":0,"gold_gain":0,"player_choice":"Duplicated Relic - Millennium Rod","duelist":true,"damage_taken":0,"max_hp_gain":0,"max_hp_loss":0,"event_name":"Relic Duplicator","floor":48,"gold_loss":0}],"is_beta":false,"boss_relics":[{"not_picked":["Dota2Spire:Bloodstone","Replay:Wanted Poster"],"picked":"Replay:Ancient Bell"},{"not_picked":["Potion Belt","Dota2Spire:HandOfMidas"],"picked":"theDuelist:MillenniumArmor"},{"not_picked":["Dota2Spire:MantaStyle","Letter Opener"],"picked":"Kunai"},{"not_picked":["Tingsha","Torii"],"picked":"Calipers"},{"not_picked":["Ooze Armor","Replay:Drink Me"],"picked":"Calling Bell"}],"items_purged_floors":[4,27,29],"is_endless":false,"potions_floor_spawned":[2,7,16,18,30,33,35,41,44],"ascension_level":0}}