{"host":"ifd7sfhtlbe34qll","time":1611125777,"event":{"mods":["2.2 Compatiblity","BaseMod","Block Reminder","Colored Map","Curses Come First","Highlight Path","Minty Spire (QoL Compilation)","Potion Indicator Mod","Quick Restart","Relic Stats","StSLib"],"gold_per_floor":[216,44,60,25,25,25,69,69,92,106,106,119,150,169,169,169,169],"floor_reached":16,"language":"ENG","playtime":635,"items_purged":["Defend_P"],"score":220,"play_id":"4f8109d9-ae1f-4d28-9546-21f2487303c6","local_time":"20210120005617","is_ascension_mode":true,"campfire_choices":[{"data":"Tantrum","floor":6,"key":"SMITH"},{"data":"SashWhip","floor":8,"key":"SMITH"},{"data":"DeceiveReality","floor":15,"key":"SMITH"}],"circlet_count":0,"master_deck":["AscendersBane","Strike_P","Strike_P","Strike_P","Strike_P","Defend_P","Defend_P","Defend_P","Eruption","Vigilance+1","DeceiveReality+1","Tantrum+1","DeusExMachina","SashWhip+1","EmptyMind","DeusExMachina","InnerPeace","CutThroughFate"],"relics":["PureWater","Golden Idol","Blood Vial","Pen Nib","Kunai"],"acts_visited":["Exordium"],"potions_floor_usage":[7,16],"damage_taken":[{"damage":9,"enemies":"Small Slimes","floor":1,"turns":6},{"damage":0,"enemies":"Jaw Worm","floor":3,"turns":4},{"damage":12,"enemies":"Lagavulin","floor":7,"turns":3},{"damage":0,"enemies":"Cultist","floor":10,"turns":3},{"damage":1,"enemies":"Lots of Slimes","floor":12,"turns":6},{"damage":19,"enemies":"3 Sentries","floor":13,"turns":4},{"damage":9,"enemies":"Red Slaver","floor":14,"turns":2},{"damage":54,"enemies":"Hexaghost","floor":16,"turns":13}],"seed_played":"-4972131838801865263","potions_obtained":[{"floor":3,"key":"SteroidPotion"},{"floor":10,"key":"SmokeBomb"},{"floor":13,"key":"FairyPotion"}],"is_trial":false,"path_per_floor":["M","$","M","?","?","R","E","R","T","M","?","M","E","M","R","B"],"character_chosen":"WATCHER","items_purchased":["Tantrum","SteroidPotion"],"campfire_rested":0,"item_purchase_floors":[2,2],"current_hp_per_floor":[52,52,52,68,62,62,50,50,50,52,52,53,36,29,29,0,0],"gold":169,"neow_bonus":"HUNDRED_GOLD","is_daily":false,"chose_seed":false,"campfire_upgraded":3,"win_rate":0.0,"timestamp":1611125777,"path_taken":["M","$","M","?","?","R","E","R","T","M","?","?","E","M","R","BOSS"],"items_purchased_type":["Card","Potion"],"build_version":"2020-12-22","purchased_purges":1,"victory":false,"max_hp_per_floor":[68,68,68,68,62,62,62,62,62,62,62,62,62,62,62,62,62],"relic_stats":{"Blood Vial":10,"counters":[8,41],"Golden Idol":25,"Pen Nib":[4],"Kunai":[2],"obtain_stats":[{"Blood Vial":7,"Golden Idol":5,"Pen Nib":9,"Kunai":13,"PureWater":0},{"Blood Vial":3,"Golden Idol":2,"Pen Nib":3,"Kunai":6,"PureWater":0},{"Blood Vial":13,"Golden Idol":10,"Pen Nib":13,"Kunai":26,"PureWater":0}]},"card_choices":[{"not_picked":["ClearTheMind","Study"],"picked":"DeceiveReality","floor":1},{"not_picked":["Prostrate","ThirdEye"],"picked":"DeusExMachina","floor":3},{"not_picked":["Evaluate","Protect"],"picked":"SashWhip","floor":7},{"not_picked":["Vengeance","CutThroughFate"],"picked":"EmptyMind","floor":10},{"not_picked":["EmptyBody","CutThroughFate"],"picked":"DeusExMachina","floor":12},{"not_picked":["JustLucky","Nirvana"],"picked":"InnerPeace","floor":13},{"not_picked":["BowlingBash","PathToVictory"],"picked":"CutThroughFate","floor":14}],"player_experience":1426735,"relics_obtained":[{"floor":7,"key":"Blood Vial"},{"floor":9,"key":"Pen Nib"},{"floor":13,"key":"Kunai"}],"event_choices":[{"damage_healed":17,"gold_gain":0,"player_choice":"Healed","damage_taken":0,"max_hp_gain":0,"max_hp_loss":0,"event_name":"The Cleric","floor":4,"gold_loss":35},{"damage_healed":0,"gold_gain":0,"player_choice":"Lose Max HP","damage_taken":0,"relics_obtained":["Golden Idol"],"max_hp_gain":0,"max_hp_loss":6,"event_name":"Golden Idol","floor":5,"gold_loss":0},{"damage_healed":0,"gold_gain":0,"player_choice":"Upgraded","damage_taken":0,"max_hp_gain":0,"max_hp_loss":0,"event_name":"Upgrade Shrine","floor":11,"gold_loss":0,"cards_upgraded":["Vigilance"]}],"is_beta":false,"boss_relics":[],"items_purged_floors":[2],"is_endless":false,"potions_floor_spawned":[3,10,13,14],"killed_by":"Hexaghost","ascension_level":20}}