{"host":"2zc57igszyqgae0y","time":1611125827,"event":{"mods":["ATMod(°¢èªMod)","Act Like it!","Aspiration","BaseMod","CapriCore","GifTheSpireLib","Minty Spire (QoL Compilation)","Quick Restart","Rare Cards Sparkle","Replay The Spire","RumiaBox-Â¶Ã×æ«µÄÉñÃØºÐ×Ó","SIMod","Shop Mod","StSLib","[IsaacMod]ÒÔÈö¼âËþ","vexMod"],"gold_per_floor":[111,122,122,122,133,133,161,191,191,219,219,219,247,266,333,431,431,446,211,228,239,239,267,267,66,66,66,77,109,208,12,12,110,110,120,136,136,36,51,86,86,86,86,86,102,118,31,31,31,31,31,31,31,62,62],"floor_reached":56,"language":"ZHS","playtime":1361,"items_purged":["Strike_G","Defend_G"],"score":2050,"play_id":"9c24b662-1101-4845-827c-5e07be49e26d","local_time":"20210120145707","is_ascension_mode":true,"campfire_choices":[{"data":"AT_FamilyPortrait","floor":6,"key":"SMITH"},{"floor":12,"key":"REST"},{"data":"Crescendo","floor":24,"key":"SMITH"},{"data":"Ragnarok","floor":27,"key":"SMITH"},{"data":"AT_WindFlip","floor":32,"key":"SMITH"},{"floor":41,"key":"RECALL"},{"floor":49,"key":"DIG"},{"data":"ReplayTheSpireMod:Brewmster","floor":52,"key":"SMITH"}],"circlet_count":0,"master_deck":["Strike_G","Strike_G","Strike_G","Defend_G+1","Defend_G+1","Defend_G","Survivor","Neutralize","AT_FamilyPortrait+1","Backflip","AT_WindFlip+1","Ragnarok+1","AT_ArcaneSupremacy+1","AT_ThistleTea+1","ReplayTheSpireMod:Brewmster+1","Backstab+1"],"relics":["Ring of the Snake","HushsDoor","AT_ATBox","aspiration:Nostalgia","Replay:M_SmolderingBlood","GuppysHead","HornCleat","Replay:Rubber Ducky","DeathBook","aspiration:SeaSaltIceCream","SteamSale","Replay:Bottled Steam","aspiration:PoetsPen_weak","GuppysPaw","GuppysTail","Matryoshka","Replay:Baseball","aspiration:FetidBarrel","Divine Protection","ClockworkSouvenir","Darkstone Periapt","AT_SilvercatRing","MagicDraw1","AT_BladeRuinedKing","NineVolt","vexMod:BigBerry","Replay:Wax Seal","Replay:Mystery Machine","Bag of Marbles","Ring of Panic","ReplayTheSpireMod:Lightbulb","Quantum Egg","War Paint","Bronze Scales"],"acts_visited":["Exordium","TheCity","TheBeyond","TheEnding"],"potions_floor_usage":[7,16,50,50,50,50,55,55,55,55,55,55,55],"damage_taken":[{"damage":0.0,"enemies":"Jaw Worm","floor":1.0,"turns":2.0},{"damage":0.0,"enemies":"Small Slimes","floor":2.0,"turns":2.0},{"damage":4,"enemies":"Cultist","floor":5,"turns":4},{"damage":25,"enemies":"Lagavulin","floor":7,"turns":9},{"damage":4,"enemies":"Gremlin Nob","floor":10,"turns":3},{"damage":0,"enemies":"3 Sentries","floor":13,"turns":1},{"damage":0,"enemies":"2 Fungi Beasts","floor":14,"turns":2},{"damage":0,"enemies":"Slime Boss","floor":16,"turns":3},{"damage":0,"enemies":"2 Thieves","floor":18,"turns":2},{"damage":0,"enemies":"Chosen","floor":20,"turns":3},{"damage":0,"enemies":"Shelled Parasite and Fungi","floor":21,"turns":1},{"damage":0,"enemies":"Book of Stabbing","floor":23,"turns":2},{"damage":0,"enemies":"3 Cultists","floor":28,"turns":2},{"damage":0,"enemies":"Gremlin Leader","floor":29,"turns":2},{"damage":0,"enemies":"Champ","floor":33,"turns":2},{"damage":8,"enemies":"3 Shapes","floor":35,"turns":1},{"damage":0,"enemies":"3 Darklings","floor":36,"turns":1},{"damage":0,"enemies":"Maw","floor":39,"turns":2},{"damage":0,"enemies":"Reptomancer","floor":40,"turns":1},{"damage":0,"enemies":"Jaw Worm Horde","floor":45,"turns":1},{"damage":0,"enemies":"Transient","floor":46,"turns":2},{"damage":0,"enemies":"Awakened One","floor":50,"turns":2},{"damage":0,"enemies":"Shield and Spear","floor":54,"turns":3},{"damage":0,"enemies":"The Heart","floor":55,"turns":4}],"seed_played":"6732495662784840346","potions_obtained":[{"floor":2.0,"key":"Weak Potion"},{"floor":7,"key":"Strength Potion"},{"floor":14,"key":"Energy Potion"},{"floor":20,"key":"Venom Potion"},{"floor":23,"key":"ColorlessPotion"},{"floor":45,"key":"LiquidBronze"}],"is_trial":false,"path_per_floor":["M","M","?","?","M","R","E","?","T","E","?","R","E","M","R","B",null,"M","$","M","M","?","E","R","$","T","R","M","E","?","$","R","B",null,"M","M","?","$","M","E","R","?","T","?","M","M","$","?","R","B",null,"R","$","E","B",null],"character_chosen":"THE_SILENT","items_purchased":["GuppysPaw","GuppysTail","Matryoshka","Replay:Baseball","Divine Protection","ClockworkSouvenir","AT_BladeRuinedKing","NineVolt","Replay:Wax Seal","Replay:Mystery Machine","ReplayTheSpireMod:Brewmster"],"campfire_rested":1,"item_purchase_floors":[17,17,19,19,25,25,31,31,38,38,47],"current_hp_per_floor":[63,63,56,56,52,52,27,27,27,23,23,44,44,44,44,44,49,49,49,49,49,49,49,49,49,49,49,49,49,49,49,49,49,80,72,72,72,72,72,72,72,72,72,72,72,72,72,72,72,72,75,75,75,75,75],"gold":62,"neow_bonus":"NOSTALGIA","is_daily":false,"chose_seed":false,"campfire_upgraded":5,"win_rate":0.0,"timestamp":1611125827,"path_taken":["M","M","?","?","M","R","E","?","T","E","?","R","E","M","R","BOSS","M","$","M","M","?","E","R","?","T","R","M","E","?","$","R","BOSS","M","M","?","$","M","E","R","?","T","?","M","M","$","?","R","BOSS","R","$","E","BOSS"],"items_purchased_type":["Relic","Relic","Relic","Relic","Relic","Relic","Relic","Relic","Relic","Relic","Card"],"build_version":"2020-12-22","purchased_purges":2,"victory":true,"max_hp_per_floor":[70,70,70,70,70,70,70,70,70,70,70,70,70,70,70,70,50,50,50,50,50,50,50,50,50,50,50,50,50,50,50,50,50,80,80,80,76,76,76,76,76,76,76,76,76,76,76,76,76,76,76,76,76,76,76],"card_choices":[{"not_picked":[],"picked":"Bomb","floor":0.0},{"not_picked":["Halt","Hidden Blade","Sucker Punch"],"picked":"SKIP","floor":1.0},{"not_picked":["ReplayTheSpireMod:Tripwire","WreathOfFlame"],"picked":"Backflip","floor":2.0},{"not_picked":["Prepared","Unload","Footwork"],"picked":"SKIP","floor":5},{"not_picked":["Dodge and Roll","Sucker Punch"],"picked":"Crescendo","floor":7},{"not_picked":["CrushJoints","Hidden Blade","AT_Desolate"],"picked":"SKIP","floor":10},{"not_picked":["Poison Darts","Prepared","AT_TinkerSharpsword"],"picked":"SKIP","floor":13},{"not_picked":["Hidden Blade","EmptyFist"],"picked":"AT_WindFlip","floor":14},{"not_picked":["ReplayTheSpireMod:Necrosis","AT_MyraUnstableElement"],"picked":"Ragnarok","floor":16},{"not_picked":["Cloak And Dagger","Backflip","Terror"],"picked":"SKIP","floor":18},{"not_picked":["Draining Mist","Blur","Poisoned Stab"],"picked":"SKIP","floor":20},{"not_picked":["Well Laid Plans+1","Terror","PiercingWail"],"picked":"SKIP","floor":21},{"not_picked":["AT_MyraUnstableElement","Deadly Poison","ReplayTheSpireMod:The Works"],"picked":"SKIP","floor":23},{"not_picked":["Dagger Throw","Flying Knee","Fluid Movement"],"picked":"SKIP","floor":28},{"not_picked":["Dash","ReplayTheSpireMod:Shiv Toss+1"],"picked":"AT_ArcaneSupremacy","floor":29},{"not_picked":["Tactician+1","Hidden Blade","Underhanded Strike"],"picked":"SKIP","floor":35},{"not_picked":["Bane","Sucker Punch"],"picked":"AT_ThistleTea+1","floor":36},{"not_picked":["Poisoned Stab+1","Blade Dance","AT_WindFlip"],"picked":"SKIP","floor":39},{"not_picked":["Night Terror","Sucker Punch+1","Underhanded Strike"],"picked":"SKIP","floor":40},{"not_picked":["Malaise","Slice+1","Underhanded Strike+1"],"picked":"SKIP","floor":45},{"not_picked":["PiercingWail","Hidden Blade","Flying Knee"],"picked":"SKIP","floor":46},{"not_picked":["Predator","Flying Knee+1"],"picked":"Backstab+1","floor":54}],"player_experience":296891,"relics_obtained":[{"floor":7,"key":"HornCleat"},{"floor":9,"key":"DeathBook"},{"floor":10,"key":"aspiration:SeaSaltIceCream"},{"floor":13,"key":"Replay:Bottled Steam"},{"floor":23,"key":"aspiration:FetidBarrel"},{"floor":26,"key":"Darkstone Periapt"},{"floor":26,"key":"AT_SilvercatRing"},{"floor":29,"key":"MagicDraw1"},{"floor":40,"key":"Bag of Marbles"},{"floor":42,"key":"Ring of Panic"},{"floor":43,"key":"ReplayTheSpireMod:Lightbulb"},{"floor":49,"key":"War Paint"},{"floor":54,"key":"Bronze Scales"}],"event_choices":[{"cards_removed":["Strike_G"],"damage_healed":0.0,"max_hp_gain":0.0,"max_hp_loss":0.0,"gold_gain":0.0,"event_name":"Golden Wing","player_choice":"Card Removal","floor":3.0,"gold_loss":0.0,"damage_taken":7.0},{"cards_removed":["Defend_G"],"damage_healed":0,"gold_gain":0,"player_choice":"Purged","damage_taken":0,"max_hp_gain":0,"max_hp_loss":0,"event_name":"Purifier","floor":4,"gold_loss":0},{"damage_healed":0,"gold_gain":30,"player_choice":"Searched \u00272\u0027 times","damage_taken":0,"relics_obtained":["Replay:Rubber Ducky"],"max_hp_gain":0,"max_hp_loss":0,"event_name":"Dead Adventurer","floor":8,"gold_loss":0},{"damage_healed":0,"gold_gain":0,"player_choice":"Ignored","damage_taken":0,"max_hp_gain":0,"max_hp_loss":0,"event_name":"Shining Light","floor":11,"gold_loss":0},{"damage_healed":0,"gold_gain":99,"player_choice":"Stole From Cult","damage_taken":0,"max_hp_gain":0,"max_hp_loss":0,"event_name":"Nest","floor":30,"gold_loss":0},{"damage_healed":0,"gold_gain":0,"player_choice":"Max HP","damage_taken":0,"max_hp_gain":0,"max_hp_loss":4,"event_name":"Winding Halls","floor":37,"gold_loss":0},{"damage_healed":0,"gold_gain":0,"player_choice":"Gave Potion","damage_taken":0,"relics_obtained":["Quantum Egg"],"max_hp_gain":0,"max_hp_loss":0,"event_name":"WeMeetAgain","floor":44,"gold_loss":0}],"is_beta":false,"boss_relics":[{"not_picked":["Fusion Hammer","SacredBark"],"picked":"aspiration:PoetsPen_weak"},{"not_picked":[]},{"not_picked":["Replay:Grab Bag","Philosopher\u0027s Stone"],"picked":"vexMod:BigBerry"},{"not_picked":[]}],"items_purged_floors":[19,31],"is_endless":false,"potions_floor_spawned":[2,7,14,20,23,45],"ascension_level":6}}