{"host":"szp1d6dso4pv7ddl","time":1611119867,"event":{"mods":["AchievementEnabler","Alarm Clock","BaseMod","Bestiary","Block Reminder","Colored Map","Colored Powertips","Curses Come First","Dark Map","Displayed Cursed Tome","Highlight Path","Minty Spire (QoL Compilation)","Permanent Neow","Quick Restart","Relic Sorter","Relic Stats","StSLib","Synergy Search"],"gold_per_floor":[109,109,14,27,27,52,52,70,96,71,141,191,270,288,288,367,367,381,391,208,258,268,268,286,286,313,346,346,396,35,0,0,79,79,90,192,212,228,228,228],"floor_reached":39,"language":"ENG","playtime":2534,"items_purged":["Strike_R","Strike_R","Defend_R"],"score":698,"play_id":"0b3a7b47-f420-4e28-a13f-150f2fe6901d","local_time":"20210119211747","is_ascension_mode":true,"campfire_choices":[{"data":"Uppercut","floor":7.0,"key":"SMITH"},{"floor":15.0,"key":"REST"},{"data":"Sadistic Nature","floor":23.0,"key":"SMITH"},{"floor":25.0,"key":"REST"},{"data":"Shrug It Off","floor":28.0,"key":"SMITH"},{"floor":32.0,"key":"REST"}],"circlet_count":0,"master_deck":["AscendersBane","Strike_R","Strike_R","Defend_R","Defend_R","Bash","Sadistic Nature+1","Uppercut+1","Dropkick","Shrug It Off+1","Offering","True Grit","True Grit","Reckless Charge","Clothesline","Shrug It Off","Shrug It Off","Battle Trance","Clothesline","Sadistic Nature","Dual Wield","Intimidate","Double Tap","CurseOfTheBell","Disarm","Shockwave+1"],"relics":["Burning Blood","Happy Flower","Shuriken","SsserpentHead","Strawberry","Boot","Odd Mushroom","Sozu","Juzu Bracelet","Dream Catcher","Regal Pillow","Calling Bell","FossilizedHelix","Mango"],"acts_visited":["Exordium","TheCity","TheBeyond"],"potions_floor_usage":[],"damage_taken":[{"damage":6.0,"enemies":"Jaw Worm","floor":1.0,"turns":4.0},{"damage":3.0,"enemies":"Cultist","floor":4.0,"turns":4.0},{"damage":32.0,"enemies":"3 Sentries","floor":6.0,"turns":8.0},{"damage":0.0,"enemies":"2 Louse","floor":8.0,"turns":2.0},{"damage":13.0,"enemies":"Exordium Thugs","floor":11.0,"turns":5.0},{"damage":25.0,"enemies":"The Mushroom Lair","floor":13.0,"turns":5.0},{"damage":14.0,"enemies":"3 Louse","floor":14.0,"turns":5.0},{"damage":16.0,"enemies":"Hexaghost","floor":16.0,"turns":7.0},{"damage":0.0,"enemies":"Chosen","floor":18.0,"turns":5.0},{"damage":26.0,"enemies":"3 Byrds","floor":19.0,"turns":5.0},{"damage":6.0,"enemies":"Centurion and Healer","floor":22.0,"turns":6.0},{"damage":13.0,"enemies":"Snake Plant","floor":24.0,"turns":3.0},{"damage":34.0,"enemies":"Gremlin Leader","floor":27.0,"turns":8.0},{"damage":14.0,"enemies":"Colosseum Slavers","floor":29.0,"turns":5.0},{"damage":55.0,"enemies":"Collector","floor":33.0,"turns":12.0},{"damage":5.0,"enemies":"3 Shapes","floor":35.0,"turns":5.0},{"damage":58.0,"enemies":"2 Orb Walkers","floor":36.0,"turns":7.0},{"damage":6,"enemies":"Orb Walker","floor":37,"turns":3},{"damage":17,"enemies":"Sphere and 2 Shapes","floor":38,"turns":9},{"damage":27,"enemies":"Spire Growth","floor":39,"turns":4}],"seed_played":"8049020172568581491","potions_obtained":[{"floor":4.0,"key":"Strength Potion"},{"floor":8.0,"key":"Strength Potion"},{"floor":14.0,"key":"BlessingOfTheForge"}],"is_trial":false,"path_per_floor":["M","?","$","M","$","E","R","M","T","?","M","?","?","M","R","B",null,"M","M","$","?","M","R","M","R","T","E","R","?","$","?","R","B",null,"M","?","M","M","M"],"character_chosen":"IRONCLAD","items_purchased":["Dropkick","Shrug It Off","Battle Trance","Sadistic Nature","Dual Wield"],"campfire_rested":3,"item_purchase_floors":[3,20,20,30,30],"current_hp_per_floor":[68,68,68,68,68,49,49,55,55,55,48,48,29,21,43,33,65,71,51,51,42,42,42,35,57,57,29,29,21,21,21,58,9,59,60,22,22,11,0,0],"gold":228,"neow_bonus":"RANDOM_COLORLESS_2","is_daily":false,"chose_seed":false,"campfire_upgraded":3,"win_rate":0.0,"timestamp":1611119867,"path_taken":["M","?","?","M","$","E","R","M","T","?","?","?","?","M","R","BOSS","M","M","$","?","M","R","M","R","T","E","R","?","$","?","R","BOSS","M","?","M","M","M"],"items_purchased_type":["Card","Card","Card","Card","Card"],"build_version":"2020-12-22","purchased_purges":3,"victory":false,"max_hp_per_floor":[68,68,68,68,68,75,75,75,75,75,75,75,75,75,75,75,75,75,75,75,75,75,75,75,75,75,75,75,75,75,75,75,75,75,75,89,89,89,89,89],"relic_stats":{"Sozu":4,"SsserpentHead":450,"Dream Catcher":1,"Regal Pillow":15,"Happy Flower":[9],"counters":[20,112],"Shuriken":[6],"Juzu Bracelet":0,"Boot":[27],"obtain_stats":[{"Regal Pillow":31,"Happy Flower":34,"Mango":36,"Juzu Bracelet":26,"Odd Mushroom":13,"Boot":9,"Burning Blood":0,"Sozu":17,"Calling Bell":34,"SsserpentHead":2,"Dream Catcher":27,"Shuriken":34,"Strawberry":6,"FossilizedHelix":34},{"Regal Pillow":14,"Happy Flower":15,"Mango":17,"Juzu Bracelet":12,"Odd Mushroom":6,"Boot":4,"Burning Blood":0,"Sozu":8,"Calling Bell":15,"SsserpentHead":1,"Dream Catcher":13,"Shuriken":15,"Strawberry":3,"FossilizedHelix":15},{"Regal Pillow":72,"Happy Flower":84,"Mango":96,"Juzu Bracelet":59,"Odd Mushroom":28,"Boot":18,"Burning Blood":0,"Sozu":40,"Calling Bell":84,"SsserpentHead":4,"Dream Catcher":67,"Shuriken":84,"Strawberry":16,"FossilizedHelix":84}],"Burning Blood":111},"card_choices":[{"not_picked":["HandOfGreed","Secret Technique"],"picked":"Sadistic Nature","floor":0.0},{"not_picked":["True Grit","Sever Soul"],"picked":"Uppercut","floor":1.0},{"not_picked":["Dual Wield","Warcry"],"picked":"Shrug It Off","floor":4.0},{"not_picked":["Pummel","Heavy Blade"],"picked":"Offering","floor":6.0},{"not_picked":["Armaments","Second Wind"],"picked":"True Grit","floor":8.0},{"not_picked":["Havoc","Anger"],"picked":"True Grit","floor":11.0},{"not_picked":["Power Through","Immolate"],"picked":"Clothesline","floor":13.0},{"not_picked":["Battle Trance","Searing Blow"],"picked":"Shrug It Off","floor":14.0},{"not_picked":["Reckless Charge","Dark Embrace","Headbutt"],"picked":"SKIP","floor":18.0},{"not_picked":["Clothesline","Rampage+1","Clash"],"picked":"SKIP","floor":19.0},{"not_picked":["Hemokinesis","Rage","Body Slam"],"picked":"SKIP","floor":22.0},{"not_picked":["Combust","Limit Break"],"picked":"Clothesline","floor":24.0},{"not_picked":["Metallicize","Shrug It Off","Entrench"],"picked":"SKIP","floor":27.0},{"not_picked":["Clash+1","Twin Strike"],"picked":"Intimidate","floor":32.0},{"not_picked":["Demon Form","Feed"],"picked":"Double Tap","floor":33.0},{"not_picked":["Pommel Strike","Evolve"],"picked":"Disarm","floor":35.0},{"not_picked":["Rage+1","Second Wind","Dark Embrace"],"picked":"SKIP","floor":37},{"not_picked":["Twin Strike","Pommel Strike"],"picked":"Shockwave+1","floor":38}],"player_experience":1236496,"relics_obtained":[{"floor":6.0,"key":"Strawberry"},{"floor":9.0,"key":"Boot"},{"floor":13.0,"key":"Odd Mushroom"},{"floor":26.0,"key":"Juzu Bracelet"},{"floor":27.0,"key":"Dream Catcher"},{"floor":34.0,"key":"Happy Flower"},{"floor":34.0,"key":"Shuriken"},{"floor":34.0,"key":"FossilizedHelix"},{"floor":36.0,"key":"Mango"}],"event_choices":[{"damage_healed":0.0,"max_hp_gain":0.0,"max_hp_loss":0.0,"gold_gain":0.0,"event_name":"FaceTrader","player_choice":"Trade","floor":2.0,"gold_loss":0.0,"damage_taken":0.0,"relics_obtained":["SsserpentHead"]},{"cards_removed":["Strike_R"],"damage_healed":0.0,"max_hp_gain":0.0,"max_hp_loss":0.0,"gold_gain":0.0,"event_name":"The Cleric","player_choice":"Card Removal","floor":10.0,"gold_loss":75.0,"damage_taken":0.0},{"damage_healed":0.0,"max_hp_gain":0.0,"max_hp_loss":0.0,"gold_gain":0.0,"cards_transformed":["Defend_R"],"event_name":"Living Wall","player_choice":"Change","floor":12.0,"gold_loss":0.0,"damage_taken":0.0,"cards_obtained":["Reckless Charge"]},{"damage_healed":0.0,"max_hp_gain":0.0,"max_hp_loss":0.0,"gold_gain":0.0,"event_name":"Mushrooms","player_choice":"Fought Mushrooms","floor":13.0,"gold_loss":0.0,"damage_taken":0.0},{"damage_healed":0.0,"max_hp_gain":0.0,"max_hp_loss":0.0,"gold_gain":0.0,"event_name":"Cursed Tome","player_choice":"Stopped","floor":21.0,"gold_loss":0.0,"damage_taken":9.0},{"damage_healed":0.0,"max_hp_gain":0.0,"max_hp_loss":0.0,"gold_gain":0.0,"event_name":"Colosseum","player_choice":"Fight","floor":29.0,"gold_loss":0.0,"damage_taken":0.0},{"damage_healed":0.0,"max_hp_gain":0.0,"max_hp_loss":0.0,"gold_gain":0.0,"event_name":"Colosseum","player_choice":"Fled From Nobs","floor":29.0,"gold_loss":0.0,"damage_taken":0.0},{"damage_healed":0.0,"max_hp_gain":0.0,"max_hp_loss":0.0,"gold_gain":0.0,"event_name":"Addict","player_choice":"Obtained Relic","floor":31.0,"gold_loss":85.0,"damage_taken":0.0,"relics_obtained":["Regal Pillow"]},{"damage_healed":0.0,"max_hp_gain":0.0,"max_hp_loss":0.0,"gold_gain":0.0,"event_name":"Mysterious Sphere","player_choice":"Fight","floor":36.0,"gold_loss":0.0,"damage_taken":0.0}],"is_beta":false,"boss_relics":[{"not_picked":["Runic Cube","Runic Pyramid"],"picked":"Sozu"},{"not_picked":["Black Star","Coffee Dripper"],"picked":"Calling Bell"}],"items_purged_floors":[3,20,30],"is_endless":false,"potions_floor_spawned":[4,8,14,27,33,36,38],"killed_by":"Spire Growth","ascension_level":15}}