{"host":"4udtejx3ummmwg8f","time":1611151020,"event":{"mods":["BaseMod","Minty Spire (QoL Compilation)"],"gold_per_floor":[118,131,143,106,106,138,148,113,139,169,169,169,94,112,112,242,242,260,281,281,281,281,312,312,345,357,369,400,190,190,208,208,336,399,424,449,69,69,92,92,92,0,0,0,0,20,34,47,47,168,168,182,197,197,213,231,231,111,61,115,151,151,170,189,189,189,317,317,336,238,256,281,294,308,332,332,368,493,493,493],"floor_reached":79,"language":"ENG","playtime":5536,"items_purged":["Injury","Strike_B","Defend_B"],"score":1206,"play_id":"5e0e9633-8276-48dd-81c4-57b39b0b425d","local_time":"20210121002700","daily_mods":["Heirloom","Time Dilation"],"is_ascension_mode":false,"campfire_choices":[{"floor":12,"key":"REST"},{"data":"Defragment","floor":15,"key":"SMITH"},{"floor":24,"key":"REST"},{"floor":30,"key":"REST"},{"floor":32,"key":"REST"},{"floor":40,"key":"REST"},{"floor":44,"key":"REST"},{"floor":49,"key":"REST"},{"data":"Capacitor","floor":57,"key":"SMITH"},{"floor":66,"key":"REST"}],"circlet_count":0,"master_deck":["Dualcast","Redo","Sweeping Beam","Chaos","Defragment+1","Go for the Eyes","Defragment","Coolheaded+1","Tempest","Echo Form","Beam Cell+1","Static Discharge","Chaos","Gash+1","Redo","Stack","Echo Form","Conserve Battery+1","Rainbow","Hello World","Leap","Cold Snap+1","Hologram","Defragment","Beam Cell","Leap+1","Machine Learning","Fusion+1","Rainbow+1","Genetic Algorithm+1","Redo+1","Double Energy+1","Capacitor+1","Static Discharge","Consume+1","Melter","Redo+1","Capacitor","Turbo+1","Electrodynamics","Defragment","Apotheosis+1","Lockon+1","Stack+1","Scrape+1","Beam Cell","Leap+1","Recycle+1","Redo+1"],"relics":["Cracked Core","Emotion Chip","Potion Belt","Bag of Preparation","Ancient Tea Set","Golden Idol","Nuclear Battery","Pear","StoneCalendar","MawBank","Ginger","DataDisk","Tiny House","Membership Card","Meat on the Bone","Red Mask","Toxic Egg 2","SlaversCollar","Boot","Odd Mushroom","Busted Crown","Incense Burner","Bottled Lightning"],"acts_visited":["Exordium","TheCity","TheBeyond","Exordium","TheCity"],"potions_floor_usage":[6,7,10,16,18,23,31,33,35,46,47,48,61,64,71,74,76,77,77,77],"damage_taken":[{"damage":0,"enemies":"Small Slimes","floor":1,"turns":3},{"damage":0,"enemies":"2 Louse","floor":2,"turns":1},{"damage":6,"enemies":"Jaw Worm","floor":3,"turns":3},{"damage":13,"enemies":"3 Sentries","floor":6,"turns":5},{"damage":11,"enemies":"Blue Slaver","floor":7,"turns":3},{"damage":15,"enemies":"Lagavulin","floor":10,"turns":5},{"damage":0,"enemies":"Large Slime","floor":14,"turns":4},{"damage":6,"enemies":"The Guardian","floor":16,"turns":7},{"damage":5,"enemies":"Spheric Guardian","floor":18,"turns":4},{"damage":27,"enemies":"3 Byrds","floor":19,"turns":3},{"damage":20,"enemies":"Book of Stabbing","floor":23,"turns":3},{"damage":29,"enemies":"Slavers","floor":25,"turns":4},{"damage":27,"enemies":"Shelled Parasite and Fungi","floor":28,"turns":3},{"damage":9,"enemies":"Centurion and Healer","floor":31,"turns":5},{"damage":25,"enemies":"Champ","floor":33,"turns":6},{"damage":59,"enemies":"3 Darklings","floor":35,"turns":4},{"damage":10,"enemies":"3 Shapes","floor":36,"turns":3},{"damage":14,"enemies":"Transient","floor":39,"turns":5},{"damage":1,"enemies":"Writhing Mass","floor":46,"turns":5},{"damage":19,"enemies":"Maw","floor":47,"turns":6},{"damage":11,"enemies":"4 Shapes","floor":48,"turns":5},{"damage":64,"enemies":"Time Eater","floor":50,"turns":10},{"damage":4,"enemies":"Jaw Worm","floor":52,"turns":3},{"damage":0,"enemies":"Small Slimes","floor":53,"turns":4},{"damage":0,"enemies":"Cultist","floor":55,"turns":2},{"damage":6,"enemies":"Exordium Wildlife","floor":56,"turns":4},{"damage":0,"enemies":"The Mushroom Lair","floor":61,"turns":2},{"damage":16,"enemies":"2 Fungi Beasts","floor":63,"turns":3},{"damage":9,"enemies":"Gremlin Gang","floor":64,"turns":3},{"damage":100,"enemies":"Hexaghost","floor":67,"turns":6},{"damage":10,"enemies":"3 Byrds","floor":69,"turns":2},{"damage":3,"enemies":"Chosen","floor":71,"turns":4},{"damage":1,"enemies":"Centurion and Healer","floor":72,"turns":5},{"damage":4,"enemies":"Chosen and Byrds","floor":73,"turns":3},{"damage":20,"enemies":"Snake Plant","floor":74,"turns":2},{"damage":45,"enemies":"Centurion and Healer","floor":75,"turns":5},{"damage":0,"enemies":"Sentry and Sphere","floor":76,"turns":1},{"damage":16,"enemies":"Book of Stabbing","floor":77,"turns":3},{"damage":14,"enemies":"Colosseum Slavers","floor":78,"turns":3},{"damage":37,"enemies":"Colosseum Nobs","floor":78,"turns":4},{"damage":22,"enemies":"Gremlin Leader","floor":79,"turns":1}],"seed_played":"-1318895172314054536","potions_obtained":[{"floor":2,"key":"FearPotion"},{"floor":3,"key":"Block Potion"},{"floor":7,"key":"Fruit Juice"},{"floor":10,"key":"SkillPotion"},{"floor":16,"key":"SpeedPotion"},{"floor":18,"key":"Strength Potion"},{"floor":19,"key":"Weak Potion"},{"floor":28,"key":"FocusPotion"},{"floor":34,"key":"Explosive Potion"},{"floor":35,"key":"SpeedPotion"},{"floor":39,"key":"EssenceOfSteel"},{"floor":47,"key":"Energy Potion"},{"floor":52,"key":"SneckoOil"},{"floor":55,"key":"Dexterity Potion"},{"floor":63,"key":"AttackPotion"},{"floor":67,"key":"Energy Potion"},{"floor":71,"key":"FocusPotion"},{"floor":73,"key":"SmokeBomb"},{"floor":74,"key":"LiquidBronze"},{"floor":75,"key":"DistilledChaos"},{"floor":78,"key":"Energy Potion"}],"is_trial":true,"path_per_floor":["M","M","M","$","?","E","M","?","T","E","?","R","$","M","R","B",null,"M","M","?","?","T","E","R","E","T","?","M","$","R","M","R","B",null,"M","M","$","?","M","R","?","?","T","R","$","M","M","M","R","B",null,"M","M","?","M","M","R","$","?","T","?","?","M","M","?","R","B",null,"M","$","M","M","M","M","M","M","E","?","E"],"character_chosen":"DEFECT","items_purchased":["Defragment","DataDisk","Echo Form","Membership Card","Hologram","Defragment","Meat on the Bone","Static Discharge","Consume+1","Apotheosis+1"],"campfire_rested":8,"item_purchase_floors":[4,29,29,37,37,37,37,58,58,70],"current_hp_per_floor":[75,75,69,69,62,49,43,63,63,48,48,72,72,72,72,66,80,75,48,74,59,69,49,77,48,48,48,21,21,49,40,68,43,100,41,31,31,31,29,59,59,59,59,89,89,88,69,58,88,36,100,96,96,110,110,104,104,104,104,104,104,104,88,79,79,110,22,110,100,100,97,96,92,72,39,51,47,20,0,0],"gold":493,"neow_bonus":"","is_daily":false,"chose_seed":false,"campfire_upgraded":2,"win_rate":0.0,"timestamp":1611151020,"path_taken":["M","M","M","$","?","E","M","?","T","E","?","R","$","M","R","BOSS","M","M","?","?","?","E","R","E","T","?","M","$","R","M","R","BOSS","M","M","$","?","?","R","?","?","T","R","$","M","M","M","R","BOSS","M","M","?","?","M","R","$","?","T","?","?","?","M","?","R","BOSS","M","$","M","M","M","M","?","M","E","?","E"],"items_purchased_type":["Card","Relic","Card","Relic","Card","Card","Relic","Card","Card","Card"],"build_version":"2020-12-22","purchased_purges":3,"victory":false,"max_hp_per_floor":[75,75,75,75,75,75,80,80,80,80,80,80,80,80,80,80,80,80,80,80,85,95,95,95,95,95,95,95,95,95,95,95,95,100,100,100,100,100,100,100,100,100,100,100,100,100,100,100,100,100,100,100,100,110,110,110,110,110,110,110,110,110,110,110,110,110,110,110,110,110,110,110,110,110,110,110,110,110,110,110],"card_choices":[{"not_picked":["Hologram","Steam"],"picked":"Redo","floor":1},{"not_picked":["Compile Driver","Redo"],"picked":"Sweeping Beam","floor":2},{"not_picked":["Hello World","Hologram"],"picked":"Chaos","floor":3},{"not_picked":["Leap","Consume"],"picked":"Go for the Eyes","floor":6},{"not_picked":["Turbo","Chaos"],"picked":"Defragment","floor":7},{"not_picked":["Hyperbeam","Rebound"],"picked":"Coolheaded","floor":10},{"not_picked":["Heatsinks","Undo"],"picked":"Tempest","floor":14},{"not_picked":["Multi-Cast","Thunder Strike"],"picked":"Echo Form","floor":16},{"not_picked":["Steam+1","Streamline"],"picked":"Beam Cell+1","floor":18},{"not_picked":["Fusion+1","Conserve Battery"],"picked":"Static Discharge","floor":19},{"not_picked":["Leap","Sunder"],"picked":"Chaos","floor":23},{"not_picked":["Reinforced Body","Compile Driver+1"],"picked":"Gash+1","floor":25},{"not_picked":["Redo","Compile Driver"],"picked":"Stack","floor":28},{"not_picked":["Steam Power","White Noise"],"picked":"Conserve Battery+1","floor":31},{"not_picked":["Buffer","All For One"],"picked":"Rainbow","floor":33},{"not_picked":["Auto Shields","Darkness"],"picked":"Hello World","floor":34},{"not_picked":["Sweeping Beam","Stack+1"],"picked":"Leap","floor":35},{"not_picked":["Redo","Beam Cell+1"],"picked":"Cold Snap+1","floor":36},{"not_picked":["Turbo","Hologram"],"picked":"Beam Cell","floor":39},{"not_picked":["Conserve Battery+1","Coolheaded+1"],"picked":"Leap+1","floor":46},{"not_picked":["Melter","Coolheaded+1"],"picked":"Machine Learning","floor":47},{"not_picked":["Turbo+1","Barrage+1"],"picked":"Fusion+1","floor":48},{"not_picked":["All For One","Machine Learning"],"picked":"Rainbow+1","floor":50},{"not_picked":["Go for the Eyes","Rebound"],"picked":"Genetic Algorithm+1","floor":52},{"not_picked":["Compile Driver","Turbo+1"],"picked":"Redo+1","floor":53},{"not_picked":["Conserve Battery+1","Rip and Tear"],"picked":"Double Energy+1","floor":55},{"not_picked":["Coolheaded+1","Self Repair"],"picked":"Capacitor","floor":56},{"not_picked":["Hyperbeam","Steam+1"],"picked":"Melter","floor":61},{"not_picked":["Leap+1","Conserve Battery+1"],"picked":"Capacitor","floor":63},{"not_picked":["Coolheaded+1","Hologram+1"],"picked":"Turbo+1","floor":64},{"not_picked":["Machine Learning","Buffer"],"picked":"Electrodynamics","floor":67},{"not_picked":[],"picked":"Defragment","floor":69},{"not_picked":[],"picked":"Lockon+1","floor":71},{"not_picked":[],"picked":"Stack+1","floor":72},{"not_picked":[],"picked":"Scrape+1","floor":73},{"not_picked":[],"picked":"Beam Cell","floor":74},{"not_picked":[],"picked":"Leap+1","floor":75},{"not_picked":[],"picked":"Recycle+1","floor":77},{"not_picked":[],"picked":"Redo+1","floor":78}],"player_experience":110819,"relics_obtained":[{"floor":6,"key":"Potion Belt"},{"floor":9,"key":"Bag of Preparation"},{"floor":10,"key":"Ancient Tea Set"},{"floor":22,"key":"Pear"},{"floor":23,"key":"StoneCalendar"},{"floor":25,"key":"MawBank"},{"floor":26,"key":"Ginger"},{"floor":43,"key":"Toxic Egg 2"},{"floor":60,"key":"Boot"},{"floor":61,"key":"Odd Mushroom"},{"floor":78,"key":"Incense Burner"},{"floor":78,"key":"Bottled Lightning"}],"event_choices":[{"cards_removed":["Defend_B"],"damage_healed":0,"gold_gain":0,"player_choice":"Card Removal","damage_taken":7,"max_hp_gain":0,"max_hp_loss":0,"event_name":"Golden Wing","floor":5,"gold_loss":0},{"damage_healed":20,"gold_gain":0,"player_choice":"Healed","damage_taken":0,"max_hp_gain":0,"max_hp_loss":0,"event_name":"The Cleric","floor":8,"gold_loss":35},{"damage_healed":0,"gold_gain":0,"player_choice":"Take Wound","damage_taken":0,"relics_obtained":["Golden Idol"],"max_hp_gain":0,"max_hp_loss":0,"event_name":"Golden Idol","floor":11,"gold_loss":0,"cards_obtained":["Injury"]},{"damage_healed":26,"gold_gain":0,"player_choice":"Heal","damage_taken":0,"max_hp_gain":0,"max_hp_loss":0,"event_name":"The Library","floor":20,"gold_loss":0},{"damage_healed":0,"gold_gain":0,"player_choice":"Shed Blood","damage_taken":20,"max_hp_gain":5,"max_hp_loss":0,"event_name":"Forgotten Altar","floor":21,"gold_loss":0},{"damage_healed":0,"gold_gain":0,"cards_transformed":["Strike_B","Defend_B"],"player_choice":"Became Test Subject","damage_taken":0,"max_hp_gain":0,"max_hp_loss":0,"event_name":"Drug Dealer","floor":27,"gold_loss":0,"cards_obtained":["Redo","Reboot"]},{"damage_healed":0,"gold_gain":0,"player_choice":"Ignored","damage_taken":0,"max_hp_gain":0,"max_hp_loss":0,"event_name":"SecretPortal","floor":38,"gold_loss":0},{"cards_removed":["Zap"],"damage_healed":0,"gold_gain":0,"player_choice":"Removed Skill","damage_taken":0,"max_hp_gain":0,"max_hp_loss":0,"event_name":"Falling","floor":41,"gold_loss":0},{"damage_healed":0,"gold_gain":0,"player_choice":"Paid","damage_taken":0,"relics_obtained":["Red Mask"],"max_hp_gain":0,"max_hp_loss":0,"event_name":"Tomb of Lord Red Mask","floor":42,"gold_loss":92},{"cards_removed":["Reboot"],"damage_healed":4,"gold_gain":0,"player_choice":"Offered Rare","damage_taken":0,"max_hp_gain":10,"max_hp_loss":0,"event_name":"Bonfire Elementals","floor":54,"gold_loss":0},{"cards_removed":["Strike_B"],"damage_healed":0,"gold_gain":0,"player_choice":"Card Removal","damage_taken":0,"max_hp_gain":0,"max_hp_loss":0,"event_name":"The Cleric","floor":59,"gold_loss":50},{"damage_healed":0,"gold_gain":0,"player_choice":"Fought Mushrooms","damage_taken":0,"max_hp_gain":0,"max_hp_loss":0,"event_name":"Mushrooms","floor":61,"gold_loss":0},{"damage_healed":0,"gold_gain":0,"cards_transformed":["Strike_B"],"player_choice":"Transformed","damage_taken":0,"max_hp_gain":0,"max_hp_loss":0,"event_name":"Transmorgrifier","floor":62,"gold_loss":0,"cards_obtained":["Redo"]},{"cards_removed":["Defend_B"],"damage_healed":0,"gold_gain":0,"player_choice":"Card Removal","damage_taken":0,"max_hp_gain":0,"max_hp_loss":0,"event_name":"Wheel of Change","floor":65,"gold_loss":0},{"damage_healed":0,"gold_gain":0,"player_choice":"Fight","damage_taken":0,"max_hp_gain":0,"max_hp_loss":0,"event_name":"Colosseum","floor":78,"gold_loss":0},{"damage_healed":0,"gold_gain":0,"player_choice":"Fought Nobs","damage_taken":0,"max_hp_gain":0,"max_hp_loss":0,"event_name":"Colosseum","floor":78,"gold_loss":0}],"is_beta":false,"boss_relics":[{"not_picked":["Pandora\u0027s Box","Astrolabe"],"picked":"Nuclear Battery"},{"not_picked":["Sozu","Runic Pyramid"],"picked":"Tiny House"},{"not_picked":["SacredBark","Calling Bell"],"picked":"SlaversCollar"},{"not_picked":["Sozu","Fusion Hammer"],"picked":"Busted Crown"}],"items_purged_floors":[13,37,58],"is_endless":true,"potions_floor_spawned":[2,3,7,10,16,18,19,28,35,39,47,52,55,63,67,71,73,74,75,76,78],"killed_by":"Gremlin Leader","ascension_level":0}}