{"host":"ewslc4o3o167ipk9","time":1611103729,"event":{"mods":["BaseMod","Colored Powertips","GifTheSpireLib","HexUI Lib","Minty Spire (QoL Compilation)","Quick Restart","Shop Mod","StSLib","The Bug Knight","The Trickster"],"gold_per_floor":[111,6,78,78,98,98,108,124,170,195,214,214,238,238,238],"floor_reached":14,"language":"ENG","playtime":787,"items_purged":[],"score":117,"play_id":"bddfb98c-ecc8-4f95-a6b3-584fbdc24e67","local_time":"20210119194849","is_ascension_mode":false,"campfire_choices":[{"data":"Noxious Fumes","floor":6,"key":"SMITH"}],"circlet_count":0,"master_deck":["Strike_G","Strike_G","Strike_G","Strike_G","Strike_G","Defend_G","Defend_G","Defend_G","Defend_G","Survivor","Neutralize","Dash","Noxious Fumes+1","Flying Knee","Deadly Poison","Night Terror","Footwork","Deflect"],"relics":["Ring of the Snake","Omamori","Dream Catcher","Golden Idol"],"acts_visited":["Exordium"],"potions_floor_usage":[10,10,10,10,10,10],"damage_taken":[{"damage":0,"enemies":"Jaw Worm","floor":1,"turns":7},{"damage":0,"enemies":"Small Slimes","floor":5,"turns":3},{"damage":0,"enemies":"Cultist","floor":7,"turns":4},{"damage":16,"enemies":"Lots of Slimes","floor":8,"turns":4},{"damage":0,"enemies":"Gremlin Nob","floor":10,"turns":2},{"damage":23,"enemies":"Large Slime","floor":11,"turns":6},{"damage":16,"enemies":"Blue Slaver","floor":13,"turns":5},{"damage":0,"enemies":"3 Sentries","floor":14,"turns":1}],"seed_played":"3242360006604528578","potions_obtained":[{"floor":0,"key":"DuplicationPotion"},{"floor":0,"key":"EntropicBrew"},{"floor":0,"key":"FearPotion"},{"floor":8,"key":"Regen Potion"}],"is_trial":false,"path_per_floor":["M","$","?","?","M","R","M","M","T","E","M","?","M","E"],"character_chosen":"THE_SILENT","items_purchased":["Noxious Fumes","Flying Knee"],"campfire_rested":0,"item_purchase_floors":[2,2],"current_hp_per_floor":[70,70,70,70,70,70,70,54,54,54,31,31,15,15,15],"gold":238,"neow_bonus":"THREE_SMALL_POTIONS","is_daily":false,"chose_seed":false,"campfire_upgraded":1,"win_rate":0.0,"timestamp":1611103729,"path_taken":["M","$","?","?","M","R","M","M","T","E","M","?","M","E"],"items_purchased_type":["Card","Card"],"build_version":"2020-12-22","purchased_purges":0,"victory":false,"max_hp_per_floor":[70,70,70,70,70,70,70,70,70,70,70,70,70,70,70],"card_choices":[{"not_picked":["Dagger Spray","Catalyst"],"picked":"Dash","floor":1},{"not_picked":["Masterful Stab","Dagger Spray","Underhanded Strike"],"picked":"SKIP","floor":5},{"not_picked":["Catalyst","Slice"],"picked":"Deadly Poison","floor":7},{"not_picked":["Dodge and Roll","Prepared","Well Laid Plans"],"picked":"SKIP","floor":8},{"not_picked":["Calculated Gamble","Dash"],"picked":"Night Terror","floor":10},{"not_picked":["Deflect","Sucker Punch"],"picked":"Footwork","floor":11},{"not_picked":["Outmaneuver","Blade Dance"],"picked":"Deflect","floor":13}],"player_experience":17630,"relics_obtained":[{"floor":9,"key":"Omamori"},{"floor":10,"key":"Dream Catcher"}],"event_choices":[{"damage_healed":0,"gold_gain":72,"player_choice":"Gained Gold","damage_taken":0,"max_hp_gain":0,"max_hp_loss":0,"event_name":"Golden Wing","floor":3,"gold_loss":0},{"cards_removed":["Defend_G"],"damage_healed":0,"gold_gain":0,"player_choice":"Forget","damage_taken":0,"max_hp_gain":0,"max_hp_loss":0,"event_name":"Living Wall","floor":4,"gold_loss":0},{"damage_healed":0,"gold_gain":0,"player_choice":"Take Wound","damage_taken":0,"relics_obtained":["Golden Idol"],"max_hp_gain":0,"max_hp_loss":0,"event_name":"Golden Idol","floor":12,"gold_loss":0,"cards_obtained":["Injury"]}],"is_beta":false,"boss_relics":[],"items_purged_floors":[],"is_endless":false,"potions_floor_spawned":[1,8],"killed_by":"3 Sentries","ascension_level":0}}