{"host":"9slw7l0ws16384qq","time":1611169231,"event":{"mods":["A Penny For Your Troubles","BaseMod","Clockwork Mod","Colored Map","Evolution","Hubris","Minty Spire (QoL Compilation)","Replay The Spire","Shedinja","StS++","StSLib","The Dragon Tamer","The Marked"],"gold_per_floor":[110,127,52,68,83,112,312,312,338,355,355,393,393,293,293,404,404,415,444,444,319,244,244,244,244,244,259,294,144,144,144,144,249,249,269,179,36,36,36,71,71,121,121,133,133,144,157,170,170,171,171,171,123,148,148],"floor_reached":56,"language":"FRA","playtime":3437,"items_purged":["Clockwork:Shield","Clockwork:Strike","Clockwork:Strike","Clockwork:Strike"],"score":1426,"play_id":"14041ade-4e69-4ba3-affc-53ef322f681a","local_time":"20210120200031","is_ascension_mode":false,"campfire_choices":[{"data":"Clockwork:Tinker","floor":8,"key":"SMITH"},{"data":"Clockwork:QuantumStrike","floor":11,"key":"SMITH"},{"data":"Clockwork:ElasticNanites","floor":15,"key":"SMITH"},{"data":"Clockwork:OccamsRazor","floor":23,"key":"SMITH"},{"data":"Clockwork:CraftMomentumEngine","floor":30,"key":"SMITH"},{"data":"Clockwork:Shield","floor":32,"key":"SMITH"},{"floor":41,"key":"RECALL"}],"circlet_count":0,"master_deck":["Clockwork:Strike","Clockwork:Shield+1","Clockwork:Tinker+1","Clockwork:QuantumStrike+1","Clockwork:ElasticNanites+1","Clockwork:OccamsRazor+1","Clockwork:TimeWalk+1"],"relics":["Clockwork:MomentumEngine","EVO:Axolotl","Replay:Baseball","Blood Vial","CeramicFish","Coffee Dripper","MutagenicStrength","hubris:Zylophone","StSpp:WoodenStick","Fusion Hammer","Chemical X","Matryoshka","hubris:GlazedTorus","Centennial Puzzle","hubris:DeckOfHolding"],"acts_visited":["Exordium","TheCity","TheBeyond","TheEnding"],"potions_floor_usage":[6,16,27,40,55,55],"damage_taken":[{"damage":19,"enemies":"Cultist","floor":1,"turns":6},{"damage":2,"enemies":"Small Slimes","floor":2,"turns":8},{"damage":3,"enemies":"2 Louse","floor":4,"turns":5},{"damage":17,"enemies":"Blue Slaver","floor":5,"turns":6},{"damage":7,"enemies":"Lagavulin","floor":6,"turns":11},{"damage":0,"enemies":"2 Fungi Beasts","floor":10,"turns":6},{"damage":25,"enemies":"3 Sentries","floor":12,"turns":15},{"damage":22,"enemies":"Hexaghost","floor":16,"turns":9},{"damage":0,"enemies":"Shell Parasite","floor":18,"turns":6},{"damage":18,"enemies":"3 Byrds","floor":19,"turns":8},{"damage":24,"enemies":"3 Cultists","floor":27,"turns":5},{"damage":22,"enemies":"Slavers","floor":28,"turns":8},{"damage":0,"enemies":"Automaton","floor":33,"turns":11},{"damage":0,"enemies":"3 Darklings","floor":35,"turns":4},{"damage":47,"enemies":"Nemesis","floor":40,"turns":5},{"damage":0,"enemies":"Mind Bloom Boss Battle","floor":42,"turns":4},{"damage":0,"enemies":"3 Shapes","floor":44,"turns":9},{"damage":0,"enemies":"Jaw Worm Horde","floor":46,"turns":4},{"damage":6,"enemies":"4 Shapes","floor":47,"turns":6},{"damage":0,"enemies":"Spire Growth","floor":48,"turns":2},{"damage":0,"enemies":"Awakened One","floor":50,"turns":7},{"damage":0,"enemies":"Shield and Spear","floor":54,"turns":4},{"damage":14,"enemies":"The Heart","floor":55,"turns":11}],"seed_played":"8330281427710027630","potions_obtained":[{"floor":1,"key":"Swift Potion"},{"floor":10,"key":"FairyPotion"},{"floor":12,"key":"FearPotion"},{"floor":16,"key":"Venom Potion"},{"floor":19,"key":"Explosive Potion"},{"floor":28,"key":"Weak Potion"},{"floor":35,"key":"Doom Potion"},{"floor":42,"key":"Swift Potion"}],"is_trial":false,"path_per_floor":["M","M","$","M","M","E","?","R","T","M","R","E","?","$","R","B",null,"M","M","?","$","?","R","?","?","T","M","E","$","R","?","R","B",null,"M","?","$","?","$","E","R","?","T","M","?","M","M","M","R_BF","B",null,"R","$","E","B",null],"character_chosen":"CLOCKWORK","items_purchased":["Chemical X","PowerPotion"],"campfire_rested":0,"item_purchase_floors":[37,53],"current_hp_per_floor":[74,72,72,69,52,45,45,45,45,47,47,24,24,24,24,4,93,93,75,57,57,57,57,57,57,57,35,15,15,15,15,15,17,98,98,98,98,98,98,51,51,53,53,55,55,57,53,55,82,84,93,93,93,93,79],"gold":148,"neow_bonus":"TEN_PERCENT_HP_BONUS","is_daily":false,"chose_seed":false,"campfire_upgraded":6,"win_rate":0.0,"timestamp":1611169231,"path_taken":["M","?","$","M","M","E","?","R","T","M","R","E","?","$","R","BOSS","M","M","?","$","?","R","?","?","T","?","E","$","R","?","R","BOSS","M","?","?","?","?","E","R","?","T","?","?","M","M","M","R_BF","BOSS","R","$","E","BOSS"],"items_purchased_type":["Relic","Potion"],"build_version":"2020-12-22","purchased_purges":4,"victory":true,"max_hp_per_floor":[93,93,93,93,93,93,93,93,93,93,93,93,93,93,93,93,93,93,93,98,98,98,98,98,98,98,98,98,98,98,98,98,98,98,98,98,98,98,98,98,98,98,98,98,93,93,93,93,93,93,93,93,93,93,93],"card_choices":[{"not_picked":["Clockwork:SpringShield","Clockwork:Minimalism","Clockwork:AdaptiveShield"],"picked":"SKIP","floor":1},{"not_picked":["Clockwork:Redundancy","Clockwork:SpringShield","Clockwork:ChargingBlade"],"picked":"SKIP","floor":2},{"not_picked":["Clockwork:Roundhouse","Clockwork:Minimalism"],"picked":"Clockwork:QuantumStrike","floor":4},{"not_picked":["Clockwork:PerfectedShield","Clockwork:QuantumStrike","Clockwork:ChargingShield"],"picked":"SKIP","floor":5},{"not_picked":["Clockwork:DefectiveParts","Clockwork:AdaptiveCannon","Clockwork:Efficiency"],"picked":"SKIP","floor":6},{"not_picked":["Clockwork:Minimalism","Clockwork:PerfectedStrike","Clockwork:Improve"],"picked":"SKIP","floor":10},{"not_picked":["Clockwork:HoardingStrike","Clockwork:TestingEnvironment"],"picked":"Clockwork:ElasticNanites","floor":12},{"not_picked":["Clockwork:SiegeStrike","Clockwork:Inspiration"],"picked":"Clockwork:CraftMomentumEngine","floor":16},{"not_picked":["Clockwork:Pluck","Clockwork:CogToss+1","Clockwork:Redundancy"],"picked":"SKIP","floor":18},{"not_picked":["Clockwork:SearingStrike","Clockwork:AdaptiveShield"],"picked":"Clockwork:OccamsRazor","floor":19},{"not_picked":["Clockwork:AdaptiveShield+1","Clockwork:LogisticRegression","Clockwork:CogToss"],"picked":"SKIP","floor":27},{"not_picked":["Clockwork:ForgeStrike","Clockwork:PerfectForm","Clockwork:Roundhouse"],"picked":"SKIP","floor":28},{"not_picked":["Clockwork:ReactiveNanites","Clockwork:SiegeStrike"],"picked":"Clockwork:TimeWalk","floor":33},{"not_picked":["Clockwork:ForgeStrike","Clockwork:CogToss+1","Clockwork:Selectivity+1"],"picked":"SKIP","floor":35},{"not_picked":["Clockwork:Scour+1","Clockwork:EnthusiasticStrike+1","Clockwork:ForgeStrike"],"picked":"SKIP","floor":40},{"not_picked":["Clockwork:Pluck+1","Clockwork:Downsize+1","Clockwork:Roundhouse"],"picked":"SKIP","floor":44},{"not_picked":["Clockwork:SearchingStrike+1","Clockwork:ChargingShield","Clockwork:SystemHardening"],"picked":"SKIP","floor":46},{"not_picked":["Clockwork:Enhance+1","Clockwork:PerfectedShield","Clockwork:Roundhouse+1"],"picked":"SKIP","floor":47},{"not_picked":["Clockwork:Roundhouse","Clockwork:ReactiveNanites","Clockwork:HoardingStrike+1"],"picked":"SKIP","floor":48},{"not_picked":["Clockwork:Downsize","Clockwork:CogShield","Clockwork:Improve+1"],"picked":"SKIP","floor":54},{"not_picked":["Clockwork:Downsize","Clockwork:CogShield","Clockwork:Improve+1"],"picked":"SKIP","floor":54}],"player_experience":1740580,"relics_obtained":[{"floor":6,"key":"Replay:Baseball"},{"floor":9,"key":"Blood Vial"},{"floor":12,"key":"CeramicFish"},{"floor":26,"key":"hubris:Zylophone"},{"floor":28,"key":"StSpp:WoodenStick"},{"floor":40,"key":"Matryoshka"},{"floor":42,"key":"hubris:GlazedTorus"},{"floor":43,"key":"Centennial Puzzle"},{"floor":54,"key":"hubris:DeckOfHolding"}],"event_choices":[{"damage_healed":0,"gold_gain":0,"player_choice":"Shed Blood","damage_taken":23,"max_hp_gain":5,"max_hp_loss":0,"event_name":"Forgotten Altar","floor":20,"gold_loss":0},{"cards_removed":["Clockwork:Shield"],"damage_healed":0,"gold_gain":0,"player_choice":"Gave Gold","damage_taken":0,"max_hp_gain":0,"max_hp_loss":0,"event_name":"Beggar","floor":22,"gold_loss":75},{"damage_healed":0,"gold_gain":0,"player_choice":"Inject Mutagens","damage_taken":0,"relics_obtained":["MutagenicStrength"],"max_hp_gain":0,"max_hp_loss":0,"event_name":"Drug Dealer","floor":24,"gold_loss":0},{"cards_removed":["Clockwork:Shield"],"damage_healed":0,"gold_gain":0,"player_choice":"Upgrade and Remove","damage_taken":0,"max_hp_gain":0,"max_hp_loss":0,"event_name":"Designer","floor":36,"gold_loss":90,"cards_upgraded":["Clockwork:TimeWalk"]},{"cards_removed":["Clockwork:WarmUp"],"damage_healed":0,"gold_gain":0,"player_choice":"Removed Skill","damage_taken":0,"max_hp_gain":0,"max_hp_loss":0,"event_name":"Falling","floor":38,"gold_loss":0},{"damage_healed":0,"gold_gain":0,"player_choice":"Fight","damage_taken":0,"max_hp_gain":0,"max_hp_loss":0,"event_name":"MindBloom","floor":42,"gold_loss":0},{"damage_healed":0,"gold_gain":0,"player_choice":"Max HP","damage_taken":0,"max_hp_gain":0,"max_hp_loss":5,"event_name":"Winding Halls","floor":45,"gold_loss":0}],"is_beta":false,"boss_relics":[{"not_picked":["hubris:GrandSneckoEye","hubris:BlackHole"],"picked":"Coffee Dripper"},{"not_picked":["StSpp:PileOfSugar","Honey Jar"],"picked":"Fusion Hammer"}],"items_purged_floors":[3,14,21,29],"is_endless":false,"potions_floor_spawned":[1,10,12,16,19,28,35,42,44,47,54],"ascension_level":0}}