{"host":"q1dfbtk1mb5myi3r","time":1611128181,"event":{"mods":["BaseMod","BetterRewards","Minty Spire (QoL Compilation)","Replay The Spire","StSLib","The Animator"],"gold_per_floor":[225,281,556,575,47,47,86,126,126,126,144,177,198,214,214,238,238],"floor_reached":16,"language":"ENG","playtime":1586,"items_purged":["Regret"],"score":137,"play_id":"418dae69-73a1-4e8e-add8-5a93d91dd03a","local_time":"20210120023621","is_ascension_mode":false,"campfire_choices":[{"floor":6,"key":"REST"},{"data":"animator:Mitsurugi","floor":10,"key":"SMITH"},{"floor":15,"key":"DIG"}],"circlet_count":0,"master_deck":["animator:Strike_Konosuba","animator:Defend_Konosuba","animator:Strike","animator:Strike","animator:Strike","animator:Defend","animator:Defend","animator:Defend","animator:Kazuma","animator:Aqua","animator:Vanir","animator:Darkness","animator:Chris","animator:Megumin+4","animator:Mitsurugi+1","animator:Darkness","animator:Kazuma"],"relics":["animator:LivingPicture","animator:TheMissingPiece","Question Card","Sling","PreservedInsect","Eternal Feather","Ancient Tea Set","Replay:Rubber Ducky"],"acts_visited":["Exordium"],"potions_floor_usage":[11,12,14,16],"damage_taken":[{"damage":7,"enemies":"Jaw Worm","floor":1,"turns":9},{"damage":2,"enemies":"2 Louse","floor":4,"turns":3},{"damage":0,"enemies":"Replay:BlueRogue","floor":7,"turns":5},{"damage":2,"enemies":"Cultist","floor":8,"turns":3},{"damage":10,"enemies":"Lots of Slimes","floor":11,"turns":3},{"damage":9,"enemies":"Lagavulin","floor":12,"turns":5},{"damage":9,"enemies":"Looter","floor":13,"turns":3},{"damage":4,"enemies":"Blue Slaver","floor":14,"turns":3},{"damage":52,"enemies":"The Guardian","floor":16,"turns":18}],"seed_played":"-4020703958219467257","potions_obtained":[{"floor":1,"key":"Toxic Potion"},{"floor":2,"key":"Flashbang"},{"floor":8,"key":"Fire Potion"},{"floor":14,"key":"SpeedPotion"}],"is_trial":false,"path_per_floor":["M","?","?","M","$","R","E","M","T","R","M","E","M","M","R","B"],"character_chosen":"THE_ANIMATOR","items_purchased":["Sling","PreservedInsect","animator:Darkness","animator:Chris"],"campfire_rested":1,"item_purchase_floors":[5,5,5,5],"current_hp_per_floor":[60,44,44,44,44,63,66,65,65,67,57,50,43,41,50,0,0],"gold":238,"neow_bonus":"HUNDRED_GOLD","is_daily":false,"chose_seed":false,"campfire_upgraded":1,"win_rate":0.0,"timestamp":1611128181,"path_taken":["M","?","?","M","$","R","E","?","T","R","M","E","?","M","R","BOSS"],"items_purchased_type":["Relic","Relic","Card","Card"],"build_version":"2020-12-22","purchased_purges":1,"victory":false,"max_hp_per_floor":[66,66,66,66,66,66,67,67,67,67,67,67,67,67,67,67,67],"card_choices":[{"not_picked":["animator:Gluttony","animator:MaesHughes"],"picked":"animator:Vanir","floor":1},{"not_picked":["animator:NarberalGamma","animator:Demiurge","animator:DolaCouronne","animator:DolaStephanie"],"picked":"SKIP","floor":4},{"not_picked":["animator:NarberalGamma","animator:FielNirvalen","animator:Jibril"],"picked":"animator:Megumin","floor":7},{"not_picked":["animator:Chris","animator:Kazuma","animator:Aqua"],"picked":"animator:Mitsurugi","floor":8},{"not_picked":["animator:MumenRider","animator:Sonic","animator:Vanir","animator:DwarfShaman"],"picked":"SKIP","floor":11},{"not_picked":["animator:Benimaru","animator:MetalKnight","animator:ChlammyZell","animator:Kaijin"],"picked":"SKIP","floor":12},{"not_picked":["animator:Priestess","animator:Evileye","animator:NarberalGamma"],"picked":"animator:Darkness","floor":13},{"not_picked":["animator:YunYun","animator:Aqua","animator:Megumin"],"picked":"animator:Kazuma","floor":14}],"player_experience":119222,"relics_obtained":[{"floor":2,"key":"Question Card"},{"floor":7,"key":"Eternal Feather"},{"floor":12,"key":"Ancient Tea Set"},{"floor":15,"key":"Replay:Rubber Ducky"}],"event_choices":[{"damage_healed":0,"gold_gain":275,"player_choice":"Desecrate","damage_taken":0,"max_hp_gain":0,"max_hp_loss":0,"event_name":"Golden Shrine","floor":3,"gold_loss":0,"cards_obtained":["Regret"]}],"is_beta":false,"boss_relics":[],"items_purged_floors":[5],"is_endless":false,"potions_floor_spawned":[1,8,14],"killed_by":"The Guardian","ascension_level":0}}