{"host":"o7j6aatxjwpw1421","time":1611150985,"event":{"mods":["2.2 Compatiblity","AchievementEnabler","BaseMod","Colored Map","DeckTracker","Highlight Path","Keyboard Shortcuts","Minty Spire (QoL Compilation)","Permanent Neow","Quick Restart","StSLib","SuperFastMode","everything is the same but u backflip on backflip"],"gold_per_floor":[118,118,118,118,142,183,207,207,207,207,268,268,286,142,142,232,232,247,197,220,145,163,163,163],"floor_reached":23,"language":"KOR","playtime":5998,"items_purged":["Defend_G","Strike_G"],"score":428,"play_id":"739b5255-d5fd-49c4-ab30-ca1b5777bf8b","local_time":"20210120225625","is_ascension_mode":true,"campfire_choices":[{"data":"Dagger Throw","floor":8.0,"key":"SMITH"},{"data":"Well Laid Plans","floor":10.0,"key":"SMITH"},{"data":"Envenom","floor":12.0,"key":"SMITH"},{"data":"Footwork","floor":15.0,"key":"SMITH"}],"circlet_count":0,"master_deck":["AscendersBane","Defend_G","Defend_G","Defend_G","Survivor","Neutralize","Prepared","Dagger Throw+1","Well Laid Plans+1","Dash","Envenom+1","Footwork+1","Flash of Steel","After Image","All Out Attack+1","Cloak And Dagger+1","Dagger Throw+1","PiercingWail"],"relics":["Ring of the Snake","NeowsBlessing","Smiling Mask","Golden Idol","HornCleat","Pear","Astrolabe"],"acts_visited":["Exordium","TheCity"],"potions_floor_usage":[23],"damage_taken":[{"damage":0.0,"enemies":"Small Slimes","floor":1.0,"turns":1.0},{"damage":0.0,"enemies":"Jaw Worm","floor":5.0,"turns":1.0},{"damage":0.0,"enemies":"Lagavulin","floor":6.0,"turns":1.0},{"damage":0.0,"enemies":"2 Louse","floor":7.0,"turns":4.0},{"damage":11.0,"enemies":"3 Sentries","floor":11.0,"turns":13.0},{"damage":0.0,"enemies":"Looter","floor":13.0,"turns":4.0},{"damage":36.0,"enemies":"Hexaghost","floor":16.0,"turns":13.0},{"damage":5.0,"enemies":"3 Byrds","floor":18.0,"turns":4.0},{"damage":8.0,"enemies":"2 Thieves","floor":20.0,"turns":4.0},{"damage":0.0,"enemies":"Snecko","floor":22.0,"turns":8.0},{"damage":35,"enemies":"Slavers","floor":23,"turns":5}],"seed_played":"-4178672620576366904","potions_obtained":[{"floor":5.0,"key":"Strength Potion"},{"floor":11.0,"key":"DuplicationPotion"}],"is_trial":false,"path_per_floor":["M","?","T","?","M","E","M","R","T","R","?","R","M","$","R","B",null,"M","$","M","?","M","E"],"character_chosen":"THE_SILENT","items_purchased":["Flash of Steel"],"campfire_rested":0,"item_purchase_floors":[14],"current_hp_per_floor":[59,52,52,52,52,52,52,52,52,52,51,51,51,51,51,15,56,51,51,43,43,43,8,8],"gold":163,"neow_bonus":"THREE_ENEMY_KILL","is_daily":false,"chose_seed":false,"campfire_upgraded":4,"win_rate":0.0,"timestamp":1611150985,"path_taken":["M","?","?","?","M","E","M","R","T","R","?","R","M","?","R","BOSS","M","$","M","?","M","E"],"items_purchased_type":["Card"],"build_version":"2020-12-22","purchased_purges":2,"victory":false,"max_hp_per_floor":[66,66,66,60,60,60,60,60,60,60,70,70,70,70,70,70,70,70,70,70,70,70,70,70],"card_choices":[{"not_picked":["Backflip","Reflex"],"picked":"Prepared","floor":1.0},{"not_picked":["Acrobatics","Deflect"],"picked":"Dagger Throw","floor":5.0},{"not_picked":["Acrobatics","Prepared"],"picked":"Well Laid Plans","floor":6.0},{"not_picked":["Prepared","Dodge and Roll"],"picked":"Dash","floor":7.0},{"not_picked":["Deflect","Finisher"],"picked":"Envenom","floor":11.0},{"not_picked":["Finisher","Prepared"],"picked":"Footwork","floor":13.0},{"not_picked":["Glass Knife","Burst"],"picked":"After Image","floor":16.0},{"not_picked":["Cloak And Dagger","Dodge and Roll"],"picked":"PiercingWail","floor":18.0},{"not_picked":["Flying Knee","Dodge and Roll","Dagger Throw+1"],"picked":"SKIP","floor":20.0},{"not_picked":["Deadly Poison","Dagger Throw","Flying Knee"],"picked":"SKIP","floor":22.0}],"player_experience":586127,"relics_obtained":[{"floor":3.0,"key":"Smiling Mask"},{"floor":6.0,"key":"HornCleat"},{"floor":11.0,"key":"Pear"}],"event_choices":[{"cards_removed":["Strike_G"],"damage_healed":0.0,"max_hp_gain":0.0,"max_hp_loss":0.0,"gold_gain":0.0,"event_name":"Golden Wing","player_choice":"Card Removal","floor":2.0,"gold_loss":0.0,"damage_taken":7.0},{"damage_healed":0.0,"max_hp_gain":0.0,"max_hp_loss":6.0,"gold_gain":0.0,"event_name":"Golden Idol","player_choice":"Lose Max HP","floor":4.0,"gold_loss":0.0,"damage_taken":0.0,"relics_obtained":["Golden Idol"]},{"damage_healed":0.0,"max_hp_gain":0.0,"max_hp_loss":0.0,"gold_gain":30.0,"event_name":"Dead Adventurer","player_choice":"Searched \u00272\u0027 times","floor":11.0,"gold_loss":0.0,"damage_taken":0.0},{"cards_removed":["Strike_G"],"damage_healed":0.0,"max_hp_gain":0.0,"max_hp_loss":0.0,"gold_gain":0.0,"event_name":"Beggar","player_choice":"Gave Gold","floor":21.0,"gold_loss":75.0,"damage_taken":0.0}],"is_beta":false,"boss_relics":[{"not_picked":["Calling Bell","Black Star"],"picked":"Astrolabe"}],"items_purged_floors":[14,19],"is_endless":false,"potions_floor_spawned":[5,11],"killed_by":"Slavers","ascension_level":20}}