{"host":"00tqcjwpycel7e54","time":1611152714,"event":{"mods":["ATMod(阿瑾Mod)","Act Like it!","Aspiration","BaseMod","Colored Powertips","Gensokyo","Hallownest","Hermit","Highlight Path","Hubris","Koishi","LagranYue(拉格朗・月)","Lobotomy","Luminous","Marisa（F雨　魔理沙）","Minty Spire (QoL Compilation)","Pale of the Ancients","Remilia（蕾米莉亚）","Robot Space Explorer","SOS（斯巴达之子）","Shop Mod","Spicy Shops","StSLib","The Administrix","The Animator","The Bug Knight","The Construct","The Cursed","The Gatherer","The Hierophant","The Jungle","The Mystic","The Runesmith","The Servant 0.9.4","Youmu（魂魄妖梦）","Yuyuko","[IsaacMod]以撒尖塔","vexMod","【遗物卡牌】REMEMod"],"gold_per_floor":[111,111,126,126,126,157,157,190,190,190,210,220,249,249,249,325,325,335,335,87,87,255,255],"floor_reached":22,"language":"ZHS","playtime":780,"items_purged":[],"score":450,"play_id":"c087c025-21f0-4f84-88c2-87c78f5c6d85","local_time":"20210120222514","is_ascension_mode":true,"campfire_choices":[{"floor":7.0,"key":"REST"},{"data":"Bash","floor":10.0,"key":"SMITH"},{"floor":15.0,"key":"REST"}],"circlet_count":0,"master_deck":["AscendersBane","Strike_R","Strike_R","Strike_R","Strike_R","Strike_R","Defend_R","Defend_R","Defend_R","Defend_R","Bash+1","Cleave","Heavy Blade","Offering","Sword Boomerang","AT_IchimonjiDouble","Limit Break","Decay"],"relics":["Burning Blood","AT_ATBox","REME_ComplimentaryCards","HushsDoor","LagranYue:RandomDrawCardRelic","ScarletDevilRocket","D6","Runesmith:AutoHammer","SatanicBible","AT_BellDemon","Kunai","Juzu Bracelet","TuHaoJin","hubris:ToyBattleship","AT_SunfireAegis","PreservedInsect","AT_ArchangelStaff","hubris:Icosahedron","aspiration:RitualDagger","SalivaCoin","TheBattery","theJungle:WildPear"],"acts_visited":["Exordium","Exordium"],"potions_floor_usage":[22,22],"damage_taken":[{"damage":13.0,"enemies":"Cultist","floor":1.0,"turns":5.0},{"damage":4.0,"enemies":"Small Slimes","floor":3.0,"turns":4.0},{"damage":15.0,"enemies":"Gremlin Nob","floor":6.0,"turns":3.0},{"damage":0.0,"enemies":"3 Sentries","floor":8.0,"turns":1.0},{"damage":0.0,"enemies":"Jaw Worm","floor":11.0,"turns":1.0},{"damage":20.0,"enemies":"Large Slime","floor":12.0,"turns":5.0},{"damage":22.0,"enemies":"Gremlin Nob","floor":13.0,"turns":3.0},{"damage":31.0,"enemies":"Hexaghost","floor":16.0,"turns":9.0},{"damage":53.0,"enemies":"theJungle:MUSHROOMGANG","floor":18.0,"turns":5.0},{"damage":126,"enemies":"theJungle:Flameango_and_Byrd","floor":22,"turns":5}],"seed_played":"8623962532784557434","potions_obtained":[{"floor":3.0,"key":"AttackPotion"},{"floor":11.0,"key":"GamblersBrew"},{"floor":13.0,"key":"HeartOfIron"},{"floor":18.0,"key":"LiquidMemories"}],"is_trial":false,"path_per_floor":["M","?","M","?","$","E","R","E","T","R","M","M","E","?","R","B",null,"M","?","$","?","M"],"character_chosen":"IRONCLAD","items_purchased":["SatanicBible","SalivaCoin","TheBattery"],"campfire_rested":2,"item_purchase_floors":[5,20,20],"current_hp_per_floor":[61,43,45,45,28,19,41,47,47,47,53,39,23,23,45,20,61,14,14,14,24,0,0],"gold":255,"neow_bonus":"RANDOM_COMMON_RELIC","is_daily":false,"chose_seed":false,"campfire_upgraded":1,"win_rate":0.0,"timestamp":1611152714,"path_taken":["M","?","M","?","?","E","R","E","T","R","M","M","E","?","R","BOSS","M","?","$","?","M"],"items_purchased_type":["Relic","Relic","Relic"],"build_version":"2020-12-22","purchased_purges":0,"victory":false,"max_hp_per_floor":[75,75,75,75,75,75,75,75,75,75,75,75,75,75,75,75,75,75,75,75,85,85,85],"card_choices":[{"not_picked":["Twin Strike","Pommel Strike"],"picked":"Cleave","floor":1.0},{"not_picked":["Body Slam","Sword Boomerang"],"picked":"Heavy Blade","floor":3.0},{"not_picked":["hubris:CleavingFinish","Headbutt"],"picked":"Sword Boomerang","floor":6.0},{"not_picked":["Seeing Red","Infernal Blade","hubris:SharpeningStone"],"picked":"SKIP","floor":8.0},{"not_picked":["REME_FearOfPain","Bomb"],"picked":"AT_IchimonjiDouble","floor":11.0},{"not_picked":["Bomb","Dual Wield","Infernal Blade"],"picked":"SKIP","floor":12.0},{"not_picked":["Wild Strike","Havoc","True Grit"],"picked":"SKIP","floor":13.0},{"not_picked":["Double Tap","hubris:StunningStrike"],"picked":"Limit Break","floor":16.0},{"not_picked":["AT_IchimonjiDouble+1","hubris:ReadiedAction","Carnage"],"picked":"SKIP","floor":18.0}],"player_experience":672875,"relics_obtained":[{"floor":6.0,"key":"AT_BellDemon"},{"floor":8.0,"key":"Kunai"},{"floor":8.0,"key":"Juzu Bracelet"},{"floor":9.0,"key":"TuHaoJin"},{"floor":11.0,"key":"hubris:ToyBattleship"},{"floor":12.0,"key":"AT_SunfireAegis"},{"floor":13.0,"key":"PreservedInsect"},{"floor":13.0,"key":"AT_ArchangelStaff"}],"event_choices":[{"damage_healed":0.0,"max_hp_gain":0.0,"max_hp_loss":0.0,"gold_gain":0.0,"event_name":"Scrap Ooze","player_choice":"Success","floor":2.0,"gold_loss":0.0,"damage_taken":18.0,"relics_obtained":["Runesmith:AutoHammer"]},{"damage_healed":0.0,"max_hp_gain":0.0,"max_hp_loss":0.0,"gold_gain":0.0,"event_name":"Wheel of Change","player_choice":"Cursed","floor":19.0,"gold_loss":0.0,"damage_taken":0.0,"cards_obtained":["Decay"]}],"is_beta":false,"boss_relics":[{"not_picked":["Empty Cage","aspiration:MarisaSkillbook"],"picked":"aspiration:RitualDagger"},{"not_picked":[]}],"items_purged_floors":[],"is_endless":false,"potions_floor_spawned":[3,11,13,18],"killed_by":"theJungle:Flameango_and_Byrd","ascension_level":20}}