{"host":"7pdbvbnybm62aded","time":1611148187,"event":{"mods":["BaseMod","Downfall","Minty Spire (QoL Compilation)","READ ME - Guardian Mod","Shop Mod","Spicy Shops","StSLib","The Construct","[IsaacMod]ÒÔÈö¼âËþ","¡¾ÒÅÎï¿¨ÅÆ¡¿REMEMod"],"gold_per_floor":[99,99,274,2756,2777,2854,2902,2937,2971,2771,1138,1170,1170,1270,1307,1427,1454,1454,1484,1509,1521,1548,748,748,782,820,820,871,891,907,934,965,1088,1097,997,566,591,613,706,733,733,826,875,898,898,923,413,457,467,467,467,497,183,183,183,30080,30080],"floor_reached":58,"language":"ZHS","playtime":11203,"items_purged":["Doubt","hexamod:Strike+1","downfall:Malfunctioning","hexamod:BacktrackSmack","hexamod:Defend+1","hexamod:Defend+1","hexamod:Strike+1","hexamod:Defend+1","hexamod:Strike+1","hexamod:Strike+1"],"score":1595,"play_id":"e94e39b4-9fae-435b-9f42-38b15edf86e8","local_time":"20210120210947","is_ascension_mode":false,"campfire_choices":[{"floor":1.0,"key":"RECALL"},{"data":"hexamod:Float","floor":10.0,"key":"SMITH"},{"data":"REME_MawOfCthun","floor":13.0,"key":"SMITH"},{"data":"hexamod:ForkedFlame","floor":18.0,"key":"SMITH"},{"data":"hexamod:Haunt","floor":27.0,"key":"SMITH"},{"data":"Thinking Ahead","floor":35.0,"key":"SMITH"},{"data":"hexamod:Haunt","floor":45.0,"key":"SMITH"},{"data":"hexamod:TimeOfNeed","floor":54.0,"key":"SMITH"}],"circlet_count":0,"master_deck":["hexamod:Defend+1","hexamod:Sear+1","hexamod:Float+1","hexamod:Incineration+1","hexamod:HauntingEcho+1","Madness","REME_MawOfCthun+1","Flash of Steel","hexamod:RadiantFlame+1","hexamod:DynamicBlow+1","hexamod:Haunt+1","hexamod:ForkedFlame+1","hexamod:TimeOfNeed+1","hexamod:VolcanoVisage+1","hexamod:StepThrough+1","hexamod:EmpoweredFlame+1","REME_WheelOfFate+1","hexamod:Haunt+1","hexamod:NecessarySacrifice+1","hexamod:StepThrough+1","hexamod:HeatMetal+1","hexamod:AdvancingGuard+1","hexamod:TimeOfNeed+1","Thinking Ahead+1","hexamod:Haunt+1","hexamod:PhantomFireball+1","hexamod:ExtraCrispy+1","hexamod:FourthSeal"],"relics":["hexamod:SpiritBrand","HushsDoor","REME_ComplimentaryCards","GuppysPaw","CeramicFish","downfall:HeartBlessingRed","downfall:HeartBlessingBlue","Strange Spoon","Kunai","Akabeko","Ornamental Fan","Black Star","GuppysTail","GuppysCollar","NineVolt","OrangePellets","StrikeDummy","Smiling Mask","Anchor","Lantern","Du-Vu Doll","Orichalcum","MagicMushroom","JudasShadow","BelialBook","SatanicBible","downfall:HeartBlessingGreen","Singing Bowl","MerchantsRug","Mummified Hand","DeadEye","TungstenRod","Blood Vial","Bottled Lightning","Bag of Marbles","Strawberry","MoneyPower","Bottled Tornado","Art of War","Medical Kit","Pear","Bottled Tornado","hexamod:TheBrokenSeal"],"acts_visited":["Exordium","TheCity","TheBeyond","TheEnding"],"potions_floor_usage":[],"damage_taken":[{"damage":9.0,"enemies":"2 Louse","floor":4.0,"turns":3.0},{"damage":0.0,"enemies":"Jaw Worm","floor":5.0,"turns":3.0},{"damage":2.0,"enemies":"Lagavulin Event","floor":6.0,"turns":4.0},{"damage":0.0,"enemies":"Small Slimes","floor":8.0,"turns":3.0},{"damage":0.0,"enemies":"Exordium Thugs","floor":9.0,"turns":4.0},{"damage":0.0,"enemies":"downfall:FleeingMerchant","floor":11.0,"turns":4.0},{"damage":0.0,"enemies":"Gremlin Nob","floor":12.0,"turns":3.0},{"damage":0.0,"enemies":"2 Fungi Beasts","floor":15.0,"turns":3.0},{"damage":0.0,"enemies":"SI_SHIV_ARCHETYPE","floor":16.0,"turns":6.0},{"damage":0.0,"enemies":"3 Byrds","floor":19.0,"turns":3.0},{"damage":0.0,"enemies":"Spheric Guardian","floor":20.0,"turns":2.0},{"damage":0.0,"enemies":"Shelled Parasite and Fungi","floor":21.0,"turns":2.0},{"damage":0.0,"enemies":"Cultist and Chosen","floor":22.0,"turns":4.0},{"damage":0.0,"enemies":"downfall:FleeingMerchant","floor":23.0,"turns":4.0},{"damage":0.0,"enemies":"3 Cultists","floor":25.0,"turns":3.0},{"damage":0.0,"enemies":"Book of Stabbing","floor":26.0,"turns":2.0},{"damage":0.0,"enemies":"REME_1_Revenger","floor":28.0,"turns":3.0},{"damage":0.0,"enemies":"Centurion and Healer","floor":29.0,"turns":3.0},{"damage":0.0,"enemies":"Snake Plant","floor":30.0,"turns":1.0},{"damage":0.0,"enemies":"Cultist and Chosen","floor":31.0,"turns":2.0},{"damage":0.0,"enemies":"Shelled Parasite and Fungi","floor":32.0,"turns":3.0},{"damage":0.0,"enemies":"DF_ARCHETYPE_CLAW","floor":33.0,"turns":3.0},{"damage":0.0,"enemies":"Orb Walker","floor":37.0,"turns":2.0},{"damage":0.0,"enemies":"3 Shapes","floor":38.0,"turns":3.0},{"damage":0.0,"enemies":"Jaw Worm Horde","floor":39.0,"turns":2.0},{"damage":0.0,"enemies":"Reptomancer","floor":40.0,"turns":3.0},{"damage":0.0,"enemies":"Giant Head","floor":43.0,"turns":3.0},{"damage":0.0,"enemies":"Transient","floor":44.0,"turns":4.0},{"damage":0.0,"enemies":"3 Darklings","floor":46.0,"turns":2.0},{"damage":0.0,"enemies":"Reptomancer","floor":48.0,"turns":2.0},{"damage":0.0,"enemies":"Maw","floor":49.0,"turns":1.0},{"damage":0.0,"enemies":"WA_ARCHETYPE_DIVINITY","floor":50.0,"turns":3.0},{"damage":0.0,"enemies":"downfall:CharBossMerchant","floor":52.0,"turns":3.0},{"damage":754.0,"enemies":"Delirium","floor":55.0,"turns":31.0},{"damage":0,"enemies":"Delirium","floor":56,"turns":14},{"damage":0,"enemies":"Delirium","floor":57,"turns":8}],"seed_played":"1380467976754308608","potions_obtained":[{"floor":4.0,"key":"SpeedPotion"},{"floor":5.0,"key":"AttackPotion"},{"floor":16.0,"key":"EntropicBrew"},{"floor":29.0,"key":"SpeedPotion"},{"floor":30.0,"key":"Explosive Potion"},{"floor":31.0,"key":"Fire Potion"},{"floor":32.0,"key":"REME_GoldPotion"},{"floor":38.0,"key":"GamblersBrew"},{"floor":43.0,"key":"Fruit Juice"},{"floor":44.0,"key":"LiquidMemories"},{"floor":52.0,"key":"FearPotion"}],"is_trial":false,"path_per_floor":["R","?","?","M","M","?","T","M","M","R","$","E","R","?","M","B",null,"R","M","M","M","M","$","T","M","E","R","E","M","M","M","M","B",null,"R","?","M","M","M","E","T","?","E","M","R","M","$","E","M","B",null,"E","$","R","B","B","B",null],"character_chosen":"THE_SPIRIT","items_purchased":["REME_MawOfCthun","Flash of Steel","hexamod:RadiantFlame","Strange Spoon","Kunai","DuplicationPotion","Akabeko","Ornamental Fan","hexamod:DynamicBlow","War Paint","GuppysTail","GuppysCollar","hexamod:TimeOfNeed","hexamod:VolcanoVisage","hexamod:StepThrough","NineVolt","REME_WheelOfFate","hexamod:Haunt","Whetstone","OrangePellets","Bottled Flame","JudasShadow","BelialBook","SatanicBible","Thinking Ahead","Singing Bowl","MerchantsRug","Fruit Juice","Bottled Lightning","Bag of Marbles","Medical Kit","Pear"],"campfire_rested":0,"item_purchase_floors":[11,11,11,11,11,11,11,11,11,11,17,17,17,17,17,23,23,23,23,23,23,34,34,34,34,36,36,47,47,47,53,53],"current_hp_per_floor":[77,77,77,680,680,678,678,678,678,688,688,688,688,688,688,688,741,741,741,741,741,741,741,741,741,741,741,741,741,741,733,733,702,650,650,650,650,654,658,664,664,649,655,664,664,676,682,693,695,695,695,699,709,709,1,800,800],"gold":30080,"neow_bonus":"TEN_PERCENT_HP_BONUS","is_daily":false,"chose_seed":false,"campfire_upgraded":7,"win_rate":0.0,"timestamp":1611148187,"path_taken":["R","?","?","M","M","?","T","M","M","R","?","E","R","?","M","BOSS","R","M","M","M","M","$","T","M","E","R","E","M","M","M","M","BOSS","R","?","M","?","M","E","T","?","E","M","R","M","$","E","M","BOSS","E","$","R","BOSS","BOSS","BOSS"],"items_purchased_type":["Card","Card","Card","Relic","Relic","Potion","Relic","Relic","Card","Relic","Relic","Relic","Card","Card","Card","Relic","Card","Card","Relic","Relic","Relic","Relic","Relic","Relic","Card","Relic","Relic","Potion","Relic","Relic","Relic","Relic"],"build_version":"2020-12-22","purchased_purges":10,"victory":true,"max_hp_per_floor":[77,77,77,770,770,770,770,770,770,780,780,780,780,780,780,780,741,741,741,741,741,741,741,741,741,741,741,741,741,741,741,741,702,650,650,650,650,654,658,664,664,664,669,675,675,677,682,693,695,695,695,699,709,709,1,800,800],"card_choices":[{"not_picked":["hexamod:EtherealExpedition","hexamod:NightmareStrike"],"picked":"hexamod:SecondSeal","floor":4.0},{"not_picked":["hexamod:ThermalTransfer","hexamod:RecurringNightmare"],"picked":"hexamod:Incineration","floor":5.0},{"not_picked":["hexamod:BacktrackSmack","hexamod:GhostOfSpirePast"],"picked":"hexamod:HauntingEcho","floor":6.0},{"not_picked":["hexamod:Rewind","hexamod:Again"],"picked":"hexamod:SixthSeal","floor":8.0},{"not_picked":["hexamod:NightmareGuise","hexamod:HauntingEcho"],"picked":"hexamod:BacktrackSmack","floor":9.0},{"not_picked":["hexamod:Hexaguard","hexamod:Firestarter","hexamod:HexaLevel"],"picked":"SKIP","floor":11.0},{"not_picked":["hexamod:HeatCrush","hexamod:BacktrackSmack","hexamod:HeatShield"],"picked":"SKIP","floor":12.0},{"not_picked":["hexamod:BurningTouch","hexamod:PhantomCloak"],"picked":"hexamod:Haunt","floor":15.0},{"not_picked":["hexamod:TurnItUp","hexamod:HexaLevel"],"picked":"hexamod:ForkedFlame","floor":16.0},{"not_picked":["hexamod:NightmareStrike+1","hexamod:SwordOfDarkness"],"picked":"hexamod:EmpoweredFlame","floor":19.0},{"not_picked":["hexamod:GhostLash+1","hexamod:Incineration+1"],"picked":"hexamod:FirstSeal","floor":20.0},{"not_picked":["hexamod:InspiringFlames+1","hexamod:SpectersWail+1","hexamod:ShieldOfDarkness"],"picked":"SKIP","floor":21.0},{"not_picked":["hexamod:NightmareGuise","hexamod:Hexaguard","hexamod:NightmareStrike"],"picked":"SKIP","floor":22.0},{"not_picked":["hexamod:RetreatToShadows+1","hexamod:InspiringFlames","hexamod:Firestarter+1"],"picked":"SKIP","floor":23.0},{"not_picked":["hexamod:NightmareGuise","hexamod:Hexaguard+1"],"picked":"hexamod:NecessarySacrifice","floor":25.0},{"not_picked":["hexamod:RecurringNightmare","hexamod:GhostOfSpireFuture"],"picked":"hexamod:StepThrough","floor":26.0},{"not_picked":["hexamod:GhostLash","hexamod:SearingWound"],"picked":"hexamod:HeatMetal","floor":28.0},{"not_picked":["hexamod:Firestarter+1","hexamod:HeatMetal","hexamod:ShieldOfDarkness+1"],"picked":"SKIP","floor":29.0},{"not_picked":["hexamod:SearingWound","hexamod:GhostflameBarrier","hexamod:SecondSeal"],"picked":"SKIP","floor":30.0},{"not_picked":["hexamod:NightmareGuise+1","hexamod:BacktrackSmack"],"picked":"hexamod:ThirdSeal","floor":31.0},{"not_picked":["hexamod:Incineration+1","hexamod:HeatMetal"],"picked":"hexamod:AdvancingGuard+1","floor":32.0},{"not_picked":["hexamod:HeatShield","hexamod:HauntingEcho+1","hexamod:SwordOfDarkness"],"picked":"SKIP","floor":32.0},{"not_picked":["hexamod:TimeWarp","hexamod:GhostOfSpirePresent"],"picked":"hexamod:TimeOfNeed","floor":33.0},{"not_picked":["hexamod:SixthSeal","hexamod:UnleashSpirits"],"picked":"hexamod:FifthSeal","floor":33.0},{"not_picked":["hexamod:BurningTouch+1","hexamod:GhostShield+1"],"picked":"hexamod:Haunt","floor":37.0},{"not_picked":["hexamod:ThirdSeal","hexamod:SixthSeal","hexamod:FirstSeal"],"picked":"Singing Bowl","floor":38.0},{"not_picked":["hexamod:GhostShield+1","hexamod:SkipABeat+1","hexamod:BacktrackSmack"],"picked":"Singing Bowl","floor":38.0},{"not_picked":["hexamod:Hexaguard+1","hexamod:FastForward+1","hexamod:Firestarter"],"picked":"Singing Bowl","floor":39.0},{"not_picked":["hexamod:RadiantFlame","hexamod:GhostLash","hexamod:HeatMetal+1"],"picked":"Singing Bowl","floor":39.0},{"not_picked":["hexamod:Rewind","hexamod:Firestarter+1","hexamod:SwordOfDarkness+1"],"picked":"Singing Bowl","floor":40.0},{"not_picked":["hexamod:SecondSeal","hexamod:SixthSeal","hexamod:FirstSeal"],"picked":"Singing Bowl","floor":40.0},{"not_picked":["hexamod:GhostLash","hexamod:EtherealExpedition","hexamod:Again"],"picked":"Singing Bowl","floor":40.0},{"not_picked":["hexamod:ThirdSeal","hexamod:SecondSeal"],"picked":"hexamod:FourthSeal","floor":43.0},{"not_picked":["hexamod:ShieldOfDarkness+1","hexamod:BurningTouch"],"picked":"hexamod:PhantomFireball","floor":43.0},{"not_picked":["hexamod:SecondSeal","hexamod:SixthSeal","hexamod:ThirdSeal"],"picked":"Singing Bowl","floor":44.0},{"not_picked":["hexamod:RecurringNightmare+1","hexamod:Hexaguard+1","hexamod:EmpoweredFlame+1"],"picked":"Singing Bowl","floor":44.0},{"not_picked":["hexamod:SpectersWail","hexamod:SoulSteal","hexamod:RetreatToShadows+1"],"picked":"Singing Bowl","floor":44.0},{"not_picked":["hexamod:FirstSeal","hexamod:SecondSeal","hexamod:ThirdSeal"],"picked":"Singing Bowl","floor":46.0},{"not_picked":["hexamod:BurningTouch","hexamod:HeatMetal+1"],"picked":"hexamod:ExtraCrispy","floor":46.0},{"not_picked":["hexamod:TurnItUp","hexamod:Hexaguard","hexamod:BacktrackSmack+1"],"picked":"Singing Bowl","floor":48.0},{"not_picked":["hexamod:SecondSeal","hexamod:ThirdSeal"],"picked":"hexamod:FourthSeal","floor":48.0},{"not_picked":["hexamod:SpectersWail+1","hexamod:ThermalTransfer+1","hexamod:InspiringFlames"],"picked":"Singing Bowl","floor":48.0},{"not_picked":["hexamod:SpectersWail","hexamod:BacktrackSmack+1","hexamod:VolcanoVisage"],"picked":"Singing Bowl","floor":49.0},{"not_picked":["hexamod:GhostShield+1","hexamod:SwordOfDarkness","hexamod:SpectersWail"],"picked":"Singing Bowl","floor":52.0},{"not_picked":["hexamod:FirstSeal","hexamod:ChargedBarrage","hexamod:GhostShield"],"picked":"Singing Bowl","floor":52.0}],"player_experience":680787,"relics_obtained":[{"floor":6.0,"key":"CeramicFish"},{"floor":12.0,"key":"Diplopia"},{"floor":24.0,"key":"StrikeDummy"},{"floor":26.0,"key":"Smiling Mask"},{"floor":26.0,"key":"Anchor"},{"floor":28.0,"key":"Lantern"},{"floor":28.0,"key":"Du-Vu Doll"},{"floor":40.0,"key":"Mummified Hand"},{"floor":40.0,"key":"YumHeart"},{"floor":41.0,"key":"DeadEye"},{"floor":43.0,"key":"TungstenRod"},{"floor":43.0,"key":"Blood Vial"},{"floor":48.0,"key":"Strawberry"},{"floor":48.0,"key":"MoneyPower"},{"floor":52.0,"key":"Bottled Tornado"},{"floor":52.0,"key":"Art of War"}],"event_choices":[],"is_beta":false,"boss_relics":[{"not_picked":["Sozu","construct:ClawGrip"],"picked":"Black Star"},{"not_picked":[]},{"not_picked":["Velvet Choker","construct:WeddingRing"],"picked":"MagicMushroom"},{"not_picked":[]}],"items_purged_floors":[11,17,23,23,34,36,36,47,47,53],"is_endless":false,"potions_floor_spawned":[4,5,16,19,21,26,28,29,30,31,32,38,43,46,52],"ascension_level":0}}