{"host":"raxmxgtw2nbiczxd","time":1611152874,"event":{"mods":["AchievementEnabler","Aspiration","BaseMod","Beaked The Cultist","BetterRewards","Challenge The Spire","Conspire","Friendly Minions","Halation","Hero for Fun","Hubris","Infinite Spire","Jedi Mod","Mimic Mod","Minty Spire (QoL Compilation)","Quick Restart","Relic Stats","Replay The Spire","Shop Mod","Spikes Relics","StSLib","SuperFastMode","The Blackbeard","The Necromancer","The Servant 0.9.4","Yuri Mod","vexMod","????"],"gold_per_floor":[16,16,16,16,31,46,76,1,1,16,16,16,16,31,31,31,31,31,31,31,31,31,31,31,81,106,106,106,106,136,151,151,261,261,293,293,327,363,363,417,442,501,501,549,615,615,615,670,670,670],"floor_reached":51,"language":"RUS","playtime":460,"items_purged":["Get_Hopes_Up"],"score":1472,"play_id":"487fb2ef-c6bc-4559-a433-4629aa6d4d56","local_time":"20210120212754","daily_mods":["Shiny","Red Cards","DeadlyEvents"],"is_ascension_mode":false,"campfire_choices":[{"floor":11,"key":"REST"},{"floor":23,"key":"REST"},{"floor":27,"key":"REST"},{"floor":32,"key":"REST"},{"floor":46,"key":"REST"}],"circlet_count":0,"master_deck":["Slap+1","Slap+1","Slap+1","Slap+1","Slap+1"],"relics":["Cape","aspiration:BabyByrd","Tiny Chest","StoneCalendar","infinitespire:EvilPickle","Philosopher\u0027s Stone","hubris:ToyBattleship","Orichalcum"],"acts_visited":["Exordium","TheCity","TheBeyond"],"potions_floor_usage":[],"damage_taken":[{"damage":0,"enemies":"Small Slimes","floor":1,"turns":2},{"damage":0,"enemies":"conspire:RoseBush","floor":5,"turns":1},{"damage":0,"enemies":"2 Louse","floor":6,"turns":1},{"damage":0,"enemies":"Lagavulin","floor":7,"turns":1},{"damage":0,"enemies":"Looter","floor":10,"turns":1},{"damage":0,"enemies":"2 Fungi Beasts","floor":12,"turns":1},{"damage":0,"enemies":"Large Slime","floor":13,"turns":1},{"damage":0,"enemies":"Lots of Slimes","floor":14,"turns":2},{"damage":0,"enemies":"The Guardian","floor":16,"turns":1},{"damage":0,"enemies":"Chosen","floor":18,"turns":1},{"damage":0,"enemies":"Replay:Snechameleon","floor":20,"turns":1},{"damage":0,"enemies":"Shell Parasite","floor":21,"turns":1},{"damage":0,"enemies":"Centurion and Healer","floor":24,"turns":1},{"damage":0,"enemies":"Slavers","floor":29,"turns":1},{"damage":0,"enemies":"Nightmare","floor":30,"turns":1},{"damage":0,"enemies":"conspire:HollyBat","floor":31,"turns":3},{"damage":0,"enemies":"Pondfish","floor":33,"turns":3},{"damage":0,"enemies":"3 Darklings","floor":35,"turns":1},{"damage":0,"enemies":"Orb Walker","floor":37,"turns":1},{"damage":0,"enemies":"Jaw Worm Horde","floor":38,"turns":1},{"damage":0,"enemies":"Reptomancer","floor":40,"turns":1},{"damage":0,"enemies":"Giant Head","floor":42,"turns":1},{"damage":0,"enemies":"3 Darklings","floor":44,"turns":1},{"damage":0,"enemies":"Nemesis","floor":45,"turns":1},{"damage":0,"enemies":"Spire Growth","floor":48,"turns":1},{"damage":0,"enemies":"Awakened One","floor":50,"turns":2}],"seed_played":"-1760728548950895142","potions_obtained":[],"is_trial":false,"path_per_floor":["M","?","?","?","M","M","E","$","T","M","R","M","M","M","R","B",null,"M","?","E","M","$","R","M","T","T","R","AVR","E","NM","M","R","B",null,"M","?","M","M","?","E","T","E","T","M","E","R","AVR","M","R","B",null],"character_chosen":"OPM","items_purchased":[],"campfire_rested":5,"item_purchase_floors":[],"current_hp_per_floor":[999,999,999,999,999,999,999,999,999,999,999,999,999,999,999,999,999,999,999,999,999,999,999,999,999,999,999,999,999,999,999,999,999,999,999,999,999,999,999,999,999,999,999,999,999,999,999,999,999,999],"gold":670,"neow_bonus":"","is_daily":true,"chose_seed":false,"campfire_upgraded":0,"win_rate":0.0,"timestamp":1611152874,"path_taken":["M","?","?","?","M","?","E","$","T","M","R","?","M","M","R","BOSS","M","?","?","M","$","R","M","?","T","R","AVR","?","NM","M","R","BOSS","M","?","M","M","?","E","?","E","T","?","?","R","AVR","M","R","BOSS"],"items_purchased_type":[],"build_version":"2020-12-22","purchased_purges":1,"victory":true,"max_hp_per_floor":[999,999,999,999,999,999,999,999,999,999,999,999,999,999,999,999,999,999,999,999,999,999,999,999,999,999,999,999,999,999,999,999,999,999,999,999,999,999,999,999,999,999,999,999,999,999,999,999,999,999],"relic_stats":{"counters":[26,33],"Tiny Chest":2,"StoneCalendar":[0],"Orichalcum":[0],"obtain_stats":[{"infinitespire:EvilPickle":33,"aspiration:BabyByrd":4,"Tiny Chest":9,"StoneCalendar":30,"Philosopher\u0027s Stone":34,"hubris:ToyBattleship":41,"Cape":0,"Orichalcum":45},{"infinitespire:EvilPickle":17,"aspiration:BabyByrd":1,"Tiny Chest":4,"StoneCalendar":15,"Philosopher\u0027s Stone":17,"hubris:ToyBattleship":21,"Cape":0,"Orichalcum":24},{"infinitespire:EvilPickle":23,"aspiration:BabyByrd":2,"Tiny Chest":5,"StoneCalendar":17,"Philosopher\u0027s Stone":23,"hubris:ToyBattleship":27,"Cape":0,"Orichalcum":30}]},"card_choices":[{"not_picked":["Normal_Punch","Yawn"],"picked":"Slap","floor":1},{"not_picked":["Side_Hop","Yawn","Consecutive_Normal_Punch"],"picked":"SKIP","floor":5},{"not_picked":["Yawn","Toss_Stone","Ignore"],"picked":"SKIP","floor":6},{"not_picked":["Oh","Side_Hop"],"picked":"Slap","floor":7},{"not_picked":["Side_Hop","Do_Nothing","Yawn"],"picked":"SKIP","floor":10},{"not_picked":["Side_Hop","Toss_Stone","Hop"],"picked":"SKIP","floor":12},{"not_picked":["Consecutive_Normal_Punch","Normal_Punch","Wear_Disguise"],"picked":"SKIP","floor":13},{"not_picked":["Hop","Normal_Punch"],"picked":"Slap","floor":14},{"not_picked":["Normal_Punch","Yawn","Hop+1"],"picked":"SKIP","floor":18},{"not_picked":["Hop+1","Wear_Disguise","Slap+1"],"picked":"SKIP","floor":20},{"not_picked":["Slap+1","Side_Hop","Wear_Disguise+1"],"picked":"SKIP","floor":21},{"not_picked":["Ignore+1","Normal_Punch+1","Serious_Punch"],"picked":"SKIP","floor":24},{"not_picked":["Normal_Punch","Consecutive_Normal_Punch+1","Toss_Stone"],"picked":"SKIP","floor":29},{"not_picked":["Yawn","Normal_Punch+1","Ignore"],"picked":"SKIP","floor":30},{"not_picked":["Consecutive_Normal_Punch","Toss_Stone","Wear_Disguise"],"picked":"SKIP","floor":31},{"not_picked":["Ignore+1","Normal_Punch+1","Slap"],"picked":"SKIP","floor":35},{"not_picked":["Yawn","Oh","Ignore"],"picked":"SKIP","floor":37},{"not_picked":["Ignore","Normal_Punch","Slap"],"picked":"SKIP","floor":38},{"not_picked":["Ignore","Wear_Disguise+1","Toss_Stone+1"],"picked":"SKIP","floor":40},{"not_picked":["Consecutive_Normal_Punch+1","Do_Nothing","Get_Hopes_Up"],"picked":"SKIP","floor":42},{"not_picked":["Side_Hop+1","Wear_Disguise+1","Toss_Stone+1"],"picked":"SKIP","floor":44},{"not_picked":["Serious_Punch","Wear_Disguise+1","Normal_Punch+1"],"picked":"SKIP","floor":45},{"not_picked":["Ignore+1","Do_Nothing+1","Slap+1"],"picked":"SKIP","floor":48}],"player_experience":135407,"relics_obtained":[{"floor":9,"key":"Tiny Chest"},{"floor":30,"key":"StoneCalendar"},{"floor":41,"key":"hubris:ToyBattleship"},{"floor":45,"key":"Orichalcum"}],"event_choices":[{"cards_removed":["Oh"],"damage_healed":0,"gold_gain":0,"player_choice":"Forget","damage_taken":0,"max_hp_gain":0,"max_hp_loss":0,"event_name":"Living Wall","floor":2,"gold_loss":0},{"damage_healed":0,"gold_gain":0,"player_choice":"0 cards matched","damage_taken":0,"max_hp_gain":0,"max_hp_loss":0,"event_name":"Match and Keep!","floor":19,"gold_loss":0,"cards_obtained":[]},{"damage_healed":0,"gold_gain":0,"player_choice":"Ignored","damage_taken":0,"max_hp_gain":0,"max_hp_loss":0,"event_name":"Upgrade Shrine","floor":39,"gold_loss":0}],"is_beta":false,"boss_relics":[{"not_picked":["aspiration:IroncladSkillbook","conspire:SeveredTorchhead","Replay:Drink Me"]},{"not_picked":["halation:LoveArrow","vexMod:MysteryBossChallenge"],"picked":"Philosopher\u0027s Stone"}],"items_purged_floors":[8],"is_endless":false,"potions_floor_spawned":[1,6,7,12,29,30,31,37,38,45,48],"ascension_level":0}}