{"host":"px2oznrenyeljk7o","time":1611175088,"event":{"mods":["100% Spire Juice","A Magickal Journey","AchievementEnabler","Arknights The Spire","BaseMod","Better Altar","Better Match","Better Note","Better Sensory Stone","Better Third Choice","ChefMod","Colored Map","Conspire","Curses Come First","Evolution","GifTheSpireLib","GungeonMod","Hermit","KinomotoSakuraMod(????)","Koishi","Lobotomy","LobotomyExtend","Marisa????????","Minty Spire (QoL Compilation)","Nova Terra(??·??)","Poor People Problems","Potionbrewer","Random Character Button","Rare Cards Sparkle","Reimu??????","Replay The Spire","Robot Space Explorer","Small Relic Pack","Somnambulant","Spicy Shops","StSLib","Stuff the Spire","The Administrix","The Alterego","The Animator","The Blackbeard","The Blue Laboratory","The Bug Knight","The Construct","The Cursed","The Disciple","The Gatherer","The Hayseed","The Hierophant","The Jungle","The Marked","The Runesmith","TheWitcher","Yakumo Yukari mod","Yuri Mod","everything is the same but u backflip on backflip","slay the spire mod where everything is the same but ironclad has a cowboy hat","??????REMEMod"],"gold_per_floor":[116,16,46,78,3,88,88,119,143,167,167,167,184,184,184,330,330,360,390,390,390,459,459,477,493,493,493,542,542,542],"floor_reached":29,"language":"ENG","playtime":3651,"items_purged":[],"score":252,"play_id":"f45b7c05-622d-4e92-8b2e-85e9258a0798","local_time":"20210120213808","is_ascension_mode":false,"campfire_choices":[{"floor":7,"key":"REST"},{"floor":12,"key":"REST"},{"floor":15,"key":"REST"},{"floor":23,"key":"REST"}],"circlet_count":0,"master_deck":["Strike_G","Strike_G","Strike_G","Strike_G","Strike_G","Defend_G","Defend_G","Defend_G","Defend_G","Defend_G","Survivor","Neutralize","AdministrixMod:FaithfulFlames+1","Quick Slash","conspire:SpireCoStock","conspire:SpireCoStock","All Out Attack","Escape Plan","Dark Shackles+1","StuffTheSpire:FreeRealEstate+1","Dramatic Entrance+1","Endless Agony","After Image+1","StuffTheSpire:Injection","Backflip","Poisoned Stab","StuffTheSpire:BrimstoneBlast","PiercingWail","Phantasmal Killer","StuffTheSpire:Python+1","Cloak And Dagger","REME_WheelOfFate+1","PiercingWail","Sucker Punch+1","Unload+1","Swift Strike+1"],"relics":["Ring of the Snake","EVO:Axolotl","REME_ComplimentaryCards","LetterFromLob","Dream Catcher","relicPack:OneForAll","REME_LowDesire","DemoMod:PoisonVial","Vajra","Molten Egg 2","DemoMod:MemoryAlloy","DemoMod:GlassGuonStoneRelic"],"acts_visited":["Exordium","TheCity"],"potions_floor_usage":[10,18,19,25,28],"damage_taken":[{"damage":10,"enemies":"Jaw Worm","floor":1,"turns":7},{"damage":1,"enemies":"2 Louse","floor":3,"turns":4},{"damage":7,"enemies":"Cultist","floor":4,"turns":7},{"damage":16,"enemies":"HollowMod:MossKnight","floor":6,"turns":19},{"damage":4,"enemies":"Red Slaver","floor":8,"turns":4},{"damage":7,"enemies":"Exordium Wildlife","floor":10,"turns":4},{"damage":0,"enemies":"Gremlin Gang","floor":13,"turns":3},{"damage":22,"enemies":"The Guardian","floor":16,"turns":11},{"damage":26,"enemies":"Spheric Guardian","floor":18,"turns":6},{"damage":28,"enemies":"Centurion and Healer","floor":19,"turns":13},{"damage":27,"enemies":"Shelled Parasite and Fungi","floor":24,"turns":6},{"damage":7,"enemies":"conspire:HollyBat","floor":25,"turns":7},{"damage":22,"enemies":"Snecko","floor":28,"turns":7}],"seed_played":"3972662062386180730","potions_obtained":[{"floor":6,"key":"AttackPotion"},{"floor":13,"key":"blueLaboratory:BottledHope"},{"floor":16,"key":"LiquidBronze"},{"floor":24,"key":"FearPotion"},{"floor":25,"key":"PowerPotion"}],"is_trial":false,"path_per_floor":["M","?","M","M","?","E","R","M","T","M","?","R","M","?","R","B",null,"M","M","?","?","T","R","M","M","T","?","M","?"],"character_chosen":"THE_SILENT","items_purchased":[],"campfire_rested":4,"item_purchase_floors":[],"current_hp_per_floor":[60,60,59,52,52,36,57,53,53,46,46,67,67,67,70,48,70,44,16,16,16,16,37,30,23,23,23,1,0,0],"gold":542,"neow_bonus":"RANDOM_EVENT","is_daily":false,"chose_seed":false,"campfire_upgraded":0,"win_rate":0.0,"timestamp":1611175088,"path_taken":["M","?","M","M","?","E","R","M","T","?","?","R","?","?","R","BOSS","M","M","?","?","?","R","M","M","T","?","?","?"],"items_purchased_type":[],"build_version":"2020-12-22","purchased_purges":0,"victory":false,"max_hp_per_floor":[70,70,70,70,70,70,70,70,70,70,70,70,70,70,70,70,70,70,70,70,70,70,70,70,70,70,70,70,70,70],"card_choices":[{"not_picked":["Flechettes","Slice"],"picked":"Quick Slash","floor":1},{"not_picked":["Dagger Throw","Skewer"],"picked":"All Out Attack","floor":3},{"not_picked":["Acrobatics","Tactician"],"picked":"Escape Plan","floor":4},{"not_picked":["Purity+1","Blind+1"],"picked":"Dark Shackles+1","floor":5},{"not_picked":["REME_ShortnessOfBreath+1","Survey Options+1"],"picked":"StuffTheSpire:FreeRealEstate+1","floor":5},{"not_picked":["Finesse+1","Dark Shackles+1"],"picked":"Dramatic Entrance+1","floor":5},{"not_picked":["Sucker Punch","Acrobatics"],"picked":"Endless Agony","floor":6},{"not_picked":["Cloak And Dagger","StuffTheSpire:Incantation"],"picked":"After Image","floor":7},{"not_picked":["StuffTheSpire:Sprint","ReplayTheSpireMod:Exploit Weakness"],"picked":"StuffTheSpire:Injection","floor":8},{"not_picked":["Blur","Dodge and Roll"],"picked":"Backflip","floor":10},{"not_picked":["Cloak And Dagger","Outmaneuver"],"picked":"Poisoned Stab","floor":12},{"not_picked":["StuffTheSpire:Python","Concentrate"],"picked":"StuffTheSpire:BrimstoneBlast","floor":13},{"not_picked":["Quick Slash","Tools of the Trade"],"picked":"PiercingWail","floor":15},{"not_picked":["Venomology","ReplayTheSpireMod:From All Sides"],"picked":"Phantasmal Killer","floor":16},{"not_picked":["Blade Dance","Calculated Gamble","REME_BodyOfCthun"],"picked":"StuffTheSpire:Python+1","floor":18},{"not_picked":["StuffTheSpire:Incursion","Infinite Blades","Secret Technique"],"picked":"Cloak And Dagger","floor":19},{"not_picked":["Dagger Spray+1","StuffTheSpire:Shiver","Forethought"],"picked":"PiercingWail","floor":23},{"not_picked":["Prepared","Draining Mist","Replay:Sssssssssstrike+1"],"picked":"Sucker Punch+1","floor":24},{"not_picked":["StuffTheSpire:BumpUp+1","Bane+1","REME_EyeOfCthun+1"],"picked":"Unload+1","floor":25},{"not_picked":["conspire:DoublingDagger","StuffTheSpire:BumpUp+1","Dagger Spray+1"],"picked":"Swift Strike+1","floor":28}],"player_experience":496783,"relics_obtained":[{"floor":1,"key":"LetterFromLob"},{"floor":6,"key":"Dream Catcher"},{"floor":17,"key":"DemoMod:PoisonVial"},{"floor":17,"key":"Vajra"},{"floor":22,"key":"Molten Egg 2"},{"floor":26,"key":"DemoMod:MemoryAlloy"}],"event_choices":[{"damage_healed":0,"gold_gain":0,"player_choice":"Invest 2","damage_taken":0,"max_hp_gain":0,"max_hp_loss":0,"event_name":"conspire:Investor","floor":2,"gold_loss":0},{"damage_healed":0,"gold_gain":0,"player_choice":"3","damage_taken":0,"max_hp_gain":0,"max_hp_loss":0,"event_name":"betterMatch:BetterMatch","floor":5,"gold_loss":0,"cards_obtained":["betterMatch:ColorlessUncommonCard"]},{"damage_healed":0,"gold_gain":0,"player_choice":"Forge","damage_taken":0,"max_hp_gain":0,"max_hp_loss":0,"event_name":"Accursed Blacksmith","floor":11,"gold_loss":0,"cards_upgraded":["After Image"]},{"cards_removed":["Dramatic Entrance"],"damage_healed":0,"gold_gain":0,"player_choice":"Take \u0026 Give","damage_taken":0,"max_hp_gain":0,"max_hp_loss":0,"event_name":"betterNote:BetterNote","floor":20,"gold_loss":0,"cards_obtained":["REME_WheelOfFate"]}],"is_beta":false,"boss_relics":[{"not_picked":["conspire:RoyalGoblet","Snecko Heart"],"picked":"REME_LowDesire"}],"items_purged_floors":[],"is_endless":false,"potions_floor_spawned":[6,13,16,24,25],"ascension_level":0}}