{"host":"5a3ojr29q3aeapfp","time":1611152953,"event":{"mods":["BaseMod","CapriCore","Colored Powertips","Downfall","GungeonMod","Hermit","Highlight Path","Koishi","Minty Spire (QoL Compilation)","Quick Restart","Remilia£®¿Ÿ√◊¿Ú—«£©","Spicy Shops","StSLib","The Cursed","The Immortal","The Marked","Youmu£®ªÍ∆«—˝√Œ£©","°æ“≈ŒÔø®≈∆°øREMEMod"],"gold_per_floor":[99,112,129,141,161,61,61,61,73,103,120,20,40,190,203,306,306,306,322,332,332,348,14,14,41,59,86,100,12,23,51,66,66,66,66],"floor_reached":33,"language":"ZHS","playtime":4481,"items_purged":["downfall:Haunted"],"score":363,"play_id":"f5e470cf-7354-420a-9f2e-b6e790545ea4","local_time":"20210120222913","is_ascension_mode":true,"campfire_choices":[{"floor":1,"key":"RECALL"},{"data":"REME_EyeOfCthun","floor":6,"key":"SMITH"},{"data":"hexamod:Float","floor":8,"key":"SMITH"},{"data":"hexamod:FastForward","floor":12,"key":"SMITH"},{"data":"hexamod:RadiantFlame","floor":18,"key":"SMITH"}],"circlet_count":0,"master_deck":["hexamod:Strike+1","hexamod:Strike+1","hexamod:Defend","hexamod:Defend","hexamod:Defend","hexamod:Sear+1","hexamod:Float+1","REME_EyeOfCthun+1","hexamod:ShieldOfDarkness","hexamod:HeatShield","hexamod:AdvancingGuard+1","hexamod:BacktrackSmack+1","hexamod:StepThrough","hexamod:FirstSeal","hexamod:FastForward+1","hexamod:Again+1","downfall:Icky","hexamod:RadiantFlame+1","hexamod:FifthSeal","hexamod:SwordOfDarkness","hexamod:SpectersWail+1","hexamod:SixthSeal","hexamod:Again","hexamod:FourthSeal","hexamod:Firestarter+1","hexamod:ThermalTransfer","hexamod:ThirdSeal","hexamod:ExtraCrispy","hexamod:SixthSeal","hexamod:ThirdSeal","hexamod:RetreatToShadows","hexamod:DynamicBlow","hexamod:HexaLevel+1","hexamod:FlamesFromBeyond","hexamod:NightmareStrike+1","hexamod:ThirdSeal","hexamod:SecondSeal","hexamod:GhostOfSpirePast","hexamod:GhostOfSpirePresent","hexamod:SixthSeal","hexamod:WildfireWeapon"],"relics":["hexamod:UnbrokenSoul","REME_ComplimentaryCards","Regal Pillow","downfall:HeartBlessingRed","White Beast Statue","Eternal Feather","downfall:HeartBlessingGreen","DemoMod:BlueGuonStone","Bottled Flame","REME_HourglassOfDeath","Letter Opener","Medical Kit"],"acts_visited":["Exordium","TheCity"],"potions_floor_usage":[10,10,16,16,20,20,20,23,26,27,27,28,28,29,30,31,33],"damage_taken":[{"damage":4,"enemies":"2 Louse","floor":2,"turns":2},{"damage":5,"enemies":"Small Slimes","floor":3,"turns":2},{"damage":0,"enemies":"Cultist","floor":4,"turns":3},{"damage":4,"enemies":"3 Louse","floor":5,"turns":3},{"damage":0,"enemies":"Large Slime","floor":9,"turns":5},{"damage":2,"enemies":"Lagavulin","floor":10,"turns":3},{"damage":1,"enemies":"Blue Slaver","floor":11,"turns":2},{"damage":2,"enemies":"Red Slaver","floor":13,"turns":2},{"damage":0,"enemies":"Exordium Thugs","floor":15,"turns":2},{"damage":53,"enemies":"WA_ARCHETYPE_RETAIN","floor":16,"turns":7},{"damage":0,"enemies":"Chosen","floor":19,"turns":4},{"damage":26,"enemies":"Shelled Parasite and Fungi","floor":20,"turns":4},{"damage":6,"enemies":"Snake Plant","floor":22,"turns":3},{"damage":1,"enemies":"downfall:FleeingMerchant","floor":23,"turns":4},{"damage":12,"enemies":"Book of Stabbing","floor":25,"turns":6},{"damage":12,"enemies":"Snecko","floor":26,"turns":4},{"damage":25,"enemies":"Gremlin Leader","floor":27,"turns":4},{"damage":0,"enemies":"3 Cultists","floor":28,"turns":4},{"damage":6,"enemies":"downfall:FleeingMerchant","floor":29,"turns":4},{"damage":8,"enemies":"Cultist and Chosen","floor":30,"turns":4},{"damage":5,"enemies":"Centurion and Healer","floor":31,"turns":4},{"damage":10,"enemies":"Shelled Parasite and Fungi","floor":32,"turns":5},{"damage":72,"enemies":"IC_MUSHROOM_ARCHETYPE","floor":33,"turns":8}],"seed_played":"4742196943481233903","potions_obtained":[{"floor":3,"key":"FairyPotion"},{"floor":5,"key":"DistilledChaos"},{"floor":9,"key":"BlessingOfTheForge"},{"floor":10,"key":"champ:CounterPotion"},{"floor":11,"key":"PowerPotion"},{"floor":15,"key":"Fire Potion"},{"floor":16,"key":"AttackPotion"},{"floor":19,"key":"Fire Potion"},{"floor":20,"key":"REME_GoldPotion"},{"floor":22,"key":"DistilledChaos"},{"floor":23,"key":"Fire Potion"},{"floor":25,"key":"Regen Potion"},{"floor":26,"key":"DuplicationPotion"},{"floor":27,"key":"Fire Potion"},{"floor":27,"key":"SneckoOil"},{"floor":28,"key":"FairyPotion"},{"floor":28,"key":"GamblersBrew"},{"floor":29,"key":"PowerPotion"},{"floor":30,"key":"EssenceOfSteel"},{"floor":30,"key":"Block Potion"},{"floor":31,"key":"Fire Potion"}],"is_trial":false,"path_per_floor":["R","M","M","M","M","R","T","R","M","E","M","R","M","?","M","B",null,"R","M","M","?","M","$","T","E","M","E","M","$","M","M","M","B"],"character_chosen":"THE_SPIRIT","items_purchased":["DemoMod:BlueGuonStone","Medical Kit"],"campfire_rested":0,"item_purchase_floors":[23,29],"current_hp_per_floor":[70,66,61,61,57,57,57,57,57,55,61,70,70,70,70,24,70,70,70,51,51,45,51,51,46,46,21,28,29,28,30,20,0,0,0],"gold":66,"neow_bonus":"RANDOM_COMMON_RELIC","is_daily":false,"chose_seed":false,"campfire_upgraded":4,"win_rate":0.0,"timestamp":1611152953,"path_taken":["R","M","M","M","M","R","T","R","M","E","M","R","M","?","M","BOSS","R","M","M","?","M","$","T","E","M","E","M","$","M","?","M","BOSS"],"items_purchased_type":["Relic","Relic"],"build_version":"2020-12-22","purchased_purges":1,"victory":false,"max_hp_per_floor":[70,70,70,70,70,70,70,70,70,70,70,70,70,70,70,70,70,70,70,70,70,70,70,70,70,70,70,70,70,70,70,70,70,70,70],"card_choices":[{"not_picked":["hexamod:Firestarter","hexamod:GhostLash"],"picked":"hexamod:ShieldOfDarkness","floor":2},{"not_picked":["hexamod:ShieldOfDarkness","hexamod:GhostLash"],"picked":"hexamod:HeatShield","floor":3},{"not_picked":["hexamod:NecessarySacrifice","hexamod:SoulSteal"],"picked":"hexamod:AdvancingGuard","floor":4},{"not_picked":["hexamod:PowerFromBeyond","hexamod:SwordOfDarkness"],"picked":"hexamod:BacktrackSmack","floor":5},{"not_picked":["hexamod:RetreatToShadows","hexamod:GhostLash"],"picked":"hexamod:StepThrough","floor":9},{"not_picked":["hexamod:PowerFromBeyond","hexamod:NecessarySacrifice"],"picked":"hexamod:FirstSeal","floor":10},{"not_picked":["hexamod:NightmareGuise","hexamod:GhostLash"],"picked":"hexamod:FastForward","floor":11},{"not_picked":["hexamod:NightmareGuise","hexamod:AdvancingGuard"],"picked":"hexamod:Again","floor":13},{"not_picked":["hexamod:HauntingEcho","hexamod:GhostShield"],"picked":"hexamod:RadiantFlame","floor":15},{"not_picked":["hexamod:ParanormalForm","hexamod:VolcanoVisage"],"picked":"hexamod:FifthSeal","floor":16},{"not_picked":["hexamod:InspiringFlames","hexamod:HauntingEcho+1"],"picked":"hexamod:SwordOfDarkness","floor":19},{"not_picked":["hexamod:EtherealExpedition","hexamod:Incineration"],"picked":"hexamod:SpectersWail+1","floor":20},{"not_picked":["hexamod:FourthSeal","hexamod:SecondSeal"],"picked":"hexamod:SixthSeal","floor":22},{"not_picked":["hexamod:PhantomCloak","hexamod:AdvancingGuard"],"picked":"hexamod:Again","floor":22},{"not_picked":["hexamod:SixthSeal","hexamod:FirstSeal"],"picked":"hexamod:FourthSeal","floor":23},{"not_picked":["hexamod:BurningTouch","hexamod:HeatCrush"],"picked":"hexamod:Firestarter+1","floor":23},{"not_picked":["hexamod:BacktrackSmack","hexamod:AdvancingGuard"],"picked":"hexamod:ThermalTransfer","floor":25},{"not_picked":["hexamod:FourthSeal","hexamod:FirstSeal"],"picked":"hexamod:ThirdSeal","floor":25},{"not_picked":["hexamod:ChargedBarrage","hexamod:StepThrough"],"picked":"hexamod:ExtraCrispy","floor":26},{"not_picked":["hexamod:FirstSeal","hexamod:ThirdSeal"],"picked":"hexamod:SixthSeal","floor":26},{"not_picked":["hexamod:SpectersWail","hexamod:GhostLash"],"picked":"hexamod:ThirdSeal","floor":26},{"not_picked":["hexamod:InspiringFlames","hexamod:PowerFromBeyond+1"],"picked":"hexamod:RetreatToShadows","floor":27},{"not_picked":["hexamod:RainOfEmbers+1","hexamod:RadiantFlame"],"picked":"hexamod:DynamicBlow","floor":27},{"not_picked":["hexamod:AdvancingGuard+1","hexamod:TimeOfNeed"],"picked":"hexamod:HexaLevel","floor":27},{"not_picked":["hexamod:BurningTouch","hexamod:Incineration+1"],"picked":"hexamod:FlamesFromBeyond","floor":28},{"not_picked":["hexamod:FastForward","hexamod:GhostflameBarrier+1"],"picked":"hexamod:NightmareStrike+1","floor":28},{"not_picked":["hexamod:RadiantFlame","hexamod:Incineration"],"picked":"hexamod:ThirdSeal","floor":29},{"not_picked":["hexamod:HeatMetal","hexamod:Hexaguard+1"],"picked":"hexamod:SecondSeal","floor":30},{"not_picked":["hexamod:SwordOfDarkness","hexamod:HauntingEcho"],"picked":"hexamod:GhostOfSpirePast","floor":30},{"not_picked":["hexamod:SwordOfDarkness","hexamod:SpectersWail"],"picked":"hexamod:GhostOfSpirePresent","floor":31},{"not_picked":["hexamod:ThirdSeal","hexamod:SecondSeal"],"picked":"hexamod:SixthSeal","floor":32},{"not_picked":["hexamod:SpectersWail","hexamod:Firestarter"],"picked":"hexamod:WildfireWeapon","floor":32}],"player_experience":154944,"relics_obtained":[{"floor":7,"key":"White Beast Statue"},{"floor":10,"key":"Eternal Feather"},{"floor":24,"key":"Bottled Flame"},{"floor":25,"key":"REME_HourglassOfDeath"},{"floor":27,"key":"Letter Opener"}],"event_choices":[],"is_beta":false,"boss_relics":[{"not_picked":["Tiny House","Runic Dome"],"picked":"hexamod:UnbrokenSoul"}],"items_purged_floors":[23],"is_endless":false,"potions_floor_spawned":[3,5,9,10,11,13,15,16,19,20,22,23,25,26,27,28,29,30,31,32],"killed_by":"IC_MUSHROOM_ARCHETYPE","ascension_level":1}}