{"host":"0qlrtuw7bw78ucw4","time":1611146504,"event":{"mods":["BaseMod","Downfall","Minty Spire (QoL Compilation)","StSLib"],"gold_per_floor":[99,111,211,211,211,211,263,363,401,248,248,292,313,57,71,182,182,182,202,230,249,278,147,147,147,166,199,226,61,61,246,262,367,367,367,389,389,409,426,439,439,239,275,284,384,414,314,333,344,344,344,373,90,90,90,90,90,90],"floor_reached":56,"language":"ENG","playtime":4477,"items_purged":["Slimebound:Strike_Slimebound","Slimebound:Strike_Slimebound","Slimebound:Tackle","Slimebound:Defend_Slimebound","Slimebound:Defend_Slimebound","Slimebound:Split"],"score":1270,"play_id":"6aeded48-6492-4831-8838-532614d9b981","local_time":"20210120234144","is_ascension_mode":true,"campfire_choices":[{"data":"Slimebound:CheckThePlaybook","floor":1.0,"key":"SMITH"},{"data":"Slimebound:RollThrough","floor":6.0,"key":"SMITH"},{"data":"Slimebound:Grow","floor":11.0,"key":"SMITH"},{"data":"Slimebound:DuplicatedForm","floor":18.0,"key":"SMITH"},{"data":"Slimebound:RollThrough","floor":25.0,"key":"SMITH"},{"data":"Slimebound:SplitSpecialist","floor":30.0,"key":"SMITH"},{"floor":35.0,"key":"RECALL"},{"data":"Slimebound:Prepare","floor":42.0,"key":"SMITH"},{"data":"Slimebound:SplitSpecialist","floor":47.0,"key":"SMITH"},{"data":"Slimebound:CorrosiveSpit","floor":54,"key":"SMITH"}],"circlet_count":0,"master_deck":["AscendersBane","Slimebound:Defend_Slimebound","Slimebound:Defend_Slimebound","Slimebound:CorrosiveSpit+1","Slimebound:CheckThePlaybook+1","Slimebound:RollThrough+1","Slimebound:OozeBath","Slimebound:Recollect","Slimebound:Grow+1","Slimebound:RollThrough+1","Slimebound:GoopSpray","Slimebound:Gluttony","Slimebound:DuplicatedForm+1","Slimebound:Prepare+1","Slimebound:SplitSpecialist+1","Slimebound:SamplingLick+1","Slimebound:BestDefense","Slimebound:SlimeSpikes","Slimebound:LivingWall","Slimebound:HauntingLick+1","Slimebound:SplitSpecialist+1","Slimebound:GoopSpray+1","expansioncontent:Chronoboost"],"relics":["Slimebound:AbsorbEndCombatUpgraded","CeramicFish","Akabeko","Torii","PreservedInsect","Coffee Dripper","Happy Flower","Juzu Bracelet","downfall:HeartBlessingRed","downfall:HeartBlessingBlue","Anchor","White Beast Statue","Pear","downfall:HeartBlessingGreen","HornCleat"],"acts_visited":["Exordium","TheCity","TheBeyond","TheEnding"],"potions_floor_usage":[52,56],"damage_taken":[{"damage":5.0,"enemies":"Jaw Worm","floor":2.0,"turns":3.0},{"damage":7.0,"enemies":"Gremlin Nob","floor":9.0,"turns":3.0},{"damage":0.0,"enemies":"downfall:FleeingMerchant","floor":10.0,"turns":4.0},{"damage":13.0,"enemies":"3 Sentries","floor":12.0,"turns":5.0},{"damage":7.0,"enemies":"Small Slimes","floor":13.0,"turns":1.0},{"damage":4.0,"enemies":"downfall:FleeingMerchant","floor":14.0,"turns":4.0},{"damage":1.0,"enemies":"2 Louse","floor":15.0,"turns":2.0},{"damage":24.0,"enemies":"WA_ARCHETYPE_RETAIN","floor":16.0,"turns":6.0},{"damage":6.0,"enemies":"Spheric Guardian","floor":19.0,"turns":4.0},{"damage":29.0,"enemies":"Cultist and Chosen","floor":20.0,"turns":5.0},{"damage":16.0,"enemies":"Snecko","floor":21.0,"turns":4.0},{"damage":6.0,"enemies":"3 Cultists","floor":22.0,"turns":4.0},{"damage":21.0,"enemies":"downfall:FleeingMerchant","floor":23.0,"turns":4.0},{"damage":16.0,"enemies":"Cultist and Chosen","floor":26.0,"turns":5.0},{"damage":9.0,"enemies":"Slavers","floor":27.0,"turns":3.0},{"damage":22.0,"enemies":"Shelled Parasite and Fungi","floor":28.0,"turns":4.0},{"damage":0.0,"enemies":"downfall:FleeingMerchant","floor":29.0,"turns":4.0},{"damage":0.0,"enemies":"downfall:FleeingMerchant","floor":31.0,"turns":2.0},{"damage":25.0,"enemies":"3 Cultists","floor":32.0,"turns":5.0},{"damage":23.0,"enemies":"IC_MUSHROOM_ARCHETYPE","floor":33.0,"turns":5.0},{"damage":16.0,"enemies":"3 Shapes","floor":36.0,"turns":7.0},{"damage":17.0,"enemies":"3 Darklings","floor":38.0,"turns":3.0},{"damage":35.0,"enemies":"Writhing Mass","floor":39.0,"turns":5.0},{"damage":33.0,"enemies":"Sphere and 2 Shapes","floor":40.0,"turns":4.0},{"damage":18.0,"enemies":"Reptomancer","floor":43.0,"turns":4.0},{"damage":25.0,"enemies":"Reptomancer","floor":44.0,"turns":4.0},{"damage":15.0,"enemies":"downfall:LadyInBlue","floor":45.0,"turns":4.0},{"damage":15.0,"enemies":"Giant Head","floor":46.0,"turns":6.0},{"damage":7.0,"enemies":"Jaw Worm Horde","floor":48.0,"turns":4.0},{"damage":0.0,"enemies":"Spire Growth","floor":49.0,"turns":3.0},{"damage":29.0,"enemies":"SI_POISON_ARCHETYPE","floor":50.0,"turns":11.0},{"damage":40,"enemies":"downfall:CharBossMerchant","floor":52,"turns":6},{"damage":16,"enemies":"downfall:NeowBoss","floor":55,"turns":15},{"damage":104,"enemies":"downfall:NeowBossFinal","floor":56,"turns":11}],"seed_played":"-4158997723747476153","potions_obtained":[{"floor":13.0,"key":"Guardian:BlockOnCardUsePotion"},{"floor":15.0,"key":"Guardian:BlockOnCardUsePotion"},{"floor":27.0,"key":"champ:CounterPotion"},{"floor":28.0,"key":"BlessingOfTheForge"},{"floor":32.0,"key":"SkillPotion"},{"floor":37.0,"key":"PowerPotion"},{"floor":45.0,"key":"DistilledChaos"},{"floor":52,"key":"EssenceOfSteel"}],"is_trial":false,"path_per_floor":["R","M","?","?","?","R","T","?","E","$","R","E","M","$","M","B",null,"R","M","M","M","M","$","T","R","M","E","M","$","R","$","M","B",null,"R","M","?","M","M","M","T","R","E","?","?","E","R","M","M","B",null,"E","$","R","B","B"],"character_chosen":"SLIMEBOUND","items_purchased":["Slimebound:Grow","PreservedInsect","expansioncontent:Chronoboost"],"campfire_rested":0,"item_purchase_floors":[10,14,53],"current_hp_per_floor":[59,58,58,58,63,63,63,63,58,62,62,53,46,46,47,31,60,60,56,50,55,57,59,59,59,62,61,47,51,51,57,55,55,66,66,70,70,70,56,53,53,63,75,70,76,90,90,84,90,88,90,65,65,65,79,0,0,0],"gold":90,"neow_bonus":"ONE_RANDOM_RARE_CARD","is_daily":false,"chose_seed":false,"campfire_upgraded":9,"win_rate":0.0,"timestamp":1611146504,"path_taken":["R","M","?","?","?","R","T","?","E","$","R","E","?","?","M","BOSS","R","M","?","M","?","$","T","R","M","E","M","$","R","?","M","BOSS","R","M","?","M","M","M","T","R","E","?","?","E","R","M","M","BOSS","E","$","R","BOSS","BOSS"],"items_purchased_type":["Card","Relic","Card"],"build_version":"2020-12-22","purchased_purges":6,"victory":false,"max_hp_per_floor":[65,65,65,65,70,70,70,70,70,70,70,70,70,70,70,70,70,70,70,70,70,70,70,70,70,70,70,70,70,70,70,70,70,70,70,70,70,70,70,70,70,80,80,80,80,90,90,90,90,90,90,90,90,90,90,90,90,90],"card_choices":[{"not_picked":["Slimebound:SplitBruiser","Slimebound:GrowthPunch"],"picked":"Slimebound:RollThrough","floor":2.0},{"not_picked":["Slimebound:PressTheAttack","Slimebound:Recycling"],"picked":"Slimebound:OozeBath","floor":9.0},{"not_picked":["Slimebound:ItLooksTasty","Slimebound:Repurpose"],"picked":"Slimebound:Recollect","floor":10.0},{"not_picked":["Slimebound:SplitBruiser","Slimebound:ItLooksTasty"],"picked":"Slimebound:RollThrough","floor":12.0},{"not_picked":["Slimebound:LeadByExample","Slimebound:SamplingLick"],"picked":"Slimebound:GoopSpray","floor":13.0},{"not_picked":["Slimebound:SplitBruiser","Slimebound:Prepare"],"picked":"Slimebound:Gluttony","floor":14.0},{"not_picked":["Slimebound:DisruptingSlam","Slimebound:LeechEnergy","Slimebound:Schlurp"],"picked":"SKIP","floor":15.0},{"not_picked":["Slimebound:MassRepurpose","Slimebound:Recycling"],"picked":"Slimebound:DuplicatedForm","floor":16.0},{"not_picked":["Slimebound:MegaLick","Slimebound:GoopTackle"],"picked":"Slimebound:Prepare","floor":19.0},{"not_picked":["Slimebound:Prepare","Slimebound:SplitAcid"],"picked":"Slimebound:SplitSpecialist","floor":20.0},{"not_picked":["Slimebound:Overexert","Slimebound:SplitMire","Slimebound:DivideAndConquer+1"],"picked":"SKIP","floor":21.0},{"not_picked":["Slimebound:SplitLeeching","Slimebound:GrowthPunch"],"picked":"Slimebound:SamplingLick+1","floor":22.0},{"not_picked":["Slimebound:LivingWall","Slimebound:FormOfPuddle"],"picked":"Slimebound:BestDefense","floor":23.0},{"not_picked":["Slimebound:PressTheAttack","Slimebound:SplitMire"],"picked":"Slimebound:SlimeSpikes","floor":26.0},{"not_picked":["Slimebound:SplitBruiser","Slimebound:LeechEnergy","Slimebound:HauntingLick"],"picked":"SKIP","floor":27.0},{"not_picked":["Slimebound:SlimeSlap","Slimebound:ComboTackle"],"picked":"Slimebound:LivingWall","floor":28.0},{"not_picked":["Slimebound:HungryTackle","Slimebound:SlimeSpikes+1","Slimebound:ViciousTackle"],"picked":"SKIP","floor":29.0},{"not_picked":["Slimebound:ItLooksTasty","Slimebound:RollThrough+1","Slimebound:RainOfGoop"],"picked":"SKIP","floor":31.0},{"not_picked":["Slimebound:ServeAndProtect","Slimebound:Schlurp+1","Slimebound:SamplingLick"],"picked":"SKIP","floor":32.0},{"not_picked":["Slimebound:Equalize","Slimebound:SplitLeeching"],"picked":"Slimebound:HauntingLick+1","floor":36.0},{"not_picked":["Slimebound:Prepare","Slimebound:SlimeSpikes+1","Slimebound:ItLooksTasty+1"],"picked":"SKIP","floor":38.0},{"not_picked":["Slimebound:MegaLick","Slimebound:SplitAcid","Slimebound:ProtectTheBoss"],"picked":"SKIP","floor":39.0},{"not_picked":["Slimebound:FinishingTackle","Slimebound:ItLooksTasty","Slimebound:SlimeSpikes+1"],"picked":"SKIP","floor":40.0},{"not_picked":["Slimebound:Repurpose","Slimebound:SplitSpecialist","Slimebound:PressTheAttack"],"picked":"SKIP","floor":43.0},{"not_picked":["Slimebound:Repurpose","Slimebound:PressTheAttack"],"picked":"Slimebound:SplitSpecialist","floor":43.0},{"not_picked":["Slimebound:LivingWall+1","Slimebound:Nibble"],"picked":"Slimebound:GoopSpray+1","floor":44.0},{"not_picked":["Slimebound:SplitLeeching","Slimebound:Gluttony","Slimebound:HungryTackle+1"],"picked":"SKIP","floor":46.0},{"not_picked":["Slimebound:Darklings","Slimebound:Equalize","Slimebound:Dissolve+1"],"picked":"SKIP","floor":48.0},{"not_picked":["Slimebound:ItLooksTasty","Slimebound:Prepare","Slimebound:Schlurp+1"],"picked":"SKIP","floor":49.0},{"not_picked":["Slimebound:CheckThePlaybook","Slimebound:DisruptingSlam","Slimebound:RollThrough+1"],"picked":"SKIP","floor":52}],"player_experience":901763,"relics_obtained":[{"floor":7.0,"key":"CeramicFish"},{"floor":9.0,"key":"Akabeko"},{"floor":12.0,"key":"Torii"},{"floor":24.0,"key":"Happy Flower"},{"floor":27.0,"key":"Juzu Bracelet"},{"floor":43.0,"key":"Anchor"},{"floor":45.0,"key":"White Beast Statue"},{"floor":46.0,"key":"Pear"},{"floor":52,"key":"HornCleat"}],"event_choices":[{"cards_removed":["Slimebound:Strike_Slimebound"],"damage_healed":0.0,"max_hp_gain":0.0,"max_hp_loss":0.0,"gold_gain":0.0,"event_name":"The Cleric","player_choice":"Card Removal","floor":4.0,"gold_loss":0.0,"damage_taken":0.0},{"damage_healed":0.0,"max_hp_gain":5.0,"max_hp_loss":0.0,"gold_gain":0.0,"event_name":"Big Fish","player_choice":"Donut","floor":5.0,"gold_loss":0.0,"damage_taken":0.0},{"damage_healed":0.0,"max_hp_gain":0.0,"max_hp_loss":0.0,"gold_gain":0.0,"event_name":"Lab","player_choice":"Got Potions","floor":37.0,"gold_loss":0.0,"damage_taken":0.0}],"is_beta":false,"boss_relics":[{"not_picked":["Pandora\u0027s Box","bronze:MakeshiftBattery"],"picked":"Coffee Dripper"},{"not_picked":["Tiny House","Velvet Choker"],"picked":"Slimebound:AbsorbEndCombatUpgraded"}],"items_purged_floors":[10,14,23,29,31,53],"is_endless":false,"potions_floor_spawned":[13,15,16,19,22,27,28,32,38,40,44,45,46,48,49,52],"killed_by":"downfall:NeowBossFinal","ascension_level":11}}