{"host":"y89x8uui45kcjy42","time":1611101942,"event":{"mods":["2.2 Compatiblity","BaseMod","CapriCore","Colored Map","Colored Powertips","Custom Start","Friendly Minions","Keyboard Shortcuts","Minty Spire (QoL Compilation)","Relic Stats","Replay The Spire","Slay the Relics Exporter","StSLib","SuperFastMode","Uncapped"],"gold_per_floor":[119,168,168,409,426,461,461,496,496,496,807,862,22,22,22,120,120,150,150,203,1024,1024,1024,1063,1063,1110,1230,1265,1231,1231],"floor_reached":29,"language":"KOR","playtime":1039,"items_purged":["Strike_G","Defend_G","Strike_G"],"score":717,"play_id":"357bd98e-a124-4a6a-a0e6-64a324504b09","local_time":"20210120091902","is_ascension_mode":true,"campfire_choices":[{"data":"Well Laid Plans","floor":10,"key":"SMITH"},{"data":"Survivor","floor":15,"key":"SMITH"},{"data":"After Image","floor":23,"key":"SMITH"},{"floor":25,"key":"REST"}],"circlet_count":0,"master_deck":["Strike_G","Defend_G+1","Survivor+1","Neutralize+1","Well Laid Plans+1","Replay:Poison Smokescreen+1","Toxin Wave+1","Replay:Bootleg Shield Generator+1","Escape Plan+1","ReplayTheSpireMod:The Works+1","After Image+1","PiercingWail+1","Choke+1","Endless Agony+1"],"relics":["Replay:PocketPolymizer","Happy Flower","Sizzling Blood","BargainBundle","Quantum Egg","Toxic Egg 2","Paper Crane","Snake Skull","Lizard Tail","Bloody Idol","Replay:Bandana","Replay:Baseball","Lantern","HandDrill","Juzu Bracelet","Regal Pillow","Molten Egg 2","Chemical X","InkBottle","WingedGreaves","HoveringKite","Omamori","White Beast Statue","ReplayTheSpireMod:CursedCoin","FossilizedHelix","Chameleon Ring","Tough Bandages","Replay:Bottled Flurry","Frozen Egg 2"],"acts_visited":["Exordium","TheCity"],"potions_floor_usage":[6,16,24,28],"damage_taken":[{"damage":11,"enemies":"Cultist","floor":1,"turns":4},{"damage":17,"enemies":"Small Slimes","floor":5,"turns":3},{"damage":31,"enemies":"3 Sentries","floor":6,"turns":7},{"damage":21,"enemies":"Lagavulin","floor":8,"turns":5},{"damage":67,"enemies":"Gremlin Nob","floor":12,"turns":5},{"damage":4,"enemies":"Fading Forest","floor":16,"turns":13},{"damage":5,"enemies":"3 Byrds","floor":18,"turns":4},{"damage":0,"enemies":"Gremlin Leader","floor":24,"turns":6},{"damage":0,"enemies":"Colosseum Slavers","floor":27,"turns":4},{"damage":0,"enemies":"Colosseum Nobs","floor":27,"turns":6},{"damage":8,"enemies":"Slavers","floor":28,"turns":6},{"damage":0,"enemies":"2 Thieves","floor":29,"turns":2}],"seed_played":"-1197884422796766208","potions_obtained":[{"floor":5,"key":"Explosive Potion"},{"floor":12,"key":"Explosive Potion"},{"floor":16,"key":"Elixir"},{"floor":20,"key":"GhostInAJar"},{"floor":24,"key":"SpeedPotion"},{"floor":28,"key":"Toxic Potion"}],"is_trial":false,"path_per_floor":["M","T","?","$","M","E","?","E","T","R","$","E","$","?","R","B",null,"M","?","?","$","?","R","E","R","T","?","E","M"],"character_chosen":"THE_SILENT","items_purchased":["BargainBundle","Quantum Egg","Toxic Egg 2","Replay:Poison Smokescreen+1","Toxin Wave+1","Lantern","Replay:Bootleg Shield Generator+1","HandDrill","Juzu Bracelet","Molten Egg 2","Chemical X","InkBottle","ReplayTheSpireMod:CursedCoin","FossilizedHelix"],"campfire_rested":1,"item_purchase_floors":[4,4,4,4,4,11,11,11,11,13,13,13,21,21],"current_hp_per_floor":[33,33,37,37,24,49,25,70,70,70,70,7,7,35,35,35,61,60,60,65,70,70,70,70,70,70,70,70,70,70],"gold":1231,"neow_bonus":"ONE_RARE_RELIC","is_daily":false,"chose_seed":false,"campfire_upgraded":3,"win_rate":0.0,"timestamp":1611101942,"path_taken":["M","?","?","$","M","E","?","E","T","R","?","E","$","?","R","BOSS","M","?","?","$","?","R","E","R","T","?","E","M"],"items_purchased_type":["Relic","Relic","Relic","Card","Card","Relic","Card","Relic","Relic","Relic","Relic","Relic","Relic","Relic"],"build_version":"2020-12-22","purchased_purges":3,"victory":false,"max_hp_per_floor":[66,66,70,70,70,70,70,70,70,70,70,70,70,70,70,70,70,70,70,70,70,70,70,70,70,70,70,70,70,70],"relic_stats":{"Regal Pillow":0,"Happy Flower":[20],"counters":[12,65],"HoveringKite":[2],"Snake Skull":[45],"Juzu Bracelet":1,"Lizard Tail":35,"Tough Bandages":[3],"Bloody Idol":38,"HandDrill":[0],"Chemical X":[1],"obtain_stats":[{"Lantern":11,"Regal Pillow":12,"Replay:PocketPolymizer":0,"HoveringKite":17,"Snake Skull":5,"Sizzling Blood":3,"Juzu Bracelet":11,"Lizard Tail":6,"Replay:Bandana":8,"Tough Bandages":27,"Chameleon Ring":24,"WingedGreaves":7,"HandDrill":11,"Replay:Bottled Flurry":27,"Chemical X":13,"Toxic Egg 2":4,"InkBottle":13,"Ring of the Snake":0,"BargainBundle":4,"Happy Flower":2,"Golden Idol":7,"ReplayTheSpireMod:CursedCoin":21,"Quantum Egg":4,"Omamori":20,"Paper Crane":5,"Frozen Egg 2":28,"White Beast Statue":20,"Replay:Baseball":9,"Bloody Idol":19,"Molten Egg 2":13,"FossilizedHelix":21},{"Lantern":4,"Regal Pillow":5,"Replay:PocketPolymizer":0,"HoveringKite":6,"Snake Skull":2,"Sizzling Blood":1,"Juzu Bracelet":4,"Lizard Tail":3,"Replay:Bandana":4,"Tough Bandages":10,"Chameleon Ring":8,"WingedGreaves":3,"HandDrill":4,"Replay:Bottled Flurry":10,"Chemical X":5,"Toxic Egg 2":1,"InkBottle":5,"Ring of the Snake":0,"BargainBundle":1,"Happy Flower":1,"Golden Idol":3,"ReplayTheSpireMod:CursedCoin":7,"Quantum Egg":1,"Omamori":7,"Paper Crane":2,"Frozen Egg 2":11,"White Beast Statue":7,"Replay:Baseball":4,"Bloody Idol":7,"Molten Egg 2":5,"FossilizedHelix":7},{"Lantern":19,"Regal Pillow":24,"Replay:PocketPolymizer":0,"HoveringKite":37,"Snake Skull":7,"Sizzling Blood":4,"Juzu Bracelet":19,"Lizard Tail":14,"Replay:Bandana":19,"Tough Bandages":57,"Chameleon Ring":47,"WingedGreaves":14,"HandDrill":19,"Replay:Bottled Flurry":57,"Chemical X":24,"Toxic Egg 2":4,"InkBottle":24,"Ring of the Snake":0,"BargainBundle":4,"Happy Flower":4,"Golden Idol":14,"ReplayTheSpireMod:CursedCoin":41,"Quantum Egg":4,"Omamori":41,"Paper Crane":5,"Frozen Egg 2":63,"White Beast Statue":41,"Replay:Baseball":19,"Bloody Idol":41,"Molten Egg 2":24,"FossilizedHelix":41}],"InkBottle":[18]},"card_choices":[{"not_picked":["Blade Dance","Bane"],"picked":"Well Laid Plans","floor":1},{"not_picked":["Replay:Poison Smokescreen+1","Dodge and Roll+1","Dagger Spray"],"picked":"SKIP","floor":5},{"not_picked":["Finisher","Backstab","Hidden Blade+1"],"picked":"SKIP","floor":6},{"not_picked":["Poisoned Stab","Sucker Punch","Deadly Poison+1"],"picked":"SKIP","floor":8},{"not_picked":["Poisoned Stab","Hidden Blade+1"],"picked":"Escape Plan+1","floor":12},{"not_picked":["Venomology+1","Envenom"],"picked":"After Image","floor":16},{"not_picked":["Cloak And Dagger+1","Quick Slash+1","Dagger Spray+1"],"picked":"SKIP","floor":18},{"not_picked":["Blade Dance+1","Bane+1"],"picked":"PiercingWail+1","floor":20},{"not_picked":["Wraith Form v2","Expertise+1","Outmaneuver+1"],"picked":"SKIP","floor":24},{"not_picked":["Well Laid Plans+1","Corpse Explosion+1","Sucker Punch+1"],"picked":"SKIP","floor":28}],"player_experience":633446,"relics_obtained":[{"floor":2,"key":"Happy Flower"},{"floor":6,"key":"Lizard Tail"},{"floor":8,"key":"Replay:Bandana"},{"floor":9,"key":"Replay:Baseball"},{"floor":12,"key":"Regal Pillow"},{"floor":20,"key":"White Beast Statue"},{"floor":24,"key":"Chameleon Ring"},{"floor":27,"key":"Tough Bandages"},{"floor":27,"key":"Replay:Bottled Flurry"},{"floor":28,"key":"Frozen Egg 2"}],"event_choices":[{"damage_healed":0,"gold_gain":0,"player_choice":"Take Damage","damage_taken":24,"relics_obtained":["Golden Idol"],"max_hp_gain":0,"max_hp_loss":0,"event_name":"Golden Idol","floor":7,"gold_loss":0},{"damage_healed":0,"gold_gain":0,"player_choice":"Entered Light","damage_taken":21,"max_hp_gain":0,"max_hp_loss":0,"event_name":"Shining Light","floor":14,"gold_loss":0,"cards_upgraded":["Defend_G","Neutralize"]},{"damage_healed":0,"gold_gain":0,"player_choice":"Gave Idol","damage_taken":0,"relics_obtained":["Bloody Idol"],"max_hp_gain":0,"max_hp_loss":0,"event_name":"Forgotten Altar","floor":19,"relics_lost":["Golden Idol"],"gold_loss":0},{"damage_healed":0,"gold_gain":0,"player_choice":"Ignored","damage_taken":0,"max_hp_gain":0,"max_hp_loss":0,"event_name":"Ghosts","floor":22,"gold_loss":0},{"damage_healed":0,"gold_gain":0,"player_choice":"Fight","damage_taken":0,"max_hp_gain":0,"max_hp_loss":0,"event_name":"Colosseum","floor":27,"gold_loss":0},{"damage_healed":0,"gold_gain":0,"player_choice":"Fought Nobs","damage_taken":0,"max_hp_gain":0,"max_hp_loss":0,"event_name":"Colosseum","floor":27,"gold_loss":0}],"is_beta":false,"boss_relics":[{"not_picked":["Snecko Eye","Painkiller Herb"],"picked":"HoveringKite"}],"items_purged_floors":[4,11,13],"is_endless":false,"potions_floor_spawned":[5,12,16,24,27,27,28],"killed_by":"2 Thieves","ascension_level":20}}