{"host":"j4g6ia6asvpyu2b0","time":1611182037,"event":{"mods":["BaseMod","Colored Map","Minty Spire (QoL Compilation)","Permanent Neow","Quick Restart","Relic Stats","StSLib","Unceasing Turn Reminder"],"gold_per_floor":[111,123,135,310,310,340,340,354,354,354,365,394,413,426,426,426,426],"floor_reached":16,"language":"ENG","playtime":381,"items_purged":[],"score":188,"play_id":"ef75b68f-2b47-4074-b8f4-07a5257399e0","local_time":"20210120153357","is_ascension_mode":true,"campfire_choices":[{"data":"Finisher","floor":7.0,"key":"SMITH"},{"data":"Blade Dance","floor":15,"key":"SMITH"}],"circlet_count":0,"master_deck":["AscendersBane","Strike_G","Strike_G","Strike_G+1","Defend_G","Defend_G","Defend_G","Defend_G","Defend_G","Survivor","Neutralize+1","Finisher+1","Sucker Punch","Dagger Spray","Dagger Throw","All Out Attack","Dash","Dagger Spray","Flying Knee","Blur","Blade Dance+1","Calculated Gamble"],"relics":["Ring of the Snake","White Beast Statue","Kunai","StrikeDummy"],"acts_visited":["Exordium"],"potions_floor_usage":[16],"damage_taken":[{"damage":0.0,"enemies":"Jaw Worm","floor":1.0,"turns":5.0},{"damage":0.0,"enemies":"2 Louse","floor":2.0,"turns":1.0},{"damage":0.0,"enemies":"Small Slimes","floor":3.0,"turns":3.0},{"damage":24.0,"enemies":"Gremlin Nob","floor":6.0,"turns":5.0},{"damage":1.0,"enemies":"Looter","floor":8.0,"turns":2.0},{"damage":0.0,"enemies":"Red Slaver","floor":11.0,"turns":3.0},{"damage":10,"enemies":"3 Sentries","floor":12,"turns":4},{"damage":6,"enemies":"3 Louse","floor":13,"turns":2},{"damage":0,"enemies":"2 Fungi Beasts","floor":14,"turns":2},{"damage":10,"enemies":"Hexaghost","floor":16,"turns":9}],"seed_played":"7892519514160565350","potions_obtained":[{"floor":1.0,"key":"Energy Potion"},{"floor":8.0,"key":"Swift Potion"},{"floor":11.0,"key":"Poison Potion"},{"floor":12,"key":"DuplicationPotion"}],"is_trial":false,"path_per_floor":["M","M","M","?","?","E","R","M","T","?","M","E","M","M","R","B"],"character_chosen":"THE_SILENT","items_purchased":[],"campfire_rested":0,"item_purchase_floors":[],"current_hp_per_floor":[63,63,63,63,50,26,26,25,25,25,25,15,9,9,9,0,0],"gold":426,"neow_bonus":"TRANSFORM_TWO_CARDS","is_daily":false,"chose_seed":false,"campfire_upgraded":2,"win_rate":0.0,"timestamp":1611182037,"path_taken":["M","M","M","?","?","E","R","M","T","?","M","E","M","M","R","BOSS"],"items_purchased_type":[],"build_version":"2020-12-22","purchased_purges":0,"victory":false,"max_hp_per_floor":[63,63,63,63,63,63,63,63,63,63,63,63,63,63,63,63,63],"relic_stats":{"counters":[10,36],"Kunai":[13],"obtain_stats":[{"Kunai":9,"StrikeDummy":12,"White Beast Statue":6,"Ring of the Snake":0},{"Kunai":5,"StrikeDummy":7,"White Beast Statue":4,"Ring of the Snake":0},{"Kunai":16,"StrikeDummy":23,"White Beast Statue":14,"Ring of the Snake":0}],"Ring of the Snake":[20]},"card_choices":[{"not_picked":["Catalyst","Backflip"],"picked":"Dagger Spray","floor":1.0},{"not_picked":["Deadly Poison","Dodge and Roll"],"picked":"Dagger Throw","floor":2.0},{"not_picked":["Deflect","Acrobatics"],"picked":"All Out Attack","floor":3.0},{"not_picked":["Dagger Spray","Quick Slash"],"picked":"Dash","floor":6.0},{"not_picked":["Dodge and Roll","Bouncing Flask"],"picked":"Dagger Spray","floor":8.0},{"not_picked":["Concentrate","Terror"],"picked":"Flying Knee","floor":11.0},{"not_picked":["Poisoned Stab","Flying Knee"],"picked":"Blur","floor":12},{"not_picked":["Deadly Poison","Footwork"],"picked":"Blade Dance","floor":13},{"not_picked":["Riddle With Holes","Flechettes"],"picked":"Calculated Gamble","floor":14}],"player_experience":887915,"relics_obtained":[{"floor":6.0,"key":"White Beast Statue"},{"floor":9.0,"key":"Kunai"},{"floor":12,"key":"StrikeDummy"}],"event_choices":[{"damage_healed":0.0,"max_hp_gain":0.0,"max_hp_loss":0.0,"gold_gain":175.0,"event_name":"Liars Game","player_choice":"AGREE","floor":4.0,"gold_loss":0.0,"damage_taken":0.0,"cards_obtained":["Doubt"]},{"damage_healed":0.0,"max_hp_gain":0.0,"max_hp_loss":0.0,"gold_gain":0.0,"event_name":"Shining Light","player_choice":"Entered Light","floor":5.0,"gold_loss":0.0,"damage_taken":13.0,"cards_upgraded":["Strike_G","Neutralize"]},{"cards_removed":["Doubt"],"damage_healed":0.0,"max_hp_gain":0.0,"max_hp_loss":0.0,"gold_gain":0.0,"event_name":"Living Wall","player_choice":"Forget","floor":10.0,"gold_loss":0.0,"damage_taken":0.0}],"is_beta":false,"boss_relics":[],"items_purged_floors":[],"is_endless":false,"potions_floor_spawned":[1,8,11,12,13,14],"killed_by":"Hexaghost","ascension_level":13}}