{"host":"obm35stnmg5fz2jn","time":1611133277,"event":{"mods":["Ascension Reborn","BaseMod","Colored Powertips","Downfall","Friendly Minions","GifTheSpireLib","KinomotoSakuraMod(Ä¾Ö®±¾Ó£)","Minty Spire (QoL Compilation)","SIMod","StSLib","Td1madao Mod","TestMod","The Senshi","UnlockEverythingMod","Warlord Emblem"],"gold_per_floor":[109,109,124,124,49,49,82,82,82,94,94,109,142,154,154,261,261,287,78,78,10,10,44,75,106,106,106,86,97,109,120,120,215,215,226,275,291,291,303,335,345,345,345,378,388,431,446,28,28,30],"floor_reached":51,"language":"ZHS","playtime":3250,"items_purged":["theSenshi:SailorKick"],"score":1105,"play_id":"40a69d7e-a1df-4928-9765-ab1cae85c4bd","local_time":"20210120170117","is_ascension_mode":true,"campfire_choices":[{"data":"theSenshi:MoonTiaraMagic","floor":6.0,"key":"SMITH"},{"data":"theSenshi:EncouragingSpeech","floor":8.0,"key":"SMITH"},{"data":"theSenshi:SailorBlock","floor":11.0,"key":"SMITH"},{"data":"theSenshi:SailorMercuryAssists","floor":15.0,"key":"SMITH"},{"data":"theSenshi:LateForSchool","floor":27,"key":"SMITH"},{"data":"theSenshi:MoonPrincessHalation","floor":32,"key":"SMITH"},{"data":"theSenshi:SilverMoonCrystalPowerKiss","floor":49,"key":"SMITH"}],"circlet_count":0,"master_deck":["theSenshi:SailorKick","theSenshi:SailorKick","theSenshi:SailorBlock+1","theSenshi:SailorBlock","theSenshi:SailorBlock","theSenshi:SailorBlock+1","theSenshi:RoseThrow+1","theSenshi:MoonPrismPowerMakeUp","theSenshi:MoonTiaraMagic+1","theSenshi:SailorChibiMoonAssists","theSenshi:EncouragingSpeech+1","theSenshi:SailorMercuryAssists+1","theSenshi:ChibiMoonsLove","CurseOfTheBell","theSenshi:MoonsReflection","theSenshi:MoonPunch","theSenshi:SailorV","theSenshi:LateForSchool+1","theSenshi:SailorChibiMoonAssists+1","theSenshi:MoonPrincessHalation+1","theSenshi:MoonHealingEscalation+1","theSenshi:IWillPunishYou+1","theSenshi:SchoolBag+1","theSenshi:SailorMarsAssists","theSenshi:MoonCrystalPowerMakeUp","theSenshi:SailorCosmosAssists+1","theSenshi:SilverMoonCrystalPowerKiss+1","theSenshi:CrisisMakeUp+1","theSenshi:LunaSensingAllies+1","theSenshi:MoonPunch"],"relics":["theSenshi:TransformationBroochRelic","testmod-TestBox","NeowsBlessing","testmod-DeterminationOfClimber","War Paint","Bag of Marbles","Centennial Puzzle","testmod-DragonStarHat","Eternal Feather","Calling Bell","Toy Ornithopter","Blue Candle","testmod-Maize","testmod-Charity","WingedGreaves","Enchiridion","theSenshi:RoseRelic","Toxic Egg 2","Sozu","TungstenRod","CeramicFish","StrikeDummy","testmod-Antiphasic","theSenshi:CrescentMoonWandRelic"],"acts_visited":["Exordium","TheCity","TheBeyond"],"potions_floor_usage":[50,50],"damage_taken":[{"damage":0.0,"enemies":"Jaw Worm","floor":1.0,"turns":1.0},{"damage":0.0,"enemies":"Small Slimes","floor":3.0,"turns":1.0},{"damage":0.0,"enemies":"3 Sentries","floor":7.0,"turns":1.0},{"damage":0.0,"enemies":"Cultist","floor":10.0,"turns":3.0},{"damage":1.0,"enemies":"Looter","floor":12.0,"turns":3.0},{"damage":13.0,"enemies":"Lagavulin","floor":13.0,"turns":6.0},{"damage":4.0,"enemies":"Exordium Thugs","floor":14.0,"turns":5.0},{"damage":17.0,"enemies":"The Guardian","floor":16.0,"turns":12.0},{"damage":1.0,"enemies":"Shell Parasite","floor":18.0,"turns":4.0},{"damage":1.0,"enemies":"Book of Stabbing","floor":23.0,"turns":6.0},{"damage":1.0,"enemies":"Gremlin Leader","floor":24.0,"turns":5.0},{"damage":16.0,"enemies":"Slavers","floor":25.0,"turns":4.0},{"damage":0,"enemies":"2 Thieves","floor":29,"turns":3},{"damage":1,"enemies":"Sentry and Sphere","floor":30,"turns":3},{"damage":1,"enemies":"Cultist and Chosen","floor":31,"turns":2},{"damage":1,"enemies":"Automaton","floor":33,"turns":6},{"damage":1,"enemies":"Orb Walker","floor":35,"turns":1},{"damage":0,"enemies":"3 Darklings","floor":37,"turns":2},{"damage":0,"enemies":"4 Shapes","floor":39,"turns":1},{"damage":1,"enemies":"Nemesis","floor":40,"turns":1},{"damage":0,"enemies":"Spire Growth","floor":41,"turns":2},{"damage":0,"enemies":"Giant Head","floor":44,"turns":2},{"damage":0,"enemies":"Jaw Worm Horde","floor":45,"turns":1},{"damage":0,"enemies":"Reptomancer","floor":46,"turns":3},{"damage":0,"enemies":"3 Darklings","floor":47,"turns":2},{"damage":20,"enemies":"Awakened One","floor":50,"turns":5}],"seed_played":"4242283306860823469","potions_obtained":[{"floor":1.0,"key":"CultistPotion"},{"floor":10.0,"key":"SpeedPotion"},{"floor":14.0,"key":"Fire Potion"},{"floor":16.0,"key":"Ancient Potion"},{"floor":25,"key":"Weak Potion"},{"floor":28,"key":"DuplicationPotion"}],"is_trial":false,"path_per_floor":["M","?","M","?","$","R","E","R","T","M","R","M","E","M","R","B",null,"M","$","?","$","?","E","E","E","T","R","?","M","M","M","R","B",null,"M","T","M","?","M","E","M","?","T","E","M","E","M","$","R","B",null],"character_chosen":"THE_SENSHI","items_purchased":["testmod-Charity","theSenshi:MoonPunch","theSenshi:SailorV","theSenshi:LunaSensingAllies+1","theSenshi:CrescentMoonWandRelic","theSenshi:MoonPunch"],"campfire_rested":0,"item_purchase_floors":[19,19,21,48,48,48],"current_hp_per_floor":[75,72,73,73,73,73,73,73,73,75,75,75,63,61,67,62,75,75,75,75,75,59,89,105,114,114,120,120,131,145,159,159,189,189,198,199,212,212,230,248,267,267,267,287,296,317,327,329,329,358],"gold":30,"neow_bonus":"THREE_ENEMY_KILL","is_daily":false,"chose_seed":false,"campfire_upgraded":7,"win_rate":0.0,"timestamp":1611133277,"path_taken":["M","?","M","?","$","R","E","R","T","?","R","M","E","M","R","BOSS","M","$","?","$","?","E","E","E","T","R","?","M","?","M","R","BOSS","M","?","?","?","M","E","M","?","T","E","M","E","M","$","R","BOSS"],"items_purchased_type":["Relic","Card","Card","Card","Relic","Card"],"build_version":"2020-12-22","purchased_purges":1,"victory":true,"max_hp_per_floor":[75,75,75,75,75,75,75,75,75,75,75,75,75,75,75,75,75,75,75,75,75,75,89,105,120,120,120,120,131,145,159,159,189,189,198,199,212,212,230,248,267,267,267,287,296,317,327,329,329,358],"card_choices":[{"not_picked":["theSenshi:CrisisMakeUp","theSenshi:SailorPlanetAttack"],"picked":"theSenshi:MoonTiaraMagic","floor":1.0},{"not_picked":["theSenshi:SchoolBag","theSenshi:TuxedoSmokingBomber"],"picked":"theSenshi:SailorChibiMoonAssists","floor":3.0},{"not_picked":["theSenshi:SailorChibiMoonAssists","theSenshi:MoonTiaraMagic"],"picked":"theSenshi:EncouragingSpeech","floor":7.0},{"not_picked":["theSenshi:SupersonicWaves","theSenshi:CrisisMakeUp","theSenshi:MoonSpiralHeartAttack"],"picked":"SKIP","floor":10.0},{"not_picked":["theSenshi:MoonPunch","theSenshi:NeptunesGrace","theSenshi:HesSoDreamy"],"picked":"SKIP","floor":12.0},{"not_picked":["theSenshi:RainbowMoonHeartAche","theSenshi:SailorV","theSenshi:InTheNickOfTime"],"picked":"SKIP","floor":13.0},{"not_picked":["theSenshi:NeptunesGrace","theSenshi:MoonsReflection"],"picked":"theSenshi:SailorMercuryAssists","floor":14.0},{"not_picked":["theSenshi:GlimpseOfThePast","theSenshi:SailorPlutoAssists"],"picked":"theSenshi:ChibiMoonsLove","floor":16.0},{"not_picked":["theSenshi:SailorStarFighterAssists","theSenshi:MoonTiaraMagic+1"],"picked":"theSenshi:MoonsReflection","floor":18.0},{"not_picked":["theSenshi:SailorMarsAssists","theSenshi:ChibiMoonsLove"],"picked":"theSenshi:LateForSchool","floor":23.0},{"not_picked":["theSenshi:LunasBite","theSenshi:EncouragingSpeech","theSenshi:MoonTiaraMagic"],"picked":"SKIP","floor":24.0},{"not_picked":["theSenshi:MoonCosmicPowerMakeUp","theSenshi:MoonKick"],"picked":"theSenshi:SailorChibiMoonAssists+1","floor":25},{"not_picked":["theSenshi:SailorStarMakerAssists+1","theSenshi:LateForSchool+1"],"picked":"theSenshi:MoonPrincessHalation","floor":29},{"not_picked":["theSenshi:MoonTiaraMagic","theSenshi:SailorPlanetPower+1","theSenshi:MoonKick"],"picked":"SKIP","floor":30},{"not_picked":["theSenshi:TuxedoSmokingBomber","theSenshi:SailorPlanetAttack+1"],"picked":"theSenshi:MoonHealingEscalation+1","floor":31},{"not_picked":["theSenshi:SilverMoonCrystalPowerKiss","theSenshi:SailorStarHealerAssists+1"],"picked":"theSenshi:IWillPunishYou+1","floor":33},{"not_picked":["theSenshi:DramaticEntrance+1","theSenshi:RainbowMoonHeartAche"],"picked":"theSenshi:SchoolBag+1","floor":35},{"not_picked":["theSenshi:NeptunesGrace","theSenshi:MoonPunch+1"],"picked":"theSenshi:SailorMarsAssists","floor":37},{"not_picked":["theSenshi:SupersonicWaves+1","theSenshi:LunaWiseMentor+1"],"picked":"theSenshi:MoonCrystalPowerMakeUp","floor":39},{"not_picked":["theSenshi:MoonTiaraMagic","theSenshi:SailorUranusAssists"],"picked":"theSenshi:SailorCosmosAssists+1","floor":40},{"not_picked":["theSenshi:SailorMarsAssists+1","theSenshi:SailorPlanetAttack","theSenshi:TallSilhouette+1"],"picked":"SKIP","floor":41},{"not_picked":["theSenshi:SailorChibiMoonAssists","theSenshi:SailorStarMakerAssists+1"],"picked":"theSenshi:SilverMoonCrystalPowerKiss","floor":44},{"not_picked":["theSenshi:SupersonicWaves+1","theSenshi:Sidestep+1","theSenshi:LunasBite"],"picked":"SKIP","floor":45},{"not_picked":["theSenshi:MoonlightKnight","theSenshi:LateForSchool+1"],"picked":"theSenshi:CrisisMakeUp+1","floor":46},{"not_picked":["theSenshi:MoonPrincessHalation","theSenshi:SailorChibiMoonAssists+1","theSenshi:SailorStarMakerAssists+1"],"picked":"SKIP","floor":47}],"player_experience":310239,"relics_obtained":[{"floor":7.0,"key":"Centennial Puzzle"},{"floor":9.0,"key":"testmod-DragonStarHat"},{"floor":13.0,"key":"Eternal Feather"},{"floor":17.0,"key":"Toy Ornithopter"},{"floor":17.0,"key":"Blue Candle"},{"floor":17.0,"key":"testmod-Maize"},{"floor":22.0,"key":"Enchiridion"},{"floor":23.0,"key":"theSenshi:RoseRelic"},{"floor":26,"key":"Toxic Egg 2"},{"floor":40,"key":"TungstenRod"},{"floor":43,"key":"CeramicFish"},{"floor":44,"key":"StrikeDummy"},{"floor":46,"key":"testmod-Antiphasic"}],"event_choices":[{"damage_healed":0.0,"max_hp_gain":0.0,"max_hp_loss":0.0,"gold_gain":0.0,"event_name":"Scrap Ooze","player_choice":"Success","floor":2.0,"gold_loss":0.0,"damage_taken":3.0,"relics_obtained":["War Paint"]},{"damage_healed":0.0,"max_hp_gain":0.0,"max_hp_loss":0.0,"gold_gain":0.0,"event_name":"WeMeetAgain","player_choice":"Gave Potion","floor":4.0,"gold_loss":0.0,"damage_taken":0.0,"relics_obtained":["Bag of Marbles"]},{"damage_healed":0.0,"max_hp_gain":0.0,"max_hp_loss":0.0,"gold_gain":0.0,"event_name":"The Mausoleum","player_choice":"Opened","floor":20.0,"gold_loss":0.0,"damage_taken":0.0,"relics_obtained":["WingedGreaves"]},{"damage_healed":0.0,"max_hp_gain":0.0,"max_hp_loss":0.0,"gold_gain":0.0,"event_name":"Cursed Tome","player_choice":"Obtained Book","floor":22.0,"gold_loss":0.0,"damage_taken":16.0},{"damage_healed":0,"gold_gain":0,"player_choice":"Bought 1 Potion","damage_taken":0,"max_hp_gain":0,"max_hp_loss":0,"event_name":"The Woman in Blue","floor":28,"gold_loss":0},{"cards_removed":["theSenshi:SailorKick"],"damage_healed":0,"gold_gain":0,"player_choice":"Removed Attack","damage_taken":0,"max_hp_gain":0,"max_hp_loss":0,"event_name":"Falling","floor":38,"gold_loss":0}],"is_beta":false,"boss_relics":[{"not_picked":["Fusion Hammer","testmod-DreamHouse"],"picked":"Calling Bell"},{"not_picked":["Tiny House","Runic Dome"],"picked":"Sozu"}],"items_purged_floors":[5],"is_endless":false,"potions_floor_spawned":[1,10,14,16,18,25,31,33,39,44,45],"ascension_level":0}}