{"host":"7gewg82ormp6yt4e","time":1611141137,"event":{"mods":["BaseMod","Block Reminder","Colored Map","Colored Powertips","DeckTracker","Highlight Path","Minty Spire (QoL Compilation)","Relic Stats","StSLib","ojb\u0027s Info Mod"],"gold_per_floor":[118,133,133,149,149,149,224,224,294,309,309,309,327,352,352,352,352],"floor_reached":16,"language":"JPN","playtime":444,"items_purged":[],"score":184,"play_id":"4080e719-5929-4356-a179-975357c869f4","local_time":"20210120201217","is_ascension_mode":true,"campfire_choices":[{"data":"Defragment","floor":6,"key":"SMITH"},{"data":"Genetic Algorithm","floor":8,"key":"SMITH"},{"floor":12,"key":"REST"},{"floor":15,"key":"REST"}],"circlet_count":0,"master_deck":["AscendersBane","Strike_B","Strike_B+1","Strike_B","Defend_B","Defend_B","Defend_B+1","Zap","Dualcast","Conserve Battery","Genetic Algorithm+1","Defragment+1","Ball Lightning","Defragment","Chill"],"relics":["Empty Cage","Golden Idol","Symbiotic Virus"],"acts_visited":["Exordium"],"potions_floor_usage":[13,16],"damage_taken":[{"damage":4,"enemies":"Small Slimes","floor":1,"turns":4},{"damage":7,"enemies":"Jaw Worm","floor":2,"turns":6},{"damage":4,"enemies":"Cultist","floor":4,"turns":4},{"damage":2,"enemies":"Looter","floor":10,"turns":4},{"damage":11,"enemies":"Red Slaver","floor":13,"turns":4},{"damage":18,"enemies":"Large Slime","floor":14,"turns":4},{"damage":33,"enemies":"Slime Boss","floor":16,"turns":3}],"seed_played":"-1095475245015634702","potions_obtained":[{"floor":4,"key":"SneckoOil"},{"floor":14,"key":"Strength Potion"}],"is_trial":false,"path_per_floor":["M","M","?","M","?","R","?","R","T","M","?","R","M","M","R","B"],"character_chosen":"DEFECT","items_purchased":[],"campfire_rested":2,"item_purchase_floors":[],"current_hp_per_floor":[60,53,53,49,49,49,38,38,38,36,17,36,25,7,26,0,0],"gold":352,"neow_bonus":"BOSS_RELIC","is_daily":false,"chose_seed":false,"campfire_upgraded":2,"win_rate":0.0,"timestamp":1611141137,"path_taken":["M","M","?","M","?","R","?","R","T","M","?","R","?","M","R","BOSS"],"items_purchased_type":[],"build_version":"2020-12-22","purchased_purges":0,"victory":false,"max_hp_per_floor":[71,71,64,64,64,64,64,64,64,64,64,64,64,64,64,64,64],"relic_stats":{"counters":[7,29],"Golden Idol":15,"obtain_stats":[{"Golden Idol":3,"Cracked Core":0,"Empty Cage":0,"Symbiotic Virus":9},{"Golden Idol":2,"Cracked Core":0,"Empty Cage":0,"Symbiotic Virus":3},{"Golden Idol":10,"Cracked Core":0,"Empty Cage":0,"Symbiotic Virus":14}]},"card_choices":[{"not_picked":["Compile Driver","BootSequence"],"picked":"Conserve Battery","floor":1},{"not_picked":["Barrage","Aggregate"],"picked":"Genetic Algorithm","floor":2},{"not_picked":["Chill","Reprogram"],"picked":"Defragment","floor":4},{"not_picked":["Compile Driver","Reinforced Body"],"picked":"Ball Lightning","floor":10},{"not_picked":["Beam Cell","Coolheaded"],"picked":"Defragment","floor":13},{"not_picked":["Rip and Tear","Sweeping Beam"],"picked":"Chill","floor":14}],"player_experience":2629422,"relics_obtained":[{"floor":9,"key":"Symbiotic Virus"}],"event_choices":[{"damage_healed":0,"gold_gain":0,"player_choice":"Lose Max HP","damage_taken":0,"relics_obtained":["Golden Idol"],"max_hp_gain":0,"max_hp_loss":7,"event_name":"Golden Idol","floor":3,"gold_loss":0},{"damage_healed":0,"gold_gain":0,"player_choice":"Ignored","damage_taken":0,"max_hp_gain":0,"max_hp_loss":0,"event_name":"Liars Game","floor":5,"gold_loss":0},{"damage_healed":0,"gold_gain":75,"player_choice":"Gather Gold","damage_taken":11,"max_hp_gain":0,"max_hp_loss":0,"event_name":"World of Goop","floor":7,"gold_loss":0},{"damage_healed":0,"gold_gain":0,"player_choice":"Entered Light","damage_taken":19,"max_hp_gain":0,"max_hp_loss":0,"event_name":"Shining Light","floor":11,"gold_loss":0,"cards_upgraded":["Strike_B","Defend_B"]}],"is_beta":false,"boss_relics":[],"items_purged_floors":[],"is_endless":false,"potions_floor_spawned":[4,14],"killed_by":"Slime Boss","ascension_level":20}}