{"host":"vra53s4gynvpqhud","time":1611181974,"event":{"mods":["100% Spire Juice","A Magickal Journey","AchievementEnabler","Arknights The Spire","Aspiration","Astrologer","Bard","BaseMod","Better Match","Better Third Choice","BetterRewards","Conspire","Duelist Mod","Energized Spire","Evolution","Friendly Minions","GifTheSpireLib","Hermit","HexUI Lib","Highlight Path","Hubris","Infinite Spire","Jorbs\u0027s Wanderer Trilogy","Mad Scientist","Magitek Elite","Mathematician","Minty Spire (QoL Compilation)","Permanent Neow","Poor People Problems","Quick Restart","Rare Cards Sparkle","Remove Card Discount Mod","Replay The Spire","Shop Mod","Somnambulant","Spicy Shops","StSLib","The Bug Knight","The Cursed","The Gatherer","The Hierophant","The Jungle","The Necromancer","The Poker Player","The Runesmith","egg"],"gold_per_floor":[111,130,130,146,130,161,239,274,300,300,316,11,31,42,42,147,197,217,217,217,229,244,272,289,319,345,345,102,114,133,147,147,246,246,263,287,304,304,304,316,316,354,354,354,354,388,403,138,138,138],"floor_reached":51,"language":"ENG","playtime":3741,"items_purged":["somnambulantmod: SomnambulantStrike","somnambulantmod: SomnambulantStrike","somnambulantmod: SomnambulantStrike","somnambulantmod: Defend_Somnambulant","somnambulantmod: Defend_Somnambulant","somnambulantmod: Defend_Somnambulant","Burn","somnambulantmod: Defend_Somnambulant","somnambulantmod: SomnambulantStrike","somnambulantmod: Defend_Somnambulant","somnambulantmod: SomnambulantStrike+1","somnambulantmod: MindWave","somnambulantmod: PrimingPunch+1","hubris:Fate","infinitespire:SevenWalls","infinitespire:Oblivion"],"score":854,"play_id":"dfc987a9-f7b1-49d9-b2f9-3f4bc558f59b","local_time":"20210120173254","is_ascension_mode":false,"campfire_choices":[{"data":"somnambulantmod: LightSleeper","floor":10.0,"key":"SMITH"},{"data":"somnambulantmod: SleepingBody","floor":15.0,"key":"SMITH"},{"floor":27,"key":"REST"},{"floor":32,"key":"REST"},{"floor":41,"key":"REST"},{"floor":45,"key":"REST"},{"floor":49,"key":"REST"}],"circlet_count":0,"master_deck":["somnambulantmod: QuickNap+1","somnambulantmod: ImpenetrableMind","somnambulantmod: Blink+1","somnambulantmod: SnuggleUp+1","somnambulantmod: DreamBig","somnambulantmod: LightSleeper+1","somnambulantmod: Refracture+1","somnambulantmod: SnuggleUp","somnambulantmod: SleepingBody+1","somnambulantmod: Hush+1","somnambulantmod: SleepParalysis","somnambulantmod: HorrificThought","somnambulantmod: Unknow+1","infinitespire:Collect+1","somnambulantmod: TrepanningBlow+1","somnambulantmod: Hush+1","somnambulantmod: ShimmeringVeil+1","somnambulantmod: LoseForm","somnambulantmod: Blink+1","somnambulantmod: SleepingBody+1","somnambulantmod: DarkeningMind"],"relics":["somnambulantmod: DreamJournal","EVO:Axolotl","aspiration:Nostalgia","m_ChemicalBlood","hubris:BottledRain","hubris:TinFlute","MealTicket","Prayer Wheel","Tiny House","Nloth\u0027s Gift","aspiration:Legacy_Headhunter","Regal Pillow","Gremlin Food","Replay:Wax Seal","conspire:Dentures","conspire:SlowCooker","Vajra","Membership Card","TungstenRod","aspiration:StickyExplosives_weak","Bird Faced Urn","Juzu Bracelet","MerchantsRug","PreservedInsect"],"acts_visited":["Exordium","TheCity","TheBeyond"],"potions_floor_usage":[33,33,47],"damage_taken":[{"damage":0.0,"enemies":"Small Slimes","floor":1.0,"turns":4.0},{"damage":7.0,"enemies":"Jaw Worm","floor":2.0,"turns":4.0},{"damage":2.0,"enemies":"Cultist","floor":4.0,"turns":5.0},{"damage":27.0,"enemies":"3 Sentries","floor":6.0,"turns":6.0},{"damage":14.0,"enemies":"Gremlin Nob","floor":8.0,"turns":5.0},{"damage":0.0,"enemies":"Large Slime","floor":11.0,"turns":4.0},{"damage":9.0,"enemies":"Looter","floor":13.0,"turns":4.0},{"damage":15.0,"enemies":"2 Fungi Beasts","floor":14.0,"turns":3.0},{"damage":0.0,"enemies":"Hexaghost","floor":16.0,"turns":7.0},{"damage":3.0,"enemies":"Chosen","floor":18.0,"turns":4.0},{"damage":5.0,"enemies":"3 Byrds","floor":21.0,"turns":4.0},{"damage":0,"enemies":"Centurion and Healer","floor":22,"turns":2},{"damage":12,"enemies":"HollowMod:Nosk","floor":23,"turns":6},{"damage":0,"enemies":"Cultist and Chosen","floor":24,"turns":3},{"damage":10,"enemies":"Book of Stabbing","floor":25,"turns":5},{"damage":0,"enemies":"Shelled Parasite and Fungi","floor":29,"turns":4},{"damage":0,"enemies":"Snecko","floor":30,"turns":3},{"damage":0,"enemies":"Chosen and Byrds","floor":31,"turns":3},{"damage":0,"enemies":"Automaton","floor":33,"turns":4},{"damage":2,"enemies":"3 Darklings","floor":35,"turns":4},{"damage":0,"enemies":"Orb Walker","floor":37,"turns":3},{"damage":0,"enemies":"4 Shapes","floor":40,"turns":3},{"damage":0,"enemies":"Nightmare","floor":46,"turns":7},{"damage":4,"enemies":"Writhing Mass","floor":47,"turns":3},{"damage":13,"enemies":"conspire:OrnateMirror","floor":50,"turns":6}],"seed_played":"5188149222002137166","potions_obtained":[{"floor":1.0,"key":"FearPotion"},{"floor":6.0,"key":"DuplicationPotion"},{"floor":11.0,"key":"SkillPotion"},{"floor":13.0,"key":"Swift Potion"},{"floor":17.0,"key":"JungleJuicePotion"},{"floor":18.0,"key":"AttackPotion"},{"floor":21,"key":"SkillPotion"},{"floor":22,"key":"DuplicationPotion"},{"floor":24,"key":"PowerPotion"},{"floor":30,"key":"infinitespire:BlackPotion"},{"floor":37,"key":"Fire Potion"},{"floor":47,"key":"Swift Potion"}],"is_trial":false,"path_per_floor":["M","M","?","M","$","E","T","E","T","R","M","$","M","M","R","B",null,"M","?","AVR","M","M","E","M","E","T","R","$","M","M","M","R","B",null,"M","T","M","AVR","?","M","R","?","T","?","R","NM","M","$","R","B",null],"character_chosen":"THE_SOMNAMBULANT","items_purchased":["somnambulantmod: Refracture","somnambulantmod: SnuggleUp","conspire:Dentures","Juzu Bracelet","MerchantsRug","PreservedInsect","somnambulantmod: DarkeningMind"],"campfire_rested":5,"item_purchase_floors":[12,12,28,48,48,48,48],"current_hp_per_floor":[70,63,63,62,62,35,35,21,21,21,21,36,27,12,12,12,75,72,72,72,69,69,57,57,50,50,77,77,77,77,77,79,79,79,77,77,77,77,77,77,81,81,81,62,83,83,83,83,85,85],"gold":138,"neow_bonus":"NOSTALGIA","is_daily":false,"chose_seed":false,"campfire_upgraded":2,"win_rate":0.0,"timestamp":1611181974,"path_taken":["M","M","?","M","$","E","?","E","T","R","M","?","M","M","R","BOSS","M","?","AVR","M","M","E","M","E","T","R","$","M","M","M","R","BOSS","M","?","M","AVR","?","M","R","?","T","?","R","NM","M","$","R","BOSS"],"items_purchased_type":["Card","Card","Relic","Relic","Relic","Relic","Card"],"build_version":"2020-12-22","purchased_purges":16,"victory":true,"max_hp_per_floor":[70,70,70,70,70,70,70,70,70,70,70,70,70,70,70,70,75,75,75,75,75,75,75,75,75,75,77,77,77,77,77,79,79,79,79,79,79,79,79,79,81,81,81,81,83,83,83,83,85,85],"card_choices":[{"not_picked":["somnambulantmod: Unmake","somnambulantmod: MindWave"],"picked":"somnambulantmod: ImpenetrableMind","floor":1.0},{"not_picked":["somnambulantmod: Unmake","Combust"],"picked":"somnambulantmod: Blink","floor":2.0},{"not_picked":["somnambulantmod: HorrificThought","somnambulantmod: Unknow"],"picked":"somnambulantmod: SnuggleUp","floor":4.0},{"not_picked":["somnambulantmod: Wake","somnambulantmod: Reject"],"picked":"somnambulantmod: DreamBig","floor":6.0},{"not_picked":["Rupture","somnambulantmod: DreamBig"],"picked":"somnambulantmod: LightSleeper","floor":8.0},{"not_picked":["somnambulantmod: Stumble","somnambulantmod: BadIdea"],"picked":"somnambulantmod: MindWave","floor":11.0},{"not_picked":["somnambulantmod: Blink","somnambulantmod: Extract"],"picked":"somnambulantmod: SleepingBody","floor":13.0},{"not_picked":["somnambulantmod: BadIdea","somnambulantmod: Unmake"],"picked":"somnambulantmod: Hush","floor":14.0},{"not_picked":["somnambulantmod: RuthlessStudy","somnambulantmod: Damping"],"picked":"somnambulantmod: SleepParalysis","floor":16.0},{"not_picked":["somnambulantmod: HappyThoughts+1","somnambulantmod: BrainFeeder"],"picked":"somnambulantmod: HorrificThought","floor":18.0},{"not_picked":["somnambulantmod: Remember","somnambulantmod: TrepanningBlow"],"picked":"somnambulantmod: Unknow","floor":18.0},{"not_picked":["somnambulantmod: Bruise","somnambulantmod: RecurringDream","somnambulantmod: SnuggleUp"],"picked":"SKIP","floor":21},{"not_picked":["somnambulantmod: PillowFort+1","somnambulantmod: LeechFears","somnambulantmod: BadIdea"],"picked":"SKIP","floor":21},{"not_picked":["somnambulantmod: HeadSmack","somnambulantmod: RecurringDream"],"picked":"somnambulantmod: TrepanningBlow","floor":22},{"not_picked":["somnambulantmod: HeadSmack","somnambulantmod: Remember","somnambulantmod: TimeCompression+1"],"picked":"SKIP","floor":22},{"not_picked":["somnambulantmod: NightmareFuel","somnambulantmod: Withdraw","somnambulantmod: BadIdea"],"picked":"SKIP","floor":23},{"not_picked":["somnambulantmod: HappyThoughts","somnambulantmod: MindWave","somnambulantmod: Harden"],"picked":"SKIP","floor":24},{"not_picked":["somnambulantmod: HorrificThought","somnambulantmod: RuthlessStudy","somnambulantmod: TrepanningBlow"],"picked":"SKIP","floor":24},{"not_picked":["somnambulantmod: Damping","somnambulantmod: SickeningSwathe","somnambulantmod: Harden"],"picked":"SKIP","floor":25},{"not_picked":["somnambulantmod: Nosebleed+1","somnambulantmod: RecurringDream"],"picked":"somnambulantmod: Hush+1","floor":29},{"not_picked":["somnambulantmod: Damping","somnambulantmod: Trauma","somnambulantmod: Reinterpret"],"picked":"SKIP","floor":29},{"not_picked":["somnambulantmod: Hush","somnambulantmod: Bloom+1"],"picked":"somnambulantmod: ShimmeringVeil","floor":30},{"not_picked":["somnambulantmod: Nosebleed+1","somnambulantmod: LeechFears","somnambulantmod: TrepanningBlow"],"picked":"SKIP","floor":30},{"not_picked":["somnambulantmod: MindWave","somnambulantmod: Trauma","somnambulantmod: DreamBig"],"picked":"SKIP","floor":31},{"not_picked":["somnambulantmod: HeadSmack","somnambulantmod: Mindlessness","somnambulantmod: Repression"],"picked":"SKIP","floor":31},{"not_picked":["somnambulantmod: Inspiration","somnambulantmod: Withdraw"],"picked":"somnambulantmod: LoseForm","floor":33},{"not_picked":["somnambulantmod: SickeningSwathe","somnambulantmod: HorrificThought","somnambulantmod: Nosebleed+1"],"picked":"SKIP","floor":35},{"not_picked":["somnambulantmod: AllForNothing+1","somnambulantmod: LeechFears+1","somnambulantmod: Pinch"],"picked":"SKIP","floor":35},{"not_picked":["somnambulantmod: Repression","somnambulantmod: SnuggleUp+1","somnambulantmod: ShowerThought"],"picked":"SKIP","floor":37},{"not_picked":["somnambulantmod: RecurringDream+1","somnambulantmod: MindWave","somnambulantmod: HeadSmack+1"],"picked":"SKIP","floor":37},{"not_picked":["somnambulantmod: Cower+1","somnambulantmod: MuscleMemory+1"],"picked":"somnambulantmod: Blink","floor":40},{"not_picked":["somnambulantmod: LostMind","somnambulantmod: Unmake","somnambulantmod: RuthlessStudy"],"picked":"SKIP","floor":40},{"not_picked":["hubris:Fate","ReplayTheSpireMod:Echoes of Time"],"picked":"infinitespire:SevenWalls","floor":44},{"not_picked":["somnambulantmod: TimeCompression+1","somnambulantmod: HappyThoughts+1","somnambulantmod: PillowFort+1"],"picked":"SKIP","floor":46},{"not_picked":["somnambulantmod: Unknow","somnambulantmod: Blink"],"picked":"somnambulantmod: SleepingBody","floor":47},{"not_picked":["somnambulantmod: BrainFeeder+1","somnambulantmod: ViralIdea+1","somnambulantmod: Remember+1"],"picked":"SKIP","floor":47}],"player_experience":207443,"relics_obtained":[{"floor":6.0,"key":"hubris:BottledRain"},{"floor":7.0,"key":"hubris:TinFlute"},{"floor":8.0,"key":"MealTicket"},{"floor":9.0,"key":"Whetstone"},{"floor":23,"key":"Regal Pillow"},{"floor":25,"key":"Gremlin Food"},{"floor":26,"key":"Replay:Wax Seal"},{"floor":36,"key":"Vajra"},{"floor":42,"key":"TungstenRod"},{"floor":43,"key":"aspiration:StickyExplosives_weak"},{"floor":46,"key":"Bird Faced Urn"}],"event_choices":[{"damage_healed":63.0,"max_hp_gain":0.0,"max_hp_loss":70.0,"gold_gain":0.0,"event_name":"betterThird:BetterShining","player_choice":"Embrace Burn","floor":3.0,"gold_loss":0.0,"damage_taken":0.0},{"damage_healed":0.0,"max_hp_gain":0.0,"max_hp_loss":0.0,"gold_gain":0.0,"event_name":"N\u0027loth","player_choice":"Traded Relic","floor":19.0,"relics_lost":["Whetstone"],"gold_loss":0.0,"damage_taken":0.0,"relics_obtained":["Nloth\u0027s Gift"]}],"is_beta":false,"boss_relics":[{"not_picked":["Runesmith:UraniumAnvil","Sozu"],"picked":"Tiny House"},{"not_picked":["SacredBark","energizedSpire:StickyHand"],"picked":"conspire:SlowCooker"}],"items_purged_floors":[5,5,5,5,5,5,5,5,12,12,20,28,38,48,48,48],"is_endless":false,"potions_floor_spawned":[1,6,11,13,18,21,22,24,30,37,47],"ascension_level":0}}