{"host":"xetj7e4h1njmphhb","time":1611120860,"event":{"mods":["BaseMod","Minty Spire (QoL Compilation)","SuperFastMode"],"gold_per_floor":[119,119,119,138,152,152,162,162,189,202,222,222,222,222],"floor_reached":13,"language":"ENG","playtime":515,"items_purged":[],"score":77,"play_id":"3b6110c7-c66f-4cdf-9422-94b61891d604","local_time":"20210120003420","is_ascension_mode":false,"campfire_choices":[{"floor":6,"key":"REST"},{"floor":8,"key":"REST"}],"circlet_count":0,"master_deck":["Defend_B","Defend_B","Defend_B","Defend_B","Zap","Dualcast","Meteor Strike","Steam Power","Stack","Undo","Sunder","BootSequence","Conserve Battery","Compile Driver"],"relics":["Cracked Core","Orichalcum","Juzu Bracelet"],"acts_visited":["Exordium"],"potions_floor_usage":[],"damage_taken":[{"damage":11,"enemies":"2 Louse","floor":1,"turns":3},{"damage":1,"enemies":"Jaw Worm","floor":4,"turns":4},{"damage":6,"enemies":"Cultist","floor":5,"turns":4},{"damage":0,"enemies":"Exordium Wildlife","floor":7,"turns":3},{"damage":3,"enemies":"Red Slaver","floor":10,"turns":3},{"damage":5,"enemies":"3 Louse","floor":11,"turns":4},{"damage":89,"enemies":"Gremlin Nob","floor":13,"turns":5}],"seed_played":"-3639223545424238342","potions_obtained":[{"floor":4,"key":"FocusPotion"},{"floor":5,"key":"Strength Potion"},{"floor":10,"key":"Dexterity Potion"},{"floor":11,"key":"AttackPotion"}],"is_trial":false,"path_per_floor":["M","?","?","M","M","R","M","R","T","M","M","T","E"],"character_chosen":"DEFECT","items_purchased":[],"campfire_rested":2,"item_purchase_floors":[],"current_hp_per_floor":[43,36,36,35,29,51,51,73,73,70,65,65,0,0],"gold":222,"neow_bonus":"TRANSFORM_TWO_CARDS","is_daily":false,"chose_seed":false,"campfire_upgraded":0,"win_rate":0.0,"timestamp":1611120860,"path_taken":["M","?","?","M","?","R","M","R","T","M","M","?","E"],"items_purchased_type":[],"build_version":"2020-12-22","purchased_purges":0,"victory":false,"max_hp_per_floor":[75,75,75,75,75,75,75,75,75,75,75,75,75,75],"card_choices":[{"not_picked":["Hello World","Auto Shields"],"picked":"Stack","floor":1},{"not_picked":["Stack","Defragment"],"picked":"Undo","floor":4},{"not_picked":["Beam Cell","Fusion"],"picked":"Sunder","floor":5},{"not_picked":["Go for the Eyes","Undo"],"picked":"BootSequence","floor":7},{"not_picked":["Beam Cell","Scrape"],"picked":"Conserve Battery","floor":10},{"not_picked":["Blizzard","Beam Cell"],"picked":"Compile Driver","floor":11}],"player_experience":13837,"relics_obtained":[{"floor":9,"key":"Orichalcum"},{"floor":12,"key":"Juzu Bracelet"}],"event_choices":[{"cards_removed":["Strike_B"],"damage_healed":0,"gold_gain":0,"player_choice":"Card Removal","damage_taken":7,"max_hp_gain":0,"max_hp_loss":0,"event_name":"Golden Wing","floor":2,"gold_loss":0},{"cards_removed":["Strike_B"],"damage_healed":0,"gold_gain":0,"player_choice":"Card Removal","damage_taken":0,"max_hp_gain":0,"max_hp_loss":0,"event_name":"Wheel of Change","floor":3,"gold_loss":0}],"is_beta":false,"boss_relics":[],"items_purged_floors":[],"is_endless":false,"potions_floor_spawned":[4,5,10,11],"killed_by":"Gremlin Nob","ascension_level":0}}