{"host":"o7j6aatxjwpw1421","time":1611153890,"event":{"mods":["2.2 Compatiblity","AchievementEnabler","BaseMod","Colored Map","DeckTracker","Highlight Path","Keyboard Shortcuts","Minty Spire (QoL Compilation)","Permanent Neow","Quick Restart","StSLib","SuperFastMode","everything is the same but u backflip on backflip"],"gold_per_floor":[20,20,43,8,27,58,58,83,83,83,124,142,182,107,107,206,206,219,238,138,173,48,48,91,104,127,127,143,64,64,83,83,176,176,195,417,750,563,581,581,581,608,608,608,608,608],"floor_reached":45,"language":"KOR","playtime":1799,"items_purged":["Strike_G","Defend_G","Strike_G","Strike_G+1"],"score":979,"play_id":"099405ba-f5d6-4e88-b962-d22bddbeb2df","local_time":"20210120234450","is_ascension_mode":true,"campfire_choices":[{"floor":7.0,"key":"REST"},{"data":"A Thousand Cuts","floor":10.0,"key":"SMITH"},{"floor":15.0,"key":"REST"},{"data":"Accuracy","floor":23.0,"key":"SMITH"},{"floor":27.0,"key":"REST"},{"floor":32.0,"key":"REST"},{"data":"Phantasmal Killer","floor":40.0,"key":"SMITH"}],"circlet_count":0,"master_deck":["AscendersBane","Strike_G+1","Defend_G","Defend_G","Defend_G","Survivor","Neutralize","A Thousand Cuts+1","Infinite Blades","Blade Dance","Accuracy+1","Cloak And Dagger","Finisher","Choke","After Image","Backflip","Crippling Poison","Corpse Explosion","Terror","Accuracy","Tools of the Trade","Deadly Poison","Blade Dance+1","Phantasmal Killer+1","Well Laid Plans","Blur","Flash of Steel","Flash of Steel"],"relics":["Ring of the Snake","Regal Pillow","Lantern","Pear","Whetstone","Mercury Hourglass","WristBlade","Red Mask","Centennial Puzzle","Bag of Preparation","SacredBark","Prayer Wheel","Bottled Tornado"],"acts_visited":["Exordium","TheCity","TheBeyond"],"potions_floor_usage":[],"damage_taken":[{"damage":11.0,"enemies":"Small Slimes","floor":1.0,"turns":6.0},{"damage":11.0,"enemies":"2 Louse","floor":3.0,"turns":4.0},{"damage":12.0,"enemies":"Jaw Worm","floor":5.0,"turns":6.0},{"damage":12.0,"enemies":"3 Sentries","floor":6.0,"turns":6.0},{"damage":38.0,"enemies":"Gremlin Nob","floor":11.0,"turns":4.0},{"damage":8.0,"enemies":"Blue Slaver","floor":12.0,"turns":4.0},{"damage":14.0,"enemies":"3 Sentries","floor":13.0,"turns":5.0},{"damage":15.0,"enemies":"Slime Boss","floor":16.0,"turns":6.0},{"damage":5.0,"enemies":"2 Thieves","floor":18.0,"turns":2.0},{"damage":4.0,"enemies":"Chosen","floor":19.0,"turns":4.0},{"damage":10.0,"enemies":"Masked Bandits","floor":21.0,"turns":3.0},{"damage":13.0,"enemies":"Book of Stabbing","floor":24.0,"turns":4.0},{"damage":9.0,"enemies":"Centurion and Healer","floor":25.0,"turns":3.0},{"damage":16.0,"enemies":"Snecko","floor":28.0,"turns":4.0},{"damage":29.0,"enemies":"Snake Plant","floor":31.0,"turns":5.0},{"damage":28.0,"enemies":"Collector","floor":33.0,"turns":6.0},{"damage":0.0,"enemies":"3 Shapes","floor":35.0,"turns":6.0},{"damage":3.0,"enemies":"3 Darklings","floor":39.0,"turns":4.0},{"damage":39.0,"enemies":"Giant Head","floor":42.0,"turns":5.0},{"damage":0,"enemies":"Spire Growth","floor":45,"turns":2}],"seed_played":"6686301234324181097","potions_obtained":[{"floor":1.0,"key":"Energy Potion"},{"floor":5.0,"key":"Fire Potion"},{"floor":12.0,"key":"Poison Potion"},{"floor":13.0,"key":"Regen Potion"},{"floor":19.0,"key":"LiquidMemories"},{"floor":25.0,"key":"FearPotion"},{"floor":31.0,"key":"EssenceOfSteel"},{"floor":39.0,"key":"Weak Potion"}],"is_trial":false,"path_per_floor":["M","?","M","?","M","E","R","T","T","R","E","M","E","$","R","B",null,"M","M","$","?","$","R","E","M","T","R","M","$","?","M","R","B",null,"M","?","?","$","M","R","?","E","T","?","M"],"character_chosen":"THE_SILENT","items_purchased":["Accuracy","Well Laid Plans"],"campfire_rested":4,"item_purchase_floors":[29,38],"current_hp_per_floor":[48,48,37,52,40,28,60,60,70,70,32,24,10,10,46,31,60,55,51,51,50,50,50,37,28,28,64,48,48,48,19,55,27,59,59,59,59,59,56,56,46,7,7,7,7,7],"gold":608,"neow_bonus":"THREE_RARE_CARDS","is_daily":false,"chose_seed":false,"campfire_upgraded":3,"win_rate":0.0,"timestamp":1611153890,"path_taken":["M","?","M","?","M","E","R","?","T","R","E","M","E","?","R","BOSS","M","?","$","?","$","R","E","M","T","R","M","$","?","M","R","BOSS","M","?","?","$","M","R","?","E","T","?","M"],"items_purchased_type":["Card","Card"],"build_version":"2020-12-22","purchased_purges":4,"victory":false,"max_hp_per_floor":[66,60,60,60,60,60,60,60,70,70,70,70,70,70,70,70,70,70,70,70,70,70,70,70,70,70,70,70,70,70,70,70,70,70,70,70,70,70,70,70,70,70,70,70,70,70],"card_choices":[{"not_picked":["Corpse Explosion","After Image"],"picked":"A Thousand Cuts","floor":0.0},{"not_picked":["Crippling Poison","Eviscerate"],"picked":"Infinite Blades","floor":1.0},{"not_picked":["Crippling Poison","Endless Agony"],"picked":"Blade Dance","floor":3.0},{"not_picked":["Slice","Terror","Acrobatics"],"picked":"SKIP","floor":5.0},{"not_picked":["Caltrops","Noxious Fumes"],"picked":"Accuracy","floor":6.0},{"not_picked":["Quick Slash","Prepared"],"picked":"Cloak And Dagger","floor":11.0},{"not_picked":["Deadly Poison","Underhanded Strike"],"picked":"Finisher","floor":12.0},{"not_picked":["Concentrate","Prepared"],"picked":"Choke","floor":13.0},{"not_picked":["Envenom","Die Die Die"],"picked":"After Image","floor":16.0},{"not_picked":["Sucker Punch","Caltrops"],"picked":"Backflip","floor":18.0},{"not_picked":["Finisher","Blade Dance","Outmaneuver"],"picked":"SKIP","floor":19.0},{"not_picked":["Acrobatics","Caltrops"],"picked":"Crippling Poison","floor":21.0},{"not_picked":["Distraction","Concentrate"],"picked":"Corpse Explosion","floor":24.0},{"not_picked":["Dagger Throw","Sucker Punch+1"],"picked":"Terror","floor":25.0},{"not_picked":["Prepared","Deadly Poison","Riddle With Holes+1"],"picked":"SKIP","floor":28.0},{"not_picked":["Sucker Punch","Dagger Spray"],"picked":"Blade Dance+1","floor":31.0},{"not_picked":["Grand Finale","Unload"],"picked":"Phantasmal Killer","floor":33.0},{"not_picked":["Choke+1","Sucker Punch","Slice+1"],"picked":"SKIP","floor":35.0},{"not_picked":["Poisoned Stab+1","Expertise"],"picked":"Blur","floor":39.0},{"not_picked":["Dramatic Entrance","HandOfGreed"],"picked":"Flash of Steel","floor":41.0},{"not_picked":["Madness","Swift Strike"],"picked":"Flash of Steel","floor":41.0},{"not_picked":["Bane+1","Eviscerate","Riddle With Holes"],"picked":"SKIP","floor":42.0}],"player_experience":595810,"relics_obtained":[{"floor":6.0,"key":"Regal Pillow"},{"floor":8.0,"key":"Lantern"},{"floor":9.0,"key":"Pear"},{"floor":11.0,"key":"Whetstone"},{"floor":13.0,"key":"Mercury Hourglass"},{"floor":21.0,"key":"Red Mask"},{"floor":24.0,"key":"Centennial Puzzle"},{"floor":26.0,"key":"Bag of Preparation"},{"floor":42.0,"key":"Prayer Wheel"},{"floor":43.0,"key":"Bottled Tornado"}],"event_choices":[{"damage_healed":0.0,"max_hp_gain":0.0,"max_hp_loss":6.0,"gold_gain":0.0,"event_name":"Golden Idol","player_choice":"Lose Max HP","floor":2.0,"gold_loss":0.0,"damage_taken":0.0,"relics_obtained":["Golden Idol"]},{"damage_healed":15.0,"max_hp_gain":0.0,"max_hp_loss":0.0,"gold_gain":0.0,"event_name":"The Cleric","player_choice":"Healed","floor":4.0,"gold_loss":35.0,"damage_taken":0.0},{"damage_healed":0.0,"max_hp_gain":0.0,"max_hp_loss":0.0,"gold_gain":0.0,"event_name":"Masked Bandits","player_choice":"Fought Bandits","floor":21.0,"gold_loss":0.0,"damage_taken":0.0},{"damage_healed":0.0,"max_hp_gain":0.0,"max_hp_loss":0.0,"gold_gain":0.0,"cards_transformed":["Defend_G","Strike_G"],"event_name":"Drug Dealer","player_choice":"Became Test Subject","floor":30.0,"gold_loss":0.0,"damage_taken":0.0,"cards_obtained":["Tools of the Trade","Deadly Poison"]},{"damage_healed":0.0,"max_hp_gain":0.0,"max_hp_loss":0.0,"gold_gain":222.0,"event_name":"Tomb of Lord Red Mask","player_choice":"Wore Mask","floor":36.0,"gold_loss":0.0,"damage_taken":0.0},{"damage_healed":0.0,"max_hp_gain":0.0,"max_hp_loss":0.0,"gold_gain":333.0,"event_name":"The Moai Head","player_choice":"Gave Idol","floor":37.0,"relics_lost":["Golden Idol"],"gold_loss":0.0,"damage_taken":0.0},{"damage_healed":0.0,"max_hp_gain":0.0,"max_hp_loss":0.0,"gold_gain":0.0,"event_name":"SensoryStone","player_choice":"Memory 3","floor":41.0,"gold_loss":0.0,"damage_taken":10.0},{"damage_healed":0.0,"max_hp_gain":0.0,"max_hp_loss":0.0,"gold_gain":0.0,"event_name":"Mysterious Sphere","player_choice":"Ignored","floor":44.0,"gold_loss":0.0,"damage_taken":0.0}],"is_beta":false,"boss_relics":[{"not_picked":["Velvet Choker","Runic Dome"],"picked":"WristBlade"},{"not_picked":["Calling Bell","Ring of the Serpent"],"picked":"SacredBark"}],"items_purged_floors":[14,20,22,38],"is_endless":false,"potions_floor_spawned":[1,5,12,13,19,25,31,39],"killed_by":"Spire Growth","ascension_level":20}}