{"host":"dwyzfvnzfcqffr30","time":1611145710,"event":{"mods":["2.2 Compatiblity","Act Like it!","Aspiration","BaseMod","Beaked The Cultist","Better Altar","Better Match","Better Note","Better Sensory Stone","Better Skull","Better Third Choice","Clockwork Mod","Colored Map","Colored Powertips","Conspire","Elementarium","GifTheSpireLib","Halation","Hermit","Hubris","Infinite Spire","Ironclad Rager","Jedi Mod","Menagerie","Mimic Mod","Minty Spire (QoL Compilation)","Permanent Neow","Random Character Button","Replay The Spire","Spicy Shops","Spikes Relics","StSLib","Stuff the Spire","The Construct","The Disciple","The Druid","The Marked","TheFirefly","Trackpad","Wandering Minibosses","vexMod"],"gold_per_floor":[125,153,103,142,209,258,258,336,386,455,1,14,18,39,39,151,151,203,52,52,101,150,204,255,333,408,408,468,468,16,61,61,174,174,248,248,173,173,173,251,251,251,296,296,436,436,545,604,604,620,620,620,184,261,313],"floor_reached":56,"language":"ENG","playtime":4202,"items_purged":["Intolerance","CommonCold","Injury","thefirefly:SteadyAim+1"],"score":2390,"play_id":"8527c00f-b1f0-4150-9917-aa83b1b5cc83","local_time":"20210120042830","is_ascension_mode":true,"campfire_choices":[{"floor":15,"key":"REST"},{"floor":27,"key":"RECALL"},{"floor":29,"key":"REST"},{"data":"thefirefly:AutoTargeting+1","floor":32,"key":"SMITH"},{"data":"thefirefly:AutoTargeting+1","floor":41,"key":"SMITH"},{"floor":44,"key":"REST"},{"floor":46,"key":"REST"},{"data":"thefirefly:AutoTargeting+2","floor":49,"key":"SMITH"},{"data":"thefirefly:LaserMail+1","floor":52,"key":"SMITH"}],"circlet_count":0,"master_deck":["AscendersBane","conspire:GhostlyStrike+1","conspire:GhostlyStrike+1","conspire:GhostlyStrike+1","conspire:GhostlyStrike+1","conspire:GhostlyDefend+1","conspire:GhostlyDefend+1","conspire:GhostlyDefend+1","conspire:GhostlyDefend+1","thefirefly:StealthMode+1","Apotheosis+1","MasterReality+1","thefirefly:ArtillleryBeam+1","thefirefly:ShieldGenerator+1","conspire:SpireCoStock+1","thefirefly:InterceptingShot+1","thefirefly:InterceptingShot+1","thefirefly:QuantumTunneling+1","thefirefly:AutoTargeting+3","thefirefly:ShieldGenerator+1","thefirefly:CoveringFire+1","thefirefly:Regeneration+1","BlessedFruit+1","BlessedFruit+1","thefirefly:AuroralDischarge+1","thefirefly:LaserMail+2","Madness+1","thefirefly:EMP+1","thefirefly:HyperspaceAssault+1","Reforge+1","thefirefly:RerouteCircuit+1","thefirefly:LustForEternity+1","thefirefly:AutoTargeting+2","thefirefly:BoltzmannBrain+1","thefirefly:RerouteCircuit+1","thefirefly:Unburden+1"],"relics":["thefirefly:StealthSystem","Frozen Egg 2","Toxic Egg 2","Molten Egg 2","Quantum Egg","infinitespire:EvilPickle","conspire:InfiniteJournal","Bottled Tornado","infinitespire:EmpoweringShard","infinitespire:WardingShard","Juzu Bracelet","conspire:DeflatedDodgeball","vexMod:HeadHunter","infinitespire:ShieldingShard","hubris:MedicalManual","Replay:Ancient Bell","Replay:Bandana","StuffTheSpire:ForceGauntlet","HeavenlyBonsai","Toxic Egg 2","trackpad:ToughGloves","Elementarium:ElementariumTrophy","beaked:SacredDeck","hubris:Towel","jedi:heavyjacket","Sozu","beaked:ShinyBauble","hubris:EvacipatedBox","Membership Card","trackpad:IceCube","Vajra","Mercury Hourglass","CrustySpines","vexMod:ScavengeHelm","Pen Nib","Rawhide"],"acts_visited":["Exordium","Elementarium:Elementarium","TheBeyond","TheEnding"],"potions_floor_usage":[8,16,23,25],"damage_taken":[{"damage":0,"enemies":"Jaw Worm","floor":1,"turns":3},{"damage":0,"enemies":"Small Slimes","floor":2,"turns":3},{"damage":4,"enemies":"Cultist","floor":4,"turns":4},{"damage":0,"enemies":"conspire:2 RoseBushes","floor":5,"turns":5},{"damage":10,"enemies":"Lagavulin","floor":6,"turns":7},{"damage":8,"enemies":"3 Sentries","floor":8,"turns":7},{"damage":8,"enemies":"Replay:BlueRogue","floor":10,"turns":5},{"damage":0,"enemies":"Exordium Wildlife","floor":12,"turns":3},{"damage":0,"enemies":"Blue Slaver","floor":14,"turns":3},{"damage":0,"enemies":"The Guardian","floor":16,"turns":7},{"damage":2,"enemies":"Elementarium:2_ELEMENTALS","floor":18,"turns":6},{"damage":0,"enemies":"Elementarium:Cyclone","floor":21,"turns":7},{"damage":23,"enemies":"Elementarium:VoidBeast","floor":22,"turns":6},{"damage":14,"enemies":"Elementarium:WarGolem","floor":23,"turns":4},{"damage":17,"enemies":"Elementarium:VOID_CORRUPTION_AND_ORB_OF_FIRE","floor":24,"turns":6},{"damage":13,"enemies":"Elementarium:FIRE_NOBILITY","floor":25,"turns":5},{"damage":0,"enemies":"Elementarium:VOID_CORRUPTION_AND_TAR_GOLEM","floor":26,"turns":6},{"damage":6,"enemies":"Elementarium:VOID_CORRUPTION_AND_TAR_GOLEM","floor":28,"turns":6},{"damage":0,"enemies":"Elementarium:3_ELEMENTALS","floor":31,"turns":4},{"damage":10,"enemies":"Elementarium:GoldenDragon","floor":33,"turns":7},{"damage":0,"enemies":"3 Shapes","floor":35,"turns":4},{"damage":0,"enemies":"Reptomancer","floor":40,"turns":8},{"damage":7,"enemies":"Nemesis","floor":45,"turns":5},{"damage":0,"enemies":"Reptomancer","floor":47,"turns":5},{"damage":0,"enemies":"Orb Walker","floor":48,"turns":5},{"damage":0,"enemies":"Time Eater","floor":50,"turns":6},{"damage":40,"enemies":"Shield and Spear","floor":54,"turns":5},{"damage":45,"enemies":"The Heart","floor":55,"turns":8}],"seed_played":"380695888691477325","potions_obtained":[{"floor":6,"key":"ColorlessPotion"},{"floor":12,"key":"FearPotion"},{"floor":18,"key":"Toxic Potion"},{"floor":24,"key":"PowerPotion"},{"floor":31,"key":"SteroidPotion"}],"is_trial":false,"path_per_floor":["M","M","?","M","M","E","?","E","T","E","$","M","$","M","R","B",null,"M","$","?","M","M","E","M","E","MIM","R","M","R","$","M","R","B",null,"M","?","?","?","AVR","E","R","$","T","R","E","R","E","M","R","B",null,"R","$","E","B",null],"character_chosen":"THE_FIREFLY","items_purchased":["thefirefly:AutoTargeting+1","vexMod:HeadHunter","infinitespire:ShieldingShard","thefirefly:CoveringFire+1","hubris:MedicalManual","thefirefly:LaserMail+1","Reforge+1","trackpad:ToughGloves","hubris:EvacipatedBox","Membership Card","CrustySpines","vexMod:ScavengeHelm","aspiration:HiddenCompartment","Pen Nib"],"campfire_rested":4,"item_purchase_floors":[11,11,11,13,13,19,30,30,42,42,53,53,53,53],"current_hp_per_floor":[45,45,45,41,41,31,31,23,23,15,15,15,15,15,30,30,45,47,47,37,39,22,11,53,45,51,51,49,74,74,74,74,70,86,86,86,86,86,86,91,91,57,57,85,78,96,99,101,101,105,105,105,105,71,32],"gold":313,"neow_bonus":"REMOVE_CARD","is_daily":false,"chose_seed":false,"campfire_upgraded":4,"win_rate":0.0,"timestamp":1611145710,"path_taken":["M","M","?","M","M","E","?","E","T","E","$","M","?","M","R","BOSS","M","$","?","M","M","E","M","E","MIM","R","M","R","?","M","R","BOSS","M","?","?","?","AVR","E","R","?","T","R","E","R","E","M","R","BOSS","R","$","E","BOSS"],"items_purchased_type":["Card","Relic","Relic","Card","Relic","Card","Card","Relic","Relic","Relic","Relic","Relic","Relic","Relic"],"build_version":"2020-12-22","purchased_purges":4,"victory":true,"max_hp_per_floor":[50,50,50,50,50,50,50,50,50,50,50,50,50,50,50,50,50,54,54,54,56,62,65,70,75,81,81,85,85,85,85,85,91,91,91,91,91,91,91,96,96,96,96,96,96,96,99,101,101,105,105,105,105,111,117],"card_choices":[{"not_picked":["thefirefly:Teleport+1","thefirefly:PotentAmmunition+1"],"picked":"thefirefly:ArtillleryBeam+1","floor":1},{"not_picked":["thefirefly:Boost+1","thefirefly:StarCinder+1"],"picked":"thefirefly:ShieldGenerator+1","floor":2},{"not_picked":["thefirefly:CoveringFire+1","thefirefly:EphemeronForm+1"],"picked":"thefirefly:InterceptingShot+1","floor":4},{"not_picked":["thefirefly:ShieldArray+1","thefirefly:ParadoxEngine+1"],"picked":"thefirefly:InterceptingShot+1","floor":5},{"not_picked":["thefirefly:Rend+1","thefirefly:EMP+1"],"picked":"thefirefly:SteadyAim+1","floor":6},{"not_picked":["thefirefly:Preload+1","thefirefly:EnergyShield+1","thefirefly:DecoyShot+1"],"picked":"SKIP","floor":8},{"not_picked":["thefirefly:Flight+1","thefirefly:RollBack+1"],"picked":"thefirefly:QuantumTunneling+1","floor":10},{"not_picked":["thefirefly:InterceptingShot+1","thefirefly:Bombardment+1"],"picked":"thefirefly:ShieldGenerator+1","floor":12},{"not_picked":["thefirefly:StarCinder+1","thefirefly:Preload+1","thefirefly:EphemeronForm+1"],"picked":"SKIP","floor":14},{"not_picked":["thefirefly:BreachMissile+1","thefirefly:Unburden+1"],"picked":"thefirefly:Regeneration+1","floor":16},{"not_picked":["Hatred","Replay:Hysterical Blindness"],"picked":"CommonCold","floor":17},{"not_picked":["hubris:Despair","Doubt"],"picked":"Intolerance","floor":17},{"not_picked":["hubris:Wrath","ReplayTheSpireMod:Restless Dread"],"picked":"Injury","floor":17},{"not_picked":["thefirefly:ErraticMotions+1","thefirefly:EvasiveManeuver+1"],"picked":"thefirefly:AuroralDischarge+1","floor":18},{"not_picked":["thefirefly:StarCinder+1","thefirefly:DataMiner+1","thefirefly:ErraticMotions+1"],"picked":"SKIP","floor":21},{"not_picked":["thefirefly:Boost+1","thefirefly:EvasiveManeuver+1"],"picked":"thefirefly:EMP+1","floor":22},{"not_picked":["thefirefly:Cosmogenesis","thefirefly:BreachMissile"],"picked":"thefirefly:HyperspaceAssault","floor":23},{"not_picked":["thefirefly:Distort+1","thefirefly:LaserMail+1","thefirefly:Ruminate+1"],"picked":"SKIP","floor":23},{"not_picked":["thefirefly:ReverseEngine+1","thefirefly:InterceptingShot+1","thefirefly:Rend+1"],"picked":"SKIP","floor":24},{"not_picked":["thefirefly:Cosmogenesis","thefirefly:Dematerialize+1","thefirefly:ParadoxEngine+1"],"picked":"SKIP","floor":25},{"not_picked":["thefirefly:FlakCannon+1","thefirefly:SearingEnigma+1","thefirefly:BoltzmannBrain+1"],"picked":"SKIP","floor":25},{"not_picked":["thefirefly:QuantumTunneling+1","thefirefly:StoredPower+1","thefirefly:FlareScreen+1"],"picked":"SKIP","floor":28},{"not_picked":["thefirefly:Boost+1","thefirefly:CoveringFire+1","thefirefly:DataMiner+1"],"picked":"SKIP","floor":31},{"not_picked":["thefirefly:Regeneration+1","thefirefly:CreateClone+1"],"picked":"thefirefly:RerouteCircuit+1","floor":33},{"not_picked":["thefirefly:PotentAmmunition+1","thefirefly:FullProjection+1"],"picked":"thefirefly:AutoTargeting+1","floor":35},{"not_picked":["thefirefly:Unweft+1","thefirefly:Cosmogenesis+1"],"picked":"thefirefly:BoltzmannBrain+1","floor":37},{"not_picked":["thefirefly:MindControl","thefirefly:Dematerialize"],"picked":"thefirefly:RerouteCircuit","floor":40},{"not_picked":["thefirefly:Distort+1","thefirefly:EnergyShield+1","thefirefly:LifeSupport+1"],"picked":"SKIP","floor":40},{"not_picked":["thefirefly:LustForEternity","thefirefly:Unweft"],"picked":"thefirefly:Unburden","floor":45},{"not_picked":["thefirefly:EnergyShield+1","thefirefly:LifeSupport+1","thefirefly:QuantumTunneling+1"],"picked":"SKIP","floor":45},{"not_picked":["thefirefly:Regeneration","thefirefly:Unburden","thefirefly:TachyonBeam"],"picked":"SKIP","floor":47},{"not_picked":["thefirefly:Teleport+1","thefirefly:ShieldGenerator+1","thefirefly:PhantomStrike+1"],"picked":"SKIP","floor":47},{"not_picked":["thefirefly:Bombardment+1","thefirefly:Pacify+1","thefirefly:LaserBarrage+1"],"picked":"SKIP","floor":48},{"not_picked":["thefirefly:AlphaStrike","thefirefly:HyperspaceAssault","thefirefly:MindControl"],"picked":"SKIP","floor":54},{"not_picked":["thefirefly:LifeSupport+1","thefirefly:EphemeronForm+1","thefirefly:QuantumTunneling+1"],"picked":"SKIP","floor":54}],"player_experience":2190551,"relics_obtained":[{"floor":6,"key":"infinitespire:EmpoweringShard"},{"floor":8,"key":"infinitespire:WardingShard"},{"floor":9,"key":"Juzu Bracelet"},{"floor":10,"key":"conspire:DeflatedDodgeball"},{"floor":25,"key":"Toxic Egg 2"},{"floor":40,"key":"beaked:ShinyBauble"},{"floor":43,"key":"trackpad:IceCube"},{"floor":45,"key":"Vajra"},{"floor":47,"key":"Mercury Hourglass"},{"floor":54,"key":"Rawhide"}],"event_choices":[{"damage_healed":0,"gold_gain":0,"player_choice":"Simplicity","damage_taken":0,"max_hp_gain":0,"max_hp_loss":8,"event_name":"betterThird:BetterWriting","floor":0,"gold_loss":0},{"damage_healed":0,"gold_gain":0,"player_choice":"Invest 1","damage_taken":0,"max_hp_gain":0,"max_hp_loss":0,"event_name":"conspire:Investor","floor":3,"gold_loss":0},{"damage_healed":0,"gold_gain":0,"player_choice":"Agree","damage_taken":0,"max_hp_gain":0,"max_hp_loss":0,"event_name":"conspire:LoneGhost","floor":7,"gold_loss":0},{"damage_healed":0,"gold_gain":2,"player_choice":"2","damage_taken":0,"max_hp_gain":0,"max_hp_loss":10,"event_name":"betterStone:BetterStone","floor":20,"gold_loss":0},{"damage_healed":0,"gold_gain":0,"player_choice":"2","damage_taken":0,"max_hp_gain":0,"max_hp_loss":0,"event_name":"betterMatch:BetterMatch","floor":37,"gold_loss":0,"cards_obtained":["betterMatch:RareCard"]}],"is_beta":false,"boss_relics":[{"not_picked":["vexMod:EndlessSickness","halation:Yufonium"],"picked":"Replay:Ancient Bell"},{"not_picked":["Tiny Chest","MealTicket"],"picked":"Replay:Bandana"},{"not_picked":["jedi:angrymask","Darkstone Periapt"],"picked":"StuffTheSpire:ForceGauntlet"},{"not_picked":["BicycleWheel","infinitespire:CursedDice"],"picked":"HeavenlyBonsai"},{"not_picked":["ReplayTheSpireMod:SealedPack","Replay:Drink Me"],"picked":"beaked:SacredDeck"}],"items_purged_floors":[19,39,42,53],"is_endless":false,"potions_floor_spawned":[2,6,12,14,18,24,31,45,48],"ascension_level":14}}