{"host":"u9h06qdlnp3wgzsw","time":1611136065,"event":{"mods":["Act Like it!","BaseMod","Curses Come First","Downfall","Hallownest","Hermit","Minty Spire (QoL Compilation)","Quick Restart","Rare Cards Sparkle","Shop Mod","StSLib","The Disciple","The Hierophant","The Servant 0.9.4"],"gold_per_floor":[110,128,140,150,150,189,212,233,259,102,127,145,145,145,145,264,264,277,290,290,290,290,290,290,290],"floor_reached":24,"language":"ENG","playtime":1482,"items_purged":[],"score":200,"play_id":"ad1da4d4-7ce4-4f7f-8de5-0557bb3e5687","local_time":"20210120044745","is_ascension_mode":false,"campfire_choices":[{"data":"LockedLightning","floor":13,"key":"SMITH"},{"data":"TiringSlam","floor":15,"key":"SMITH"},{"data":"OldTimer","floor":23,"key":"SMITH"}],"circlet_count":0,"master_deck":["Strike_Br","Strike_Br","Strike_Br","Strike_Br","Defend_Br","Defend_Br","Defend_Br","Defend_Br","SecondHand","PatternShift","LockedBlood","WindUp","HandsUpC","LockedLightning+1","LockedScales","HandsUpC","HandsUpC","TiringSlam+1","OldTimer+1","ExoVibe","LockedTurtyl+1","Writhe"],"relics":["Chronometer","Golden Idol","Meat on the Bone","hexamod:BolsterEngine","Membership Card","Metronome","HornCleat","Omamori"],"acts_visited":["Exordium","TheCity"],"potions_floor_usage":[6,6,19,19,24],"damage_taken":[{"damage":5,"enemies":"Small Slimes","floor":1,"turns":5},{"damage":7,"enemies":"Jaw Worm","floor":2,"turns":6},{"damage":1,"enemies":"Cultist","floor":3,"turns":5},{"damage":12,"enemies":"Looter","floor":4,"turns":5},{"damage":10,"enemies":"Lagavulin","floor":6,"turns":8},{"damage":4,"enemies":"3 Louse","floor":7,"turns":5},{"damage":11,"enemies":"Blue Slaver","floor":8,"turns":4},{"damage":9,"enemies":"Exordium Thugs","floor":11,"turns":5},{"damage":4,"enemies":"Looter","floor":12,"turns":3},{"damage":46,"enemies":"Slime Boss","floor":16,"turns":9},{"damage":5,"enemies":"Chosen","floor":18,"turns":5},{"damage":14,"enemies":"Spheric Guardian","floor":19,"turns":5},{"damage":70,"enemies":"Gremlin Leader","floor":24,"turns":6}],"seed_played":"1745545048961616267","potions_obtained":[{"floor":2,"key":"GamblersBrew"},{"floor":3,"key":"WardPotion"},{"floor":7,"key":"Fruit Juice"},{"floor":11,"key":"WardPotion"},{"floor":16,"key":"Energy Potion"}],"is_trial":false,"path_per_floor":["M","M","M","M","?","E","M","M","T","$","M","M","R","?","R","B",null,"M","M","T","?","?","R","E"],"character_chosen":"CHRONO_CLASS","items_purchased":["Membership Card"],"campfire_rested":0,"item_purchase_floors":[10],"current_hp_per_floor":[66,65,70,62,62,56,58,53,53,53,50,50,50,66,66,38,66,65,53,53,53,53,53,0,0],"gold":290,"neow_bonus":"TEN_PERCENT_HP_BONUS","is_daily":false,"chose_seed":false,"campfire_upgraded":3,"win_rate":0.0,"timestamp":1611136065,"path_taken":["M","M","M","M","?","E","M","M","T","$","M","M","R","?","R","BOSS","M","M","?","?","?","R","E"],"items_purchased_type":["Relic"],"build_version":"2020-12-22","purchased_purges":0,"victory":false,"max_hp_per_floor":[71,71,71,71,66,66,66,66,66,66,66,66,66,66,66,66,66,66,66,66,66,66,66,71,71],"card_choices":[{"not_picked":["CrunchTime","WakeUpCall"],"picked":"LockedBlood","floor":1},{"not_picked":["CrunchTime","VestedLegacy"],"picked":"WindUp","floor":2},{"not_picked":["Echoward","PrimeTime"],"picked":"HandsUpC","floor":3},{"not_picked":["WakeUpCall","CrunchTime","LockedAnchor"],"picked":"SKIP","floor":4},{"not_picked":["VestedLegacy","Backlash"],"picked":"LockedLightning","floor":6},{"not_picked":["WakeUpCall","PrimeTime"],"picked":"LockedScales","floor":7},{"not_picked":["CrunchTime","ReapSow"],"picked":"HandsUpC","floor":8},{"not_picked":["CrunchTime","ReapSow"],"picked":"HandsUpC","floor":11},{"not_picked":["ReapSow","Parity"],"picked":"TiringSlam","floor":12},{"not_picked":["OverTime","LockedCalendar"],"picked":"OldTimer","floor":16},{"not_picked":["WatchCommand","SlimeSpray"],"picked":"ExoVibe","floor":18},{"not_picked":["BeatsPerMinute","ExoVibe"],"picked":"LockedTurtyl+1","floor":19}],"player_experience":830898,"relics_obtained":[{"floor":6,"key":"Meat on the Bone"},{"floor":9,"key":"hexamod:BolsterEngine"},{"floor":20,"key":"HornCleat"}],"event_choices":[{"damage_healed":0,"gold_gain":0,"player_choice":"Lose Max HP","damage_taken":0,"relics_obtained":["Golden Idol"],"max_hp_gain":0,"max_hp_loss":5,"event_name":"Golden Idol","floor":5,"gold_loss":0},{"damage_healed":16,"gold_gain":0,"player_choice":"Full Heal","damage_taken":0,"max_hp_gain":0,"max_hp_loss":0,"event_name":"Wheel of Change","floor":14,"gold_loss":0},{"damage_healed":0,"gold_gain":0,"player_choice":"Opened","damage_taken":0,"relics_obtained":["Omamori"],"max_hp_gain":0,"max_hp_loss":0,"event_name":"The Mausoleum","floor":21,"gold_loss":0,"cards_obtained":["Writhe"]},{"damage_healed":0,"gold_gain":0,"player_choice":"Ignored","damage_taken":0,"max_hp_gain":0,"max_hp_loss":0,"event_name":"Ghosts","floor":22,"gold_loss":0}],"is_beta":false,"boss_relics":[{"not_picked":["Runic Pyramid","Pandora\u0027s Box"],"picked":"Metronome"}],"items_purged_floors":[],"is_endless":false,"potions_floor_spawned":[2,3,7,11,16],"killed_by":"Gremlin Leader","ascension_level":0}}