{"host":"njruw0b0uprlitpx","time":1611183838,"event":{"mods":["2.2 Compatiblity","Bartender","BaseMod","Better Altar","Better Match","Better Note","Better Sensory Stone","Better Skull","Better Third Choice","BetterRewards","Block Reminder","Colored Map","Colored Powertips","Energized Spire","Jedi Mod","Keyboard Shortcuts","Minty Spire (QoL Compilation)","Quick Restart","Rare Cards Sparkle","Relic Stats","Replay The Spire","SacredBarkPlus","Spicy Shops","StSLib","SuperFastMode","The Blackbeard","The Construct","The Dragon Tamer","The Forsaken","The Mystic","Wandering Minibosses"],"gold_per_floor":[109,128,145,176,206,232,266,266,266,266,24,93,170,30,163,163,251,251,341,382,454,20,20,91,163,163,163,163,253,253,345,403,403,552,552,596,676,325,414,88,88,0,60,128,193,353,462,462,462,462,512],"floor_reached":52,"language":"ENG","playtime":4900,"items_purged":["Defend_Bartender","Defend_Bartender","Strike_Bartender","Strike_Bartender","Defend_Bartender","Defend_Bartender"],"score":1190,"play_id":"eadc1c64-d813-470a-b411-9d02c2d210af","local_time":"20210120170358","is_ascension_mode":false,"campfire_choices":[{"data":"Alacrity","floor":8.0,"key":"SMITH"},{"floor":16,"key":"REST"},{"data":"Liquid_Armor","floor":26,"key":"SMITH"},{"data":"Cold_Blooded","floor":28,"key":"SMITH"},{"data":"Butterfly_Float","floor":30,"key":"SMITH"},{"data":"Surge","floor":33,"key":"SMITH"},{"data":"Breathe_Deep","floor":48,"key":"SMITH"},{"data":"Discovery","floor":50,"key":"SMITH"}],"circlet_count":0,"master_deck":["Strike_Bartender","Strike_Bartender","Somersault","Momentum+1","Top_Shelf+1","Vortex","Dolphin_Blow+1","HandOfGreed","Scowl","Surge+1","Wall_of_Ice","Glare","Alacrity+1","Hook","Butterfly_Float+1","Vortex","Wall_of_Ice","Liquid_Armor+1","Cold_Blooded+1","Cross","Fading_Blow","Fading_Blow","Axe_Heel_Kick+1","Ripple+1","Sucker_Punch","Breathe_Deep+1","Rising_Crane+1","Ball_Of_Ice","Meteodrive+1","OpoOpo_Form","OpoOpo_Form","Discovery+1","Dolphin_Blow+1","Greased_Lightning+1","jedi:LeechingStrike","Finesse","Replay:Parry","Snap_Punch+1","AscendersBane","Moonsault_Kick","Hook+1","Dancing_Jab+1","Perfect_Balance"],"relics":["Sneakers","Shovel","Replay:Wax Seal","Guide Book","jedi:kaleidoscope","Unceasing Top","NlothsMask","Membership Card","Replay:Bandana","jedi:firstaidkit","Meat on the Bone","jedi:paperlyon","theForsaken:ScaryMask","Replay:Rubber Ducky","jedi:archwizardhat","Blue Doll","HornCleat","energizedSpire:NeverEndingSparkler","Iron Hammer","DollysMirror","Lantern","Nunchaku","ReplayTheSpireMod:ShopPack","Red Mask","Replay:Bottled Flurry","Calipers","Pet Ghost"],"acts_visited":["Exordium","TheCity","TheBeyond"],"potions_floor_usage":[12,15,17,31,49,51,51,51,51],"damage_taken":[{"damage":0.0,"enemies":"Small Slimes","floor":1.0,"turns":1.0},{"damage":0.0,"enemies":"Cultist","floor":2.0,"turns":2.0},{"damage":6.0,"enemies":"Jaw Worm","floor":3.0,"turns":2.0},{"damage":10.0,"enemies":"2 Fungi Beasts","floor":4.0,"turns":3.0},{"damage":2.0,"enemies":"Looter","floor":5.0,"turns":2.0},{"damage":0.0,"enemies":"Lagavulin","floor":6.0,"turns":3.0},{"damage":2.0,"enemies":"3 Louse","floor":7.0,"turns":3.0},{"damage":0,"enemies":"Lots of Slimes","floor":12,"turns":1},{"damage":6,"enemies":"Red Slaver","floor":13,"turns":2},{"damage":15,"enemies":"3 Sentries","floor":15,"turns":4},{"damage":34,"enemies":"The Guardian","floor":17,"turns":4},{"damage":6,"enemies":"3 Byrds","floor":19,"turns":3},{"damage":0,"enemies":"Spheric Guardian","floor":20,"turns":2},{"damage":0,"enemies":"Shelled Parasite and Fungi","floor":21,"turns":2},{"damage":0,"enemies":"Replay:Snechameleon","floor":24,"turns":2},{"damage":0,"enemies":"Sentry and Sphere","floor":25,"turns":2},{"damage":0,"enemies":"Chosen and Byrds","floor":29,"turns":3},{"damage":6,"enemies":"Slavers","floor":31,"turns":3},{"damage":0,"enemies":"Snake Plant","floor":32,"turns":1},{"damage":0,"enemies":"Automaton","floor":34,"turns":4},{"damage":0,"enemies":"Orb Walker","floor":36,"turns":2},{"damage":0,"enemies":"3 Shapes","floor":37,"turns":2},{"damage":0,"enemies":"3 Darklings","floor":39,"turns":3},{"damage":0,"enemies":"4 Shapes","floor":43,"turns":2},{"damage":0,"enemies":"Spire Growth","floor":45,"turns":3},{"damage":6,"enemies":"Mind Bloom Boss Battle","floor":46,"turns":3},{"damage":0,"enemies":"R_Hoarder","floor":47,"turns":4},{"damage":0,"enemies":"3 Darklings","floor":49,"turns":1},{"damage":0,"enemies":"Time Eater","floor":51,"turns":7}],"seed_played":"860018772850296162","potions_obtained":[{"floor":1.0,"key":"jedi:StrikingPotion"},{"floor":4.0,"key":"jedi:StrikingPotion"},{"floor":6.0,"key":"BlessingOfTheForge"},{"floor":15,"key":"Energy Potion"},{"floor":20,"key":"Fire Potion"},{"floor":32,"key":"jedi:StrikingPotion"},{"floor":34,"key":"Energy Potion"},{"floor":36,"key":"EntropicBrew"}],"is_trial":false,"path_per_floor":["M","M","M","M","M","E","M","R","?","T","$","M","M","$","E","R","B",null,"M","M","M","$","?","E","M","R","T","R","M","R","E","M","R","B",null,"M","M","$","M","$","?","?","M","T","M","?","E","R","M","R","B",null],"character_chosen":"BARTENDER","items_purchased":["Momentum","Top_Shelf","Vortex","Replay:Wax Seal","Dolphin_Blow+1","Guide Book","jedi:kaleidoscope","HandOfGreed","Membership Card","Replay:Bandana","Butterfly_Float","jedi:firstaidkit","Fading_Blow","theForsaken:ScaryMask","Replay:Rubber Ducky","Energy Potion","SmokeBomb","Meteodrive+1","Iron Hammer","OpoOpo_Form","Discovery","DollysMirror","Lantern","Nunchaku","ReplayTheSpireMod:ShopPack","Snap_Punch+1"],"campfire_rested":1,"item_purchase_floors":[0,0,0,0,0,0,0,0,11,11,11,14,22,22,22,22,22,38,38,38,38,38,40,40,40,40],"current_hp_per_floor":[70,70,64,54,52,52,50,50,50,50,50,50,44,44,34,55,35,70,64,64,64,64,64,64,64,64,64,64,64,64,60,60,60,60,70,70,70,70,70,70,70,70,70,70,70,70,70,70,70,70,70],"gold":512,"neow_bonus":"","is_daily":false,"chose_seed":false,"campfire_upgraded":7,"win_rate":0.0,"timestamp":1611183838,"path_taken":["M","M","M","M","M","E","M","R","?","T","$","?","M","?","E","R","BOSS","M","?","M","$","?","E","M","R","T","R","M","R","E","M","R","BOSS","M","M","$","M","$","?","?","M","T","M","?","E","R","M","R","BOSS"],"items_purchased_type":["Card","Card","Card","Relic","Card","Relic","Relic","Card","Relic","Relic","Card","Relic","Card","Relic","Relic","Potion","Potion","Card","Relic","Card","Card","Relic","Relic","Relic","Relic","Card"],"build_version":"2020-12-22","purchased_purges":6,"victory":true,"max_hp_per_floor":[70,70,70,70,70,70,70,70,70,70,70,70,70,70,70,70,70,70,70,70,70,70,70,70,70,70,70,70,70,70,70,70,70,70,70,70,70,70,70,70,70,70,70,70,70,70,70,70,70,70,70],"relic_stats":{"Nunchaku":[7],"Shovel":0,"counters":[27,104],"obtain_stats":[{"Replay:PocketPolymizer":3,"Calipers":46,"Singing Bowl":5,"CeramicFish":45,"Blue Doll":14,"Smiling Mask":26,"White_Cape":29,"Pet Ghost":9,"Silver_Glasses":34,"Chameleon Ring":14,"Strawberry":11,"Red Mask":42,"Replay:Bottled Flurry":44,"Gremlin Food":29,"ReplayTheSpireMod:CursedCoin":49,"ReplayTheSpireMod:Ring of Addiction":14,"Guide Book":29,"jedi:crownofsimplicity":12,"Ring of Greed":14,"MawBank":14,"jedi:HeartOfTheCards":31,"Du-Vu Doll":48,"Strange Spoon":38,"jedi:kaleidoscope":38,"energizedSpire:NeverEndingSparkler":17,"Shuriken":49,"Bronze Scales":24,"Durian":29,"theForsaken:JudgementScales":0,"Toy Ornithopter":14},{"Replay:PocketPolymizer":1,"Calipers":24,"Singing Bowl":2,"CeramicFish":17,"Blue Doll":4,"Smiling Mask":10,"White_Cape":11,"Pet Ghost":2,"Silver_Glasses":13,"Chameleon Ring":4,"Strawberry":2,"Red Mask":21,"Replay:Bottled Flurry":22,"Gremlin Food":11,"ReplayTheSpireMod:CursedCoin":19,"ReplayTheSpireMod:Ring of Addiction":4,"Guide Book":11,"jedi:crownofsimplicity":3,"Ring of Greed":4,"MawBank":4,"jedi:HeartOfTheCards":12,"Du-Vu Doll":19,"Strange Spoon":15,"jedi:kaleidoscope":15,"energizedSpire:NeverEndingSparkler":5,"Shuriken":19,"Bronze Scales":10,"Durian":11,"theForsaken:JudgementScales":0,"Toy Ornithopter":4},{"Replay:PocketPolymizer":3,"Calipers":92,"Singing Bowl":8,"CeramicFish":71,"Blue Doll":13,"Smiling Mask":36,"White_Cape":40,"Pet Ghost":8,"Silver_Glasses":55,"Chameleon Ring":13,"Strawberry":8,"Red Mask":84,"Replay:Bottled Flurry":86,"Gremlin Food":40,"ReplayTheSpireMod:CursedCoin":78,"ReplayTheSpireMod:Ring of Addiction":13,"Guide Book":40,"jedi:crownofsimplicity":12,"Ring of Greed":13,"MawBank":13,"jedi:HeartOfTheCards":44,"Du-Vu Doll":78,"Strange Spoon":61,"jedi:kaleidoscope":61,"energizedSpire:NeverEndingSparkler":21,"Shuriken":78,"Bronze Scales":36,"Durian":40,"theForsaken:JudgementScales":0,"Toy Ornithopter":13}],"Unceasing Top":[0],"Meat on the Bone":12},"card_choices":[{"not_picked":["Free_Pour","Sucker_Punch"],"picked":"Scowl","floor":1.0},{"not_picked":["Torment","Scoop"],"picked":"Surge","floor":2.0},{"not_picked":["Dragonkick","Free_Pour","Center_Self"],"picked":"SKIP","floor":3.0},{"not_picked":["Perfect_Balance","Well_Drinks"],"picked":"Wall_of_Ice","floor":4.0},{"not_picked":["With_A_Twist","On_The_Rocks"],"picked":"Glare","floor":5.0},{"not_picked":["Fading_Blow","Meditate"],"picked":"Alacrity","floor":6.0},{"not_picked":["Liquid_Armor","Blizzard_Spikes"],"picked":"Hook","floor":7.0},{"not_picked":["Step_Of_The_Wind","Feint"],"picked":"Vortex","floor":12},{"not_picked":["Feint","Bicycle_Kick"],"picked":"Wall_of_Ice","floor":13},{"not_picked":["Bloodbath_Bartender","Dancing_Jab"],"picked":"Liquid_Armor","floor":15},{"not_picked":["Storage","Beat_Rush"],"picked":"Cold_Blooded","floor":17},{"not_picked":["Dragonkick","Bitters","Hook"],"picked":"SKIP","floor":19},{"not_picked":["Glare","Coeurl_Form+1","ThreeSidedStar"],"picked":"SKIP","floor":20},{"not_picked":["Wall_of_Ice","Well_Drinks"],"picked":"Cross","floor":21},{"not_picked":["Scowl","Free_Pour","Momentum"],"picked":"SKIP","floor":24},{"not_picked":["Step_Of_The_Wind","Phantom_Blow"],"picked":"Axe_Heel_Kick+1","floor":25},{"not_picked":["Butterfly_Float","On_The_Rocks"],"picked":"Ripple+1","floor":29},{"not_picked":["Bouncer+1","Torment","Bloodbath_Bartender"],"picked":"SKIP","floor":31},{"not_picked":["Alacrity","Press_Forward"],"picked":"Sucker_Punch","floor":32},{"not_picked":["Top_Shelf","Spirits_Within"],"picked":"Breathe_Deep","floor":34},{"not_picked":["Snap_Punch+1","Scoop+1"],"picked":"Rising_Crane+1","floor":36},{"not_picked":["Dancing_Jab","Rope_A_Dope+1"],"picked":"Ball_Of_Ice","floor":37},{"not_picked":["Spirits_Within","Dragonkick"],"picked":"Greased_Lightning+1","floor":39},{"not_picked":["Midas Touch","Thinking Ahead"],"picked":"jedi:LeechingStrike","floor":40},{"not_picked":["Panacea","Impatience"],"picked":"Finesse","floor":40},{"not_picked":["Madness","Blind"],"picked":"Replay:Parry","floor":40},{"not_picked":["Foot_Thrust","Glare"],"picked":"Hook+1","floor":43},{"not_picked":["Press_Forward+1","Center_Self"],"picked":"Dancing_Jab+1","floor":45},{"not_picked":["Press_Forward+1","Center_Self"],"picked":"Perfect_Balance","floor":46},{"not_picked":["Tornado_Kick+1","With_A_Twist+1","Scowl+1"],"picked":"SKIP","floor":47}],"player_experience":1528938,"relics_obtained":[{"floor":6.0,"key":"Unceasing Top"},{"floor":15,"key":"Meat on the Bone"},{"floor":24,"key":"jedi:archwizardhat"},{"floor":27,"key":"Blue Doll"},{"floor":31,"key":"HornCleat"},{"floor":44,"key":"Replay:Bottled Flurry"},{"floor":46,"key":"Calipers"},{"floor":47,"key":"Pet Ghost"}],"event_choices":[{"damage_healed":0.0,"max_hp_gain":0.0,"max_hp_loss":0.0,"gold_gain":0.0,"event_name":"FaceTrader","player_choice":"Trade","floor":9.0,"gold_loss":0.0,"damage_taken":0.0,"relics_obtained":["NlothsMask"]},{"cards_removed":["Alacrity"],"damage_healed":0,"gold_gain":0,"player_choice":"Give","damage_taken":0,"max_hp_gain":0,"max_hp_loss":0,"event_name":"betterNote:BetterNote","floor":23,"gold_loss":0,"cards_obtained":["Momentum"]},{"damage_healed":0,"gold_gain":3,"player_choice":"3","damage_taken":0,"max_hp_gain":0,"max_hp_loss":0,"event_name":"betterStone:BetterStone","floor":41,"gold_loss":0,"cards_obtained":["Moonsault_Kick"]},{"damage_healed":0,"gold_gain":0,"player_choice":"Paid","damage_taken":0,"relics_obtained":["Red Mask"],"max_hp_gain":0,"max_hp_loss":0,"event_name":"Tomb of Lord Red Mask","floor":42,"gold_loss":88},{"damage_healed":0,"gold_gain":0,"player_choice":"Fight","damage_taken":0,"max_hp_gain":0,"max_hp_loss":0,"event_name":"MindBloom","floor":46,"gold_loss":0}],"is_beta":false,"boss_relics":[{"not_picked":["Replay:Drink Me","Busted Crown"],"picked":"jedi:paperlyon"},{"not_picked":["Kintsugi","Pandora\u0027s Box"],"picked":"energizedSpire:NeverEndingSparkler"}],"items_purged_floors":[14,14,22,22,38,40],"is_endless":false,"potions_floor_spawned":[1,4,6,15,20,24,25,32,34,36,45,47],"ascension_level":0}}