{"host":"0ueeacaatm8t6jyh","time":1611131572,"event":{"mods":["AchievementEnabler","BaseMod","Colored Powertips","Minty Spire (QoL Compilation)","Quick Restart","Rare Cards Sparkle","StSLib"],"gold_per_floor":[109,109,1,1,14,42,16,16,89,89,105,131,147,72,72,151,151,167,178,198,248,248,248,258,258,258],"floor_reached":25,"language":"ZHS","playtime":809,"items_purged":["Strike_R"],"score":472,"play_id":"ee1b160f-304c-4631-95d3-dd319652088a","local_time":"20210120163252","is_ascension_mode":true,"campfire_choices":[{"data":"Body Slam","floor":8.0,"key":"SMITH"},{"data":"Dark Embrace","floor":10.0,"key":"SMITH"},{"data":"Pommel Strike","floor":15.0,"key":"SMITH"},{"floor":23.0,"key":"REST"}],"circlet_count":0,"master_deck":["AscendersBane","Strike_R","Strike_R","Defend_R","Defend_R","Defend_R","Defend_R","Bash","Body Slam+1","Feel No Pain","Cleave","Battle Trance","Dark Embrace+1","Pommel Strike+1","Shrug It Off","Shockwave","Immolate","Iron Wave+1","Evolve+1"],"relics":["Burning Blood","NeowsBlessing","Strawberry","Frozen Egg 2","StoneCalendar","SlaversCollar"],"acts_visited":["Exordium","TheCity"],"potions_floor_usage":[25],"damage_taken":[{"damage":0.0,"enemies":"Cultist","floor":1.0,"turns":1.0},{"damage":0.0,"enemies":"Small Slimes","floor":5.0,"turns":1.0},{"damage":0.0,"enemies":"Lagavulin","floor":6.0,"turns":1.0},{"damage":7.0,"enemies":"Jaw Worm","floor":11.0,"turns":5.0},{"damage":15.0,"enemies":"3 Sentries","floor":12.0,"turns":7.0},{"damage":6.0,"enemies":"Exordium Wildlife","floor":13.0,"turns":4.0},{"damage":60.0,"enemies":"Hexaghost","floor":16.0,"turns":9.0},{"damage":23.0,"enemies":"Chosen","floor":18.0,"turns":6.0},{"damage":19.0,"enemies":"Spheric Guardian","floor":19.0,"turns":4.0},{"damage":23.0,"enemies":"Centurion and Healer","floor":20.0,"turns":7.0},{"damage":25.0,"enemies":"3 Cultists","floor":24.0,"turns":4.0},{"damage":24,"enemies":"Snake Plant","floor":25,"turns":2}],"seed_played":"-7100121834022945278","potions_obtained":[{"floor":5.0,"key":"AttackPotion"},{"floor":13.0,"key":"Fire Potion"},{"floor":16.0,"key":"Energy Potion"},{"floor":20.0,"key":"DistilledChaos"},{"floor":24.0,"key":"AttackPotion"}],"is_trial":false,"path_per_floor":["M","$","$","?","M","E","$","R","T","R","M","E","M","$","R","B",null,"M","M","M","?","?","R","M","M"],"character_chosen":"IRONCLAD","items_purchased":["Feel No Pain","Cleave","Pommel Strike"],"campfire_rested":1,"item_purchase_floors":[3,3,7],"current_hp_per_floor":[74,74,74,67,73,82,82,82,82,82,81,72,72,72,72,18,66,49,36,19,19,19,43,24,0,0],"gold":258,"neow_bonus":"THREE_ENEMY_KILL","is_daily":false,"chose_seed":false,"campfire_upgraded":3,"win_rate":0.0,"timestamp":1611131572,"path_taken":["M","?","$","?","M","E","?","R","T","R","?","E","M","$","R","BOSS","M","M","M","?","?","R","?","M"],"items_purchased_type":["Card","Card","Card"],"build_version":"2020-12-22","purchased_purges":1,"victory":false,"max_hp_per_floor":[75,75,75,75,75,82,82,82,82,82,82,82,82,82,82,82,82,82,82,82,82,82,82,82,82,82],"card_choices":[{"not_picked":["True Grit","Heavy Blade"],"picked":"Body Slam","floor":1.0},{"not_picked":["Thunderclap","Headbutt"],"picked":"Battle Trance","floor":5.0},{"not_picked":["Inflame","Headbutt"],"picked":"Dark Embrace","floor":6.0},{"not_picked":["Headbutt","Clash","Pommel Strike"],"picked":"SKIP","floor":11.0},{"not_picked":["Infernal Blade","Body Slam"],"picked":"Shrug It Off","floor":12.0},{"not_picked":["Heavy Blade","Clothesline"],"picked":"Shockwave","floor":13.0},{"not_picked":["Bludgeon","Demon Form+1"],"picked":"Immolate","floor":16.0},{"not_picked":["Havoc","Shockwave","Cleave+1"],"picked":"SKIP","floor":18.0},{"not_picked":["Havoc","Armaments+1"],"picked":"Iron Wave+1","floor":19.0},{"not_picked":["Whirlwind","Rupture+1","Thunderclap"],"picked":"SKIP","floor":20.0},{"not_picked":["Armaments","Carnage+1"],"picked":"Evolve+1","floor":24.0}],"player_experience":414266,"relics_obtained":[{"floor":6.0,"key":"Strawberry"},{"floor":9.0,"key":"Frozen Egg 2"},{"floor":12.0,"key":"StoneCalendar"}],"event_choices":[{"cards_removed":["Strike_R"],"damage_healed":0.0,"max_hp_gain":0.0,"max_hp_loss":0.0,"gold_gain":0.0,"event_name":"Golden Wing","player_choice":"Card Removal","floor":4.0,"gold_loss":0.0,"damage_taken":7.0},{"damage_healed":0.0,"max_hp_gain":0.0,"max_hp_loss":0.0,"gold_gain":50.0,"event_name":"Nest","player_choice":"Stole From Cult","floor":21.0,"gold_loss":0.0,"damage_taken":0.0},{"cards_removed":["Strike_R"],"damage_healed":0.0,"max_hp_gain":0.0,"max_hp_loss":0.0,"gold_gain":0.0,"event_name":"Back to Basics","player_choice":"Elegance","floor":22.0,"gold_loss":0.0,"damage_taken":0.0}],"is_beta":false,"boss_relics":[{"not_picked":["SacredBark","Busted Crown"],"picked":"SlaversCollar"}],"items_purged_floors":[14],"is_endless":false,"potions_floor_spawned":[5,13,16,20,24],"killed_by":"Snake Plant","ascension_level":20}}