{"host":"9czo1ewqehy3yunx","time":1611104006,"event":{"mods":["Act Like it!","BaseMod","CapriCore","DeckTracker","GifTheSpireLib","Hermit","Keyboard Shortcuts","Minty Spire (QoL Compilation)","Permanent Neow","Quick Restart","StSLib","SuperFastMode"],"gold_per_floor":[111,129,144,161,180,180,209,63,63,28,47,47,12,27,27,128,178,194,212,212,224,224,224,224,224,224,224,237,237,6,23,23,125,125,135,135,151,171,183,183,183,183],"floor_reached":41,"language":"KOR","playtime":3159,"items_purged":[],"score":447,"play_id":"cfc3f446-f212-4236-b05c-49acecafb776","local_time":"20210120095326","is_ascension_mode":false,"campfire_choices":[{"floor":6,"key":"REST"},{"floor":12,"key":"REST"},{"data":"hermit:FatalDesire","floor":15,"key":"SMITH"},{"floor":23,"key":"REST"},{"floor":27,"key":"REST"},{"data":"hermit:ShadowCloak","floor":29,"key":"SMITH"},{"floor":32,"key":"REST"},{"floor":40,"key":"REST"}],"circlet_count":0,"master_deck":["hermit:Strike_Hermit+1","hermit:Strike_Hermit","hermit:Strike_Hermit","hermit:Strike_Hermit","hermit:Defend_Hermit","hermit:Defend_Hermit","hermit:Defend_Hermit+1","hermit:Defend_Hermit","hermit:Snapshot","hermit:Covet","hermit:FatalDesire+1","hermit:SprayPray+1","hermit:Manifest","hermit:ShadowCloak","hermit:SprayPray","hermit:ShadowCloak+1","hermit:Manifest","hermit:LuckOfTheDraw","hermit:Glare","hermit:Manifest","hermit:Misfire","hermit:FinalCanter","hermit:SprayPray","hermit:Midnight","hermit:FlashPowder","Decay","hermit:Manifest","hermit:Glare","hermit:Spite","hermit:Reprieve","CurseOfTheBell","hermit:Manifest","Secret Technique","hermit:Misfire+1","hermit:Malice+1"],"relics":["hermit:Momento","Blood Vial","Orrery","Whetstone","Tiny House","MutagenicStrength","Torii","Singing Bowl","Membership Card","Pen Nib","Calling Bell","PreservedInsect","Frozen Egg 2","Pocketwatch"],"acts_visited":["Exordium","TheCity","TheBeyond"],"potions_floor_usage":[16,16,39],"damage_taken":[{"damage":20,"enemies":"Jaw Worm","floor":1,"turns":4},{"damage":8,"enemies":"Small Slimes","floor":2,"turns":4},{"damage":5,"enemies":"2 Louse","floor":3,"turns":3},{"damage":15,"enemies":"Looter","floor":4,"turns":3},{"damage":14,"enemies":"Blue Slaver","floor":5,"turns":4},{"damage":16,"enemies":"Lagavulin","floor":7,"turns":8},{"damage":1,"enemies":"Exordium Wildlife","floor":11,"turns":4},{"damage":12,"enemies":"Looter","floor":14,"turns":4},{"damage":17,"enemies":"Hexaghost","floor":16,"turns":17},{"damage":40,"enemies":"2 Thieves","floor":18,"turns":4},{"damage":23,"enemies":"3 Byrds","floor":19,"turns":9},{"damage":11,"enemies":"3 Cultists","floor":21,"turns":10},{"damage":8,"enemies":"Centurion and Healer","floor":28,"turns":10},{"damage":7,"enemies":"Chosen and Byrds","floor":31,"turns":6},{"damage":45,"enemies":"Champ","floor":33,"turns":19},{"damage":2,"enemies":"Orb Walker","floor":35,"turns":7},{"damage":28,"enemies":"3 Darklings","floor":37,"turns":13},{"damage":23,"enemies":"Spire Growth","floor":38,"turns":8},{"damage":58,"enemies":"Transient","floor":39,"turns":5},{"damage":38,"enemies":"4 Shapes","floor":41,"turns":5}],"seed_played":"6307138395740418290","potions_obtained":[{"floor":3,"key":"hermit:Tonic"},{"floor":7,"key":"SpeedPotion"},{"floor":11,"key":"Strength Potion"},{"floor":16,"key":"Block Potion"},{"floor":17,"key":"Regen Potion"}],"is_trial":false,"path_per_floor":["M","M","M","M","M","R","E","$","T","?","M","R","?","M","R","B",null,"M","M","?","M","?","R","T","$","T","R","M","R","$","M","R","B",null,"M","?","M","M","M","R","M"],"character_chosen":"HERMIT","items_purchased":["Orrery","Membership Card","hermit:Glare","Pen Nib"],"campfire_rested":6,"item_purchase_floors":[8,30,30,30],"current_hp_per_floor":[48,40,35,20,6,26,10,10,10,10,11,31,48,38,38,23,73,33,12,12,3,3,24,24,24,24,45,39,39,39,34,55,12,73,71,71,73,50,8,30,0,0],"gold":183,"neow_bonus":"THREE_RARE_CARDS","is_daily":false,"chose_seed":false,"campfire_upgraded":2,"win_rate":0.0,"timestamp":1611104006,"path_taken":["M","M","M","M","M","R","E","$","T","?","M","R","?","M","R","BOSS","M","M","?","M","?","R","?","$","T","R","M","R","?","?","R","BOSS","M","?","M","M","M","R","M"],"items_purchased_type":["Relic","Relic","Card","Relic"],"build_version":"2020-12-22","purchased_purges":0,"victory":false,"max_hp_per_floor":[68,68,68,68,68,68,68,68,68,68,68,68,68,68,68,68,73,73,73,73,73,73,73,73,73,73,73,73,73,73,73,73,73,73,73,73,73,73,75,75,75,75],"card_choices":[{"not_picked":["hermit:FromBeyond","hermit:Dissolve"],"picked":"hermit:FatalDesire","floor":0},{"not_picked":["hermit:Ricochet","hermit:Quickdraw"],"picked":"hermit:SprayPray","floor":1},{"not_picked":["hermit:HoleUp","hermit:NoHoldsBarred","hermit:Headshot"],"picked":"SKIP","floor":2},{"not_picked":["hermit:Enervate","hermit:Coalescence"],"picked":"hermit:Manifest","floor":3},{"not_picked":["hermit:FlashPowder","hermit:NoHoldsBarred"],"picked":"hermit:ShadowCloak","floor":4},{"not_picked":["hermit:Horror","hermit:Feint","hermit:ItchyTrigger"],"picked":"SKIP","floor":5},{"not_picked":["hermit:ItchyTrigger","hermit:TrackingShot","hermit:CursedWeapon"],"picked":"SKIP","floor":7},{"not_picked":["hermit:CalledShot","hermit:Purgatory"],"picked":"hermit:SprayPray","floor":8},{"not_picked":["hermit:CalledShot","hermit:Brawl"],"picked":"hermit:ShadowCloak","floor":8},{"not_picked":["hermit:Coalescence","hermit:Snipe"],"picked":"hermit:Manifest","floor":8},{"not_picked":["hermit:Coalescence","hermit:Desperado"],"picked":"hermit:LuckOfTheDraw","floor":8},{"not_picked":["hermit:Feint","hermit:Quickdraw"],"picked":"hermit:Glare","floor":8},{"not_picked":["hermit:TakeCover","hermit:EyeOfTheStorm"],"picked":"hermit:Manifest","floor":11},{"not_picked":["hermit:Purgatory","hermit:DeadMansHand"],"picked":"hermit:Misfire","floor":14},{"not_picked":["hermit:Adapt","hermit:Magnum"],"picked":"hermit:FinalCanter","floor":16},{"not_picked":["hermit:LoneWolf","hermit:Shortfuse"],"picked":"hermit:SprayPray","floor":17},{"not_picked":["hermit:Scavenge+1","hermit:TrackingShot"],"picked":"hermit:Midnight","floor":18},{"not_picked":["hermit:Deadeye","hermit:Headshot"],"picked":"hermit:FlashPowder","floor":19},{"not_picked":["hermit:Desperado","hermit:HighCaliber","hermit:Ricochet"],"picked":"SKIP","floor":21},{"not_picked":["hermit:BodyArmor","hermit:Quickdraw"],"picked":"hermit:Manifest","floor":28},{"not_picked":["hermit:SprayPray","hermit:LuckOfTheDraw+1"],"picked":"hermit:Spite","floor":31},{"not_picked":["hermit:Purgatory","hermit:DeadOrAlive"],"picked":"hermit:Reprieve","floor":33},{"not_picked":["hermit:Ricochet+1","hermit:TakeCover+1"],"picked":"hermit:Manifest","floor":35},{"not_picked":["Transmutation","Madness"],"picked":"Secret Technique","floor":36},{"not_picked":["hermit:Ricochet","hermit:Coalescence+1"],"picked":"hermit:Misfire+1","floor":37},{"not_picked":["hermit:Enervate+1","hermit:HighCaliber+1"],"picked":"hermit:Malice+1","floor":38},{"not_picked":["hermit:TakeCover+1","hermit:DeadMansHand+1","hermit:TrackingShot"],"picked":"Singing Bowl","floor":39}],"player_experience":197824,"relics_obtained":[{"floor":7,"key":"Blood Vial"},{"floor":9,"key":"Whetstone"},{"floor":24,"key":"Torii"},{"floor":26,"key":"Singing Bowl"},{"floor":34,"key":"PreservedInsect"},{"floor":34,"key":"Frozen Egg 2"},{"floor":34,"key":"Pocketwatch"}],"event_choices":[{"damage_healed":0,"gold_gain":0,"player_choice":"Left Gold","damage_taken":0,"max_hp_gain":0,"max_hp_loss":0,"event_name":"World of Goop","floor":10,"gold_loss":35},{"damage_healed":17,"gold_gain":0,"player_choice":"Healed","damage_taken":0,"max_hp_gain":0,"max_hp_loss":0,"event_name":"The Cleric","floor":13,"gold_loss":35},{"damage_healed":0,"gold_gain":0,"player_choice":"Smashed Altar","damage_taken":0,"max_hp_gain":0,"max_hp_loss":0,"event_name":"Forgotten Altar","floor":20,"gold_loss":0,"cards_obtained":["Decay"]},{"damage_healed":0,"gold_gain":0,"player_choice":"Inject Mutagens","damage_taken":0,"relics_obtained":["MutagenicStrength"],"max_hp_gain":0,"max_hp_loss":0,"event_name":"Drug Dealer","floor":22,"gold_loss":0},{"damage_healed":0,"gold_gain":0,"player_choice":"Memory 1","damage_taken":0,"max_hp_gain":0,"max_hp_loss":0,"event_name":"SensoryStone","floor":36,"gold_loss":0}],"is_beta":false,"boss_relics":[{"not_picked":["Empty Cage","Velvet Choker"],"picked":"Tiny House"},{"not_picked":["Coffee Dripper","Cursed Key"],"picked":"Calling Bell"}],"items_purged_floors":[],"is_endless":false,"potions_floor_spawned":[3,7,11,16,19,28,33,35],"killed_by":"4 Shapes","ascension_level":0}}