{"host":"vyjryxuuuxkt43k4","time":1611125887,"event":{"mods":["AchievementEnabler","BaseMod","Colored Map","DeckTracker","Keyboard Shortcuts","Minty Spire (QoL Compilation)","Permanent Neow","Quick Restart","Rare Cards Sparkle","StSLib","SuperFastMode","everything is the same but u backflip on backflip"],"gold_per_floor":[117,130,142,162,262,262,287,297,324,96,123,132,152,7,16,102,102,122,142,142,5,31,70,21,30,57,66,110,110,136,136,136,220,220,232,256,26,40,50,50,88,88,88,124,6,30,30,30,30,30,30,30,19,56,56,56],"floor_reached":55,"language":"KOR","playtime":8713,"items_purged":["Defend_R","Bash"],"score":1286,"play_id":"3acb4ce4-a20b-458c-aa08-277d49ff5794","local_time":"20210120155807","is_ascension_mode":true,"campfire_choices":[{"data":"Perfected Strike","floor":6.0,"key":"SMITH"},{"floor":12.0,"key":"REST"},{"floor":15.0,"key":"REST"},{"floor":25.0,"key":"REST"},{"floor":27.0,"key":"REST"},{"data":"Flex","floor":29.0,"key":"SMITH"},{"data":"Impervious","floor":32.0,"key":"SMITH"},{"floor":40,"key":"REST"},{"data":"Perfected Strike","floor":42,"key":"SMITH"},{"floor":49,"key":"RECALL"},{"data":"Perfected Strike","floor":52,"key":"SMITH"}],"circlet_count":0,"master_deck":["AscendersBane","Strike_R","Strike_R","Strike_R","Strike_R","Strike_R","Defend_R","Defend_R","Defend_R","Fire Breathing","Perfected Strike+1","Pommel Strike","Flame Barrier","Intimidate","Battle Trance","Pommel Strike","Dark Embrace","Pommel Strike","Perfected Strike+1","Corruption+1","Flex+1","Uppercut+1","Shrug It Off","Battle Trance","Entrench","Havoc","Inflame","Seeing Red","Impervious+1","Fiend Fire","Dual Wield+1","Reaper","Perfected Strike+1","Twin Strike+1","Wild Strike","Burning Pact+1"],"relics":["Burning Blood","PreservedInsect","Dream Catcher","CeramicFish","OrangePellets","Snecko Eye","Potion Belt","Orichalcum","Smiling Mask","The Courier","SacredBark","Charon\u0027s Ashes","Ancient Tea Set","Akabeko","Shuriken"],"acts_visited":["Exordium","TheCity","TheBeyond","TheEnding"],"potions_floor_usage":[33,33,38,41,44,46,50,55],"damage_taken":[{"damage":4.0,"enemies":"Small Slimes","floor":1.0,"turns":3.0},{"damage":5.0,"enemies":"Cultist","floor":2.0,"turns":4.0},{"damage":8.0,"enemies":"2 Louse","floor":3.0,"turns":3.0},{"damage":10.0,"enemies":"Gremlin Gang","floor":4.0,"turns":4.0},{"damage":32.0,"enemies":"Gremlin Nob","floor":7.0,"turns":4.0},{"damage":3.0,"enemies":"Red Slaver","floor":8.0,"turns":3.0},{"damage":10.0,"enemies":"Exordium Wildlife","floor":11.0,"turns":6.0},{"damage":20.0,"enemies":"Lots of Slimes","floor":13.0,"turns":5.0},{"damage":70.0,"enemies":"Hexaghost","floor":16.0,"turns":11.0},{"damage":21.0,"enemies":"Shell Parasite","floor":18.0,"turns":4.0},{"damage":3.0,"enemies":"3 Byrds","floor":19.0,"turns":5.0},{"damage":6.0,"enemies":"3 Cultists","floor":22.0,"turns":4.0},{"damage":25.0,"enemies":"Gremlin Leader","floor":23.0,"turns":4.0},{"damage":2.0,"enemies":"Slavers","floor":28.0,"turns":3.0},{"damage":5.0,"enemies":"Sentry and Sphere","floor":30.0,"turns":4.0},{"damage":43,"enemies":"Automaton","floor":33,"turns":9},{"damage":16,"enemies":"3 Shapes","floor":35,"turns":5},{"damage":0,"enemies":"Orb Walker","floor":36,"turns":3},{"damage":33,"enemies":"Transient","floor":38,"turns":5},{"damage":25,"enemies":"3 Darklings","floor":39,"turns":4},{"damage":0,"enemies":"Nemesis","floor":41,"turns":5},{"damage":17,"enemies":"Giant Head","floor":44,"turns":6},{"damage":18,"enemies":"Spire Growth","floor":46,"turns":4},{"damage":79,"enemies":"Awakened One","floor":50,"turns":6},{"damage":22,"enemies":"Shield and Spear","floor":54,"turns":5},{"damage":81,"enemies":"The Heart","floor":55,"turns":3}],"seed_played":"-208432073744312183","potions_obtained":[{"floor":2.0,"key":"BloodPotion"},{"floor":3.0,"key":"AttackPotion"},{"floor":8.0,"key":"Weak Potion"},{"floor":18.0,"key":"BlessingOfTheForge"},{"floor":19.0,"key":"SkillPotion"},{"floor":30.0,"key":"AttackPotion"},{"floor":35,"key":"SkillPotion"},{"floor":39,"key":"DuplicationPotion"},{"floor":41,"key":"SteroidPotion"},{"floor":46,"key":"Fruit Juice"},{"floor":54,"key":"FearPotion"}],"is_trial":false,"path_per_floor":["M","M","M","M","?","R","E","M","T","$","M","R","M","$","R","B",null,"M","M","?","$","M","E","$","R","T","R","E","R","M","T","R","B",null,"M","M","$","M","M","R","E","R","T","E","$","M","$","?","R","B",null,"R","$","E","B"],"character_chosen":"IRONCLAD","items_purchased":["CeramicFish","OrangePellets","Shrug It Off","PowerPotion","Charon\u0027s Ashes","FairyPotion","PowerPotion","Wild Strike"],"campfire_rested":5,"item_purchase_floors":[10,14,21,24,37,45,45,53],"current_hp_per_floor":[70,71,69,65,65,65,39,42,42,42,38,60,46,46,68,19,61,46,49,49,49,49,30,30,52,52,74,75,75,75,75,75,38,66,56,62,62,35,16,38,44,44,44,33,33,39,39,39,39,54,74,74,74,64,0,0],"gold":56,"neow_bonus":"THREE_CARDS","is_daily":false,"chose_seed":false,"campfire_upgraded":5,"win_rate":0.0,"timestamp":1611125887,"path_taken":["M","M","M","M","?","R","E","?","T","$","M","R","M","?","R","BOSS","M","M","?","$","?","E","?","R","T","R","E","R","M","?","R","BOSS","M","M","$","M","M","R","E","R","T","E","?","M","$","?","R","BOSS","R","$","E","BOSS"],"items_purchased_type":["Relic","Relic","Card","Potion","Relic","Potion","Potion","Card"],"build_version":"2020-12-22","purchased_purges":2,"victory":false,"max_hp_per_floor":[75,75,75,75,75,75,75,75,75,75,75,75,75,75,75,75,75,75,75,75,75,75,75,75,75,75,75,75,75,75,75,75,75,75,75,75,75,75,75,75,75,75,75,75,75,85,85,81,81,81,81,81,81,81,81,81],"card_choices":[{"not_picked":["Metallicize","Clothesline"],"picked":"Fire Breathing","floor":0.0},{"not_picked":["Clothesline","Armaments"],"picked":"Perfected Strike","floor":1.0},{"not_picked":["Clothesline","Juggernaut"],"picked":"Pommel Strike","floor":2.0},{"not_picked":["Bloodletting","Seeing Red","Hemokinesis"],"picked":"SKIP","floor":3.0},{"not_picked":["Flex","Thunderclap"],"picked":"Flame Barrier","floor":4.0},{"not_picked":["Anger","Twin Strike"],"picked":"Intimidate","floor":7.0},{"not_picked":["Barricade","Shrug It Off"],"picked":"Battle Trance","floor":8.0},{"not_picked":["Body Slam","Pummel"],"picked":"Pommel Strike","floor":11.0},{"not_picked":["Thunderclap","Cleave"],"picked":"Dark Embrace","floor":12.0},{"not_picked":["Iron Wave","Anger"],"picked":"Pommel Strike","floor":13.0},{"not_picked":["Seeing Red","Bloodletting"],"picked":"Perfected Strike","floor":15.0},{"not_picked":["Brutality","Double Tap"],"picked":"Corruption","floor":16.0},{"not_picked":["Hemokinesis","True Grit"],"picked":"Flex","floor":18.0},{"not_picked":["Heavy Blade","Twin Strike"],"picked":"Uppercut+1","floor":19.0},{"not_picked":["Warcry","True Grit"],"picked":"Battle Trance","floor":22.0},{"not_picked":["Dual Wield","Uppercut"],"picked":"Entrench","floor":23.0},{"not_picked":["Infernal Blade+1","Flex"],"picked":"Havoc","floor":25.0},{"not_picked":["Entrench+1","Body Slam"],"picked":"Inflame","floor":27.0},{"not_picked":["Rupture","Flame Barrier"],"picked":"Seeing Red","floor":28.0},{"not_picked":["True Grit","Wild Strike"],"picked":"Impervious","floor":30.0},{"not_picked":["Berserk","Offering"],"picked":"Fiend Fire","floor":33},{"not_picked":["Carnage","Bloodletting","Body Slam"],"picked":"SKIP","floor":35},{"not_picked":["True Grit","Pommel Strike"],"picked":"Dual Wield+1","floor":36},{"not_picked":["Whirlwind","Rupture","Warcry"],"picked":"SKIP","floor":38},{"not_picked":["Inflame+1","Body Slam","Hemokinesis+1"],"picked":"SKIP","floor":39},{"not_picked":["Infernal Blade+1","Metallicize"],"picked":"Reaper","floor":41},{"not_picked":["Power Through+1","Entrench+1"],"picked":"Perfected Strike","floor":44},{"not_picked":["Headbutt","Iron Wave"],"picked":"Twin Strike+1","floor":46},{"not_picked":["Metallicize+1","Havoc"],"picked":"Burning Pact+1","floor":54}],"player_experience":138756,"relics_obtained":[{"floor":7.0,"key":"PreservedInsect"},{"floor":9.0,"key":"Dream Catcher"},{"floor":23.0,"key":"Potion Belt"},{"floor":26.0,"key":"Orichalcum"},{"floor":28.0,"key":"Smiling Mask"},{"floor":31.0,"key":"The Courier"},{"floor":41,"key":"Ancient Tea Set"},{"floor":44,"key":"Akabeko"},{"floor":54,"key":"Shuriken"}],"event_choices":[{"damage_healed":0.0,"max_hp_gain":0.0,"max_hp_loss":0.0,"gold_gain":100.0,"event_name":"Golden Shrine","player_choice":"Pray","floor":5.0,"gold_loss":0.0,"damage_taken":0.0},{"damage_healed":0.0,"max_hp_gain":0.0,"max_hp_loss":0.0,"gold_gain":0.0,"event_name":"Upgrade Shrine","player_choice":"Upgraded","floor":20.0,"gold_loss":0.0,"damage_taken":0.0,"cards_upgraded":["Corruption"]},{"damage_healed":0,"gold_gain":0,"player_choice":"Max HP","damage_taken":0,"max_hp_gain":0,"max_hp_loss":4,"event_name":"Winding Halls","floor":48,"gold_loss":0}],"is_beta":false,"boss_relics":[{"not_picked":["Velvet Choker","Tiny House"],"picked":"Snecko Eye"},{"not_picked":["Runic Pyramid","Calling Bell"],"picked":"SacredBark"}],"items_purged_floors":[10,21],"is_endless":false,"potions_floor_spawned":[2,3,8,18,19,30,35,39,41,46,54],"killed_by":"The Heart","ascension_level":14}}