{"host":"flm17o2q7bfjyna6","time":1611170040,"event":{"mods":["2.2 Compatiblity","Act Like it!","BaseMod","Better Altar","Better Match","Better Note","Better Sensory Stone","Better Skull","Better Third Choice","Better Vampires","Colored Map","Colored Powertips","DeckTracker","Fox Events","Hermit","Minty Spire (QoL Compilation)","Quick Restart","Replay The Spire","Reworked Bosses","Spicy Shops","StSLib","Wandering Minibosses"],"gold_per_floor":[111,111,124,323,7,7,36,36,86,86,101,169,196,211,211,307,357,377,396,396,396,496,496,511,511,557,590,590,590],"floor_reached":28,"language":"ENG","playtime":965,"items_purged":["Regret"],"score":366,"play_id":"32f374f8-e032-49d5-aa1b-fb1082c08ac1","local_time":"20210120141400","is_ascension_mode":true,"campfire_choices":[{"data":"Chaos","floor":6,"key":"SMITH"},{"data":"ReplayTheSpireMod:Omega Cannon","floor":10,"key":"SMITH"},{"data":"Doom and Gloom","floor":15,"key":"SMITH"},{"data":"Defragment","floor":23,"key":"SMITH"},{"data":"Cold Snap","floor":25,"key":"SMITH"}],"circlet_count":0,"master_deck":["AscendersBane","Strike_B","Strike_B+1","Strike_B","Strike_B","Defend_B","Defend_B","Defend_B","Defend_B","Zap","Dualcast","FTL+1","Chaos+1","ReplayTheSpireMod:Splinters","Steam+1","Doom and Gloom+1","Self Repair","ReplayTheSpireMod:Omega Cannon+1","Panic Button","Conserve Battery","Cold Snap+1","Core Surge","Defragment+1","Sunder"],"relics":["Orichalcum","HandDrill","Replay:Antivirus Software","Geode","Happy Flower","Tiny House","Nloth\u0027s Gift","FaceOfCleric","ReplayTheSpireMod:Lightbulb","Dream Catcher"],"acts_visited":["Exordium","TheCity"],"potions_floor_usage":[16,19,24,27],"damage_taken":[{"damage":10,"enemies":"2 Louse","floor":1,"turns":2},{"damage":10,"enemies":"Jaw Worm","floor":3,"turns":4},{"damage":24,"enemies":"Lagavulin","floor":7,"turns":8},{"damage":0,"enemies":"Small Slimes","floor":11,"turns":3},{"damage":18,"enemies":"Gremlin Nob","floor":13,"turns":4},{"damage":1,"enemies":"3 Louse","floor":14,"turns":3},{"damage":17,"enemies":"Slime Boss","floor":16,"turns":8},{"damage":6,"enemies":"Chosen","floor":18,"turns":4},{"damage":17,"enemies":"Shell Parasite","floor":19,"turns":4},{"damage":28,"enemies":"Shelled Parasite and Fungi","floor":24,"turns":5},{"damage":29,"enemies":"Replay:Snechameleon","floor":27,"turns":6},{"damage":18,"enemies":"Centurion and Healer","floor":28,"turns":3}],"seed_played":"-5080158569860475008","potions_obtained":[{"floor":1,"key":"Cursed Concoction"},{"floor":3,"key":"Block Potion"},{"floor":11,"key":"LifebloodPotion"},{"floor":14,"key":"FocusPotion"},{"floor":17,"key":"EssenceOfDarkness"}],"is_trial":false,"path_per_floor":["M","?","M","?","$","R","E","?","T","R","M","?","E","M","R","B",null,"M","M","?","?","?","R","M","R","T","E","M"],"character_chosen":"DEFECT","items_purchased":["HandDrill","Doom and Gloom","Self Repair"],"campfire_rested":0,"item_purchase_floors":[5,5,5],"current_hp_per_floor":[58,58,48,48,48,48,31,31,31,31,38,38,27,33,33,23,67,68,58,58,58,58,58,38,38,38,17,0,0],"gold":590,"neow_bonus":"RANDOM_EVENT","is_daily":false,"chose_seed":false,"campfire_upgraded":5,"win_rate":0.0,"timestamp":1611170040,"path_taken":["M","?","M","?","$","R","E","?","T","R","?","?","E","M","R","BOSS","M","M","?","?","?","R","M","R","T","E","M"],"items_purchased_type":["Relic","Card","Card"],"build_version":"2020-12-22","purchased_purges":1,"victory":false,"max_hp_per_floor":[75,75,75,75,75,75,75,75,75,75,75,75,75,75,75,75,80,80,80,80,80,80,80,81,81,81,82,82,82],"card_choices":[{"not_picked":["Fusion","Tempest"],"picked":"FTL","floor":1},{"not_picked":["Panic Button","ReplaySolidLightProjector"],"picked":"Chaos","floor":3},{"not_picked":["Static Discharge","Redo"],"picked":"Steam","floor":4},{"not_picked":["Go for the Eyes","Panic Button"],"picked":"ReplayTheSpireMod:Omega Cannon","floor":7},{"not_picked":["FTL","Capacitor"],"picked":"Panic Button","floor":11},{"not_picked":["Redo","ReplayTheSpireMod:System Scan"],"picked":"Conserve Battery","floor":13},{"not_picked":["Hologram","Steam"],"picked":"Cold Snap","floor":14},{"not_picked":["Rainbow","Electrodynamics"],"picked":"Core Surge","floor":16},{"not_picked":["Sunder","Turbo"],"picked":"Defragment","floor":18},{"not_picked":["Blizzard","Steam","Reprogram"],"picked":"SKIP","floor":19},{"not_picked":["Turbo","Genetic Algorithm","FIFO Queue"],"picked":"SKIP","floor":24},{"not_picked":["Panic Button+1","ReplaySort"],"picked":"Sunder","floor":27}],"player_experience":1669889,"relics_obtained":[{"floor":7,"key":"Replay:Antivirus Software"},{"floor":9,"key":"Geode"},{"floor":13,"key":"Happy Flower"},{"floor":26,"key":"ReplayTheSpireMod:Lightbulb"},{"floor":27,"key":"Dream Catcher"}],"event_choices":[{"damage_healed":0,"gold_gain":0,"player_choice":"Box","damage_taken":0,"relics_obtained":["Orichalcum"],"max_hp_gain":0,"max_hp_loss":0,"event_name":"Big Fish","floor":0,"gold_loss":0,"cards_obtained":["Regret"]},{"damage_healed":0,"gold_gain":0,"player_choice":"Grow","damage_taken":0,"max_hp_gain":0,"max_hp_loss":0,"event_name":"Living Wall","floor":2,"gold_loss":0,"cards_upgraded":["FTL"]},{"damage_healed":0,"gold_gain":68,"player_choice":"Gained Gold","damage_taken":0,"max_hp_gain":0,"max_hp_loss":0,"event_name":"Golden Wing","floor":12,"gold_loss":0},{"damage_healed":0,"gold_gain":0,"player_choice":"Traded Relic","damage_taken":0,"relics_obtained":["Nloth\u0027s Gift"],"max_hp_gain":0,"max_hp_loss":0,"event_name":"N\u0027loth","floor":20,"relics_lost":["Cracked Core"],"gold_loss":0},{"damage_healed":0,"gold_gain":0,"player_choice":"Trade","damage_taken":0,"relics_obtained":["FaceOfCleric"],"max_hp_gain":0,"max_hp_loss":0,"event_name":"FaceTrader","floor":21,"gold_loss":0},{"damage_healed":0,"gold_gain":100,"player_choice":"Pray","damage_taken":0,"max_hp_gain":0,"max_hp_loss":0,"event_name":"Golden Shrine","floor":22,"gold_loss":0}],"is_beta":false,"boss_relics":[{"not_picked":["Empty Cage","Replay:Wanted Poster"],"picked":"Tiny House"}],"items_purged_floors":[5],"is_endless":false,"potions_floor_spawned":[1,3,11,13,14,18],"killed_by":"Centurion and Healer","ascension_level":10}}