{"host":"l84l8xigz5v5foa2","time":1611163030,"event":{"mods":["2.2 Compatiblity","AchievementEnabler","BaseMod","Better Note","Better Vampires","Card Filter","Colored Map","DeckTracker","Downfall","Gremlin Skip","Highlight Path","Keyboard Shortcuts","Minty Spire (QoL Compilation)","Permanent Neow","Quick Restart","Relic Filter","Relic Stats","StSLib","SuperFastMode","Transform Curses","Unknown Chances"],"gold_per_floor":[110,123,123,123,140,140,140,140,167,184,16,16,43,59,59,136,136,152,182,192,192,80,80,98,13,39,39,71,71,171,181,181,253,253,263,279,18,18,43,43,68,68,68,87,87,113,113,132,132,132,132,132,132,53,86,86,86,86],"floor_reached":56,"language":"ENG","playtime":2826,"items_purged":["hexamod:Strike+1","hexamod:Strike+1"],"score":1986,"play_id":"dffd0a9c-24d7-4ef1-a7c7-f1bd4ec99736","local_time":"20210121021710","is_ascension_mode":true,"campfire_choices":[{"data":"hexamod:NecessarySacrifice","floor":6.0,"key":"SMITH"},{"floor":8.0,"key":"REST"},{"floor":12.0,"key":"REST"},{"data":"hexamod:InspiringFlames","floor":15.0,"key":"SMITH"},{"floor":23.0,"key":"REST"},{"floor":27.0,"key":"REST"},{"data":"hexamod:Rewind","floor":32.0,"key":"SMITH"},{"floor":40,"key":"RECALL"},{"floor":45,"key":"REST"},{"floor":49,"key":"REST"},{"floor":53,"key":"REST"}],"circlet_count":0,"master_deck":["AscendersBane","hexamod:Defend+1","hexamod:Defend+1","hexamod:Defend+1","hexamod:Defend+1","hexamod:Float+1","hexamod:ThermalTransfer+1","hexamod:NecessarySacrifice+1","hexamod:StepThrough+1","hexamod:FastForward+1","hexamod:SwordOfDarkness+1","hexamod:InspiringFlames+1","hexamod:GiftsFromTheDead+1","hexamod:SuperheatedStrike+1","hexamod:Hexaguard+1","hexamod:HeatMetal+1","hexamod:Incineration+1","hexamod:SpectersWail+1","hexamod:Rewind+1","hexamod:SearingWound+1","hexamod:SoulSteal+1","hexamod:RetreatToShadows+1","hexamod:GhostShield+1","Madness+1","Madness+1","hexamod:ThirdSeal","hexamod:AdvancingGuard+1","hexamod:HeatShield+1","hexamod:SixthSeal","hexamod:RetreatToShadows+1","hexamod:RadiantFlame+1","hexamod:TimeOfNeed+1","hexamod:Haunt+1","hexamod:ThermalTransfer+1","hexamod:RetreatToShadows+1","hexamod:HeatShield+1","hexamod:EmpoweredFlame","hexamod:GhostShield+1"],"relics":["hexamod:SpiritBrand","PreservedInsect","Guardian:PocketSentry","Calipers","Sozu","Red Mask","Lantern","Oddly Smooth Stone","Strawberry","Thread and Needle","Meat on the Bone","sneckomod:SneckoTalon","Toolbox","Du-Vu Doll","sneckomod:BlankCard","hexamod:TheBrokenSeal","Pear"],"acts_visited":["Exordium","TheCity","TheBeyond","TheEnding"],"potions_floor_usage":[41],"damage_taken":[{"damage":7.0,"enemies":"2 Louse","floor":1.0,"turns":4.0},{"damage":9.0,"enemies":"Small Slimes","floor":2.0,"turns":5.0},{"damage":0.0,"enemies":"Cultist","floor":5.0,"turns":3.0},{"damage":6.0,"enemies":"Looter","floor":10.0,"turns":3.0},{"damage":6.0,"enemies":"Gremlin Nob","floor":13.0,"turns":3.0},{"damage":0.0,"enemies":"Large Slime","floor":14.0,"turns":4.0},{"damage":6.0,"enemies":"The Guardian","floor":16.0,"turns":10.0},{"damage":4.0,"enemies":"2 Thieves","floor":18.0,"turns":4.0},{"damage":40.0,"enemies":"Masked Bandits","floor":19.0,"turns":5.0},{"damage":0.0,"enemies":"3 Byrds","floor":20.0,"turns":4.0},{"damage":11.0,"enemies":"Shelled Parasite and Fungi","floor":24.0,"turns":5.0},{"damage":6.0,"enemies":"Gremlin Leader","floor":28.0,"turns":5.0},{"damage":10.0,"enemies":"Colosseum Slavers","floor":30.0,"turns":4.0},{"damage":2.0,"enemies":"Colosseum Nobs","floor":30.0,"turns":4.0},{"damage":1.0,"enemies":"Centurion and Healer","floor":31.0,"turns":6.0},{"damage":13.0,"enemies":"Champ","floor":33.0,"turns":11.0},{"damage":10.0,"enemies":"3 Darklings","floor":35.0,"turns":7.0},{"damage":0.0,"enemies":"Orb Walker","floor":36.0,"turns":4.0},{"damage":0,"enemies":"Mind Bloom Boss Battle","floor":39,"turns":7},{"damage":3,"enemies":"Reptomancer","floor":41,"turns":7},{"damage":25,"enemies":"3 Darklings","floor":44,"turns":9},{"damage":38,"enemies":"Spire Growth","floor":46,"turns":7},{"damage":0,"enemies":"Maw","floor":48,"turns":7},{"damage":18,"enemies":"Donu and Deca","floor":50,"turns":11},{"damage":9,"enemies":"Awakened One","floor":51,"turns":15},{"damage":6,"enemies":"Shield and Spear","floor":55,"turns":7},{"damage":94,"enemies":"The Heart","floor":56,"turns":12}],"seed_played":"8911946488071525454","potions_obtained":[{"floor":1.0,"key":"LiquidMemories"},{"floor":2.0,"key":"Strength Potion"},{"floor":10.0,"key":"Fruit Juice"},{"floor":14.0,"key":"EntropicBrew"}],"is_trial":false,"path_per_floor":["M","M","?","?","M","R","?","R","T","M","$","R","E","M","R","B",null,"M","?","M","?","$","R","M","?","T","R","E","?","?","M","R","B",null,"M","M","$","?","?","R","E","?","T","M","R","M","$","M","R","B","B",null,"R","$","E","B"],"character_chosen":"THE_SPIRIT","items_purchased":["Guardian:PocketSentry","hexamod:Incineration","Toolbox","hexamod:HeatShield"],"campfire_rested":7,"item_purchase_floors":[11,22,37,54],"current_hp_per_floor":[50,41,24,17,17,17,22,40,40,39,39,59,53,53,53,47,62,58,18,18,18,18,38,27,27,27,47,48,48,36,47,47,46,67,57,57,57,44,44,44,41,41,41,28,50,64,64,64,84,66,57,77,84,84,88,0,0,0],"gold":86,"neow_bonus":"THREE_RARE_CARDS","is_daily":false,"chose_seed":false,"campfire_upgraded":3,"win_rate":0.0,"timestamp":1611163030,"path_taken":["M","M","?","?","M","R","?","R","T","M","?","R","E","M","R","BOSS","M","?","M","?","$","R","?","?","T","R","E","?","?","M","R","BOSS","M","M","$","?","?","R","E","?","T","?","R","M","$","M","R","BOSS","BOSS","R","$","E","BOSS"],"items_purchased_type":["Relic","Card","Relic","Card"],"build_version":"2020-12-22","purchased_purges":2,"victory":false,"max_hp_per_floor":[57,57,57,57,57,57,62,62,62,67,67,67,67,67,67,67,67,67,67,67,67,67,67,67,67,67,67,74,74,74,74,74,74,74,74,74,74,74,74,74,74,74,74,74,74,84,84,84,84,84,84,84,84,84,94,94,94,94],"relic_stats":{"Sozu":10,"counters":[27,172],"PreservedInsect":261,"obtain_stats":[{"Lantern":25,"Calipers":13,"Pear":55,"sneckomod:BlankCard":41,"Oddly Smooth Stone":26,"hexamod:TheBrokenSeal":46,"Thread and Needle":30,"PreservedInsect":9,"Guardian:PocketSentry":11,"sneckomod:SneckoTalon":34,"Sozu":17,"Du-Vu Doll":39,"Strawberry":28,"Toolbox":37,"Red Mask":19,"hexamod:SpiritBrand":0,"Meat on the Bone":30},{"Lantern":11,"Calipers":5,"Pear":26,"sneckomod:BlankCard":20,"Oddly Smooth Stone":11,"hexamod:TheBrokenSeal":22,"Thread and Needle":14,"PreservedInsect":3,"Guardian:PocketSentry":4,"sneckomod:SneckoTalon":16,"Sozu":7,"Du-Vu Doll":19,"Strawberry":12,"Toolbox":18,"Red Mask":9,"hexamod:SpiritBrand":0,"Meat on the Bone":14},{"Lantern":50,"Calipers":18,"Pear":160,"sneckomod:BlankCard":104,"Oddly Smooth Stone":50,"hexamod:TheBrokenSeal":118,"Thread and Needle":62,"PreservedInsect":12,"Guardian:PocketSentry":15,"sneckomod:SneckoTalon":79,"Sozu":32,"Du-Vu Doll":97,"Strawberry":55,"Toolbox":90,"Red Mask":41,"hexamod:SpiritBrand":0,"Meat on the Bone":62}],"Meat on the Bone":36},"card_choices":[{"not_picked":["hexamod:ApocalypticArmor","hexamod:TimeOfNeed"],"picked":"hexamod:SixthSeal","floor":0.0},{"not_picked":["hexamod:SpectralAdrenaline","hexamod:ChargedBarrage"],"picked":"hexamod:ThermalTransfer","floor":1.0},{"not_picked":["hexamod:SwordOfDarkness","hexamod:HeatMetal"],"picked":"hexamod:NecessarySacrifice","floor":2.0},{"not_picked":["hexamod:HauntingEcho","hexamod:FlamesFromBeyond"],"picked":"hexamod:StepThrough","floor":5.0},{"not_picked":["hexamod:RecurringNightmare","hexamod:BurningTouch"],"picked":"hexamod:FastForward","floor":10.0},{"not_picked":["hexamod:SpectralSpark","hexamod:SixthSeal"],"picked":"hexamod:SwordOfDarkness","floor":13.0},{"not_picked":["hexamod:SuperheatedStrike","hexamod:PhantomCloak"],"picked":"hexamod:InspiringFlames","floor":14.0},{"not_picked":["hexamod:GhostflameInferno","hexamod:SearingWound"],"picked":"hexamod:GiftsFromTheDead","floor":16.0},{"not_picked":["hexamod:BurningTouch","hexamod:InspiringFlames+1"],"picked":"hexamod:SuperheatedStrike","floor":18.0},{"not_picked":["hexamod:Haunt","hexamod:NightmareStrike"],"picked":"hexamod:Hexaguard+1","floor":19.0},{"not_picked":["hexamod:GhostLash","hexamod:InspiringFlames"],"picked":"hexamod:HeatMetal","floor":20.0},{"not_picked":["hexamod:PhantomCloak","hexamod:GhostflameBarrier"],"picked":"hexamod:ThirdSeal","floor":24.0},{"not_picked":["hexamod:SoulSteal","hexamod:HeatCrush","hexamod:SixthSeal"],"picked":"SKIP","floor":28.0},{"not_picked":["hexamod:HeatMetal","hexamod:PhantomCloak","hexamod:BurningTouch"],"picked":"SKIP","floor":28.0},{"not_picked":["hexamod:NightmareGuise","hexamod:NightmareStrike"],"picked":"hexamod:SpectersWail","floor":30.0},{"not_picked":["hexamod:HeatMetal+1","hexamod:PowerFromBeyond+1"],"picked":"hexamod:Rewind","floor":31.0},{"not_picked":["hexamod:HauntingEcho","hexamod:NightmareStrike","hexamod:Incineration"],"picked":"SKIP","floor":31.0},{"not_picked":["hexamod:Toasty","hexamod:WildfireWeapon"],"picked":"hexamod:FifthSeal","floor":33.0},{"not_picked":["hexamod:FifthSeal","hexamod:ParanormalForm"],"picked":"hexamod:SearingWound","floor":33.0},{"not_picked":["hexamod:ThirdSeal","hexamod:SixthSeal"],"picked":"hexamod:FourthSeal","floor":35.0},{"not_picked":["hexamod:HauntingEcho","hexamod:FourthSeal"],"picked":"hexamod:SoulSteal+1","floor":35.0},{"not_picked":["hexamod:Firestarter","hexamod:InspiringFlames+1","hexamod:ShieldOfDarkness"],"picked":"SKIP","floor":35.0},{"not_picked":["hexamod:GhostShield","hexamod:SpectersWail+1"],"picked":"hexamod:RetreatToShadows+1","floor":36.0},{"not_picked":["hexamod:GhostOfSpireFuture","hexamod:Hexaguard"],"picked":"hexamod:GhostShield+1","floor":36.0},{"not_picked":["hexamod:ThirdSeal","hexamod:SixthSeal","hexamod:FourthSeal"],"picked":"SKIP","floor":36.0},{"not_picked":["hexamod:SixthSeal","hexamod:FirstSeal"],"picked":"hexamod:ThirdSeal","floor":39},{"not_picked":["hexamod:FlamesFromBeyond+1","hexamod:FirstSeal"],"picked":"hexamod:AdvancingGuard","floor":39},{"not_picked":["hexamod:SixthSeal","hexamod:FourthSeal"],"picked":"hexamod:SecondSeal","floor":41},{"not_picked":["hexamod:NightmareStrike","hexamod:Rewind"],"picked":"hexamod:HeatShield","floor":41},{"not_picked":["hexamod:PhantomCloak","hexamod:RecurringNightmare"],"picked":"hexamod:SixthSeal","floor":41},{"not_picked":["hexamod:RetreatToShadows","hexamod:NightmareStrike","hexamod:PowerFromBeyond"],"picked":"SKIP","floor":41},{"not_picked":["hexamod:NightmareStrike","hexamod:PowerFromBeyond"],"picked":"hexamod:RetreatToShadows","floor":41},{"not_picked":["hexamod:Again+1","hexamod:NightmareStrike"],"picked":"hexamod:RadiantFlame","floor":44},{"not_picked":["hexamod:HeatCrush","hexamod:RetreatToShadows"],"picked":"hexamod:TimeOfNeed","floor":44},{"not_picked":["hexamod:SixthSeal","hexamod:SecondSeal"],"picked":"hexamod:FirstSeal","floor":44},{"not_picked":["hexamod:NightmareStrike","hexamod:Haunt","hexamod:BacktrackSmack"],"picked":"SKIP","floor":44},{"not_picked":["hexamod:NightmareStrike","hexamod:BacktrackSmack"],"picked":"hexamod:Haunt","floor":44},{"not_picked":["hexamod:Firestarter","hexamod:RainOfEmbers+1"],"picked":"hexamod:ThermalTransfer+1","floor":46},{"not_picked":["hexamod:DynamicBlow","hexamod:SpectralAdrenaline+1","hexamod:Firestarter"],"picked":"SKIP","floor":46},{"not_picked":["hexamod:SuperheatedStrike","hexamod:ThermalTransfer"],"picked":"hexamod:RetreatToShadows+1","floor":48},{"not_picked":["hexamod:BacktrackSmack+1","hexamod:GhostflameBarrier","hexamod:EmpoweredFlame"],"picked":"SKIP","floor":48},{"not_picked":["hexamod:Firestarter","hexamod:ChargedBarrage"],"picked":"hexamod:EmpoweredFlame","floor":55},{"not_picked":["hexamod:FastForward","hexamod:ShieldOfDarkness+1"],"picked":"hexamod:GhostShield+1","floor":55}],"player_experience":3329614,"relics_obtained":[{"floor":9.0,"key":"PreservedInsect"},{"floor":13.0,"key":"Calipers"},{"floor":19.0,"key":"Red Mask"},{"floor":26.0,"key":"Oddly Smooth Stone"},{"floor":28.0,"key":"Strawberry"},{"floor":30.0,"key":"Thread and Needle"},{"floor":30.0,"key":"Meat on the Bone"},{"floor":39,"key":"Du-Vu Doll"},{"floor":41,"key":"sneckomod:BlankCard"},{"floor":55,"key":"Pear"}],"event_choices":[{"damage_healed":0.0,"max_hp_gain":0.0,"max_hp_loss":0.0,"gold_gain":0.0,"event_name":"Shining Light","player_choice":"Entered Light","floor":3.0,"gold_loss":0.0,"damage_taken":17.0,"cards_upgraded":["hexamod:Defend","hexamod:Defend"]},{"cards_removed":["hexamod:Strike"],"damage_healed":0.0,"max_hp_gain":0.0,"max_hp_loss":0.0,"gold_gain":0.0,"event_name":"Golden Wing","player_choice":"Card Removal","floor":4.0,"gold_loss":0.0,"damage_taken":7.0},{"damage_healed":0.0,"max_hp_gain":5.0,"max_hp_loss":0.0,"gold_gain":0.0,"event_name":"Big Fish","player_choice":"Donut","floor":7.0,"gold_loss":0.0,"damage_taken":0.0},{"damage_healed":0.0,"max_hp_gain":0.0,"max_hp_loss":0.0,"gold_gain":0.0,"event_name":"Masked Bandits","player_choice":"Fought Bandits","floor":19.0,"gold_loss":0.0,"damage_taken":0.0},{"cards_removed":["hexamod:Strike"],"damage_healed":0.0,"max_hp_gain":0.0,"max_hp_loss":0.0,"gold_gain":0.0,"event_name":"Bonfire Elementals","player_choice":"Offered Basic","floor":21.0,"gold_loss":0.0,"damage_taken":0.0},{"damage_healed":0.0,"max_hp_gain":0.0,"max_hp_loss":0.0,"gold_gain":0.0,"event_name":"Addict","player_choice":"Obtained Relic","floor":25.0,"gold_loss":85.0,"damage_taken":0.0,"relics_obtained":["Lantern"]},{"damage_healed":0.0,"max_hp_gain":0.0,"max_hp_loss":0.0,"gold_gain":0.0,"event_name":"Colosseum","player_choice":"Fight","floor":30.0,"gold_loss":0.0,"damage_taken":0.0},{"damage_healed":0.0,"max_hp_gain":0.0,"max_hp_loss":0.0,"gold_gain":0.0,"event_name":"Colosseum","player_choice":"Fought Nobs","floor":30.0,"gold_loss":0.0,"damage_taken":0.0},{"damage_healed":0.0,"max_hp_gain":0.0,"max_hp_loss":0.0,"gold_gain":0.0,"event_name":"Winding Halls","player_choice":"Embrace Madness","floor":38.0,"gold_loss":0.0,"damage_taken":13.0,"cards_obtained":["Madness","Madness"]},{"damage_healed":0,"gold_gain":0,"player_choice":"Fight","damage_taken":0,"max_hp_gain":0,"max_hp_loss":0,"event_name":"MindBloom","floor":39,"gold_loss":0},{"damage_healed":0,"gold_gain":0,"player_choice":"Got Potions","damage_taken":0,"max_hp_gain":0,"max_hp_loss":0,"event_name":"Lab","floor":42,"gold_loss":0}],"is_beta":false,"boss_relics":[{"not_picked":["Empty Cage","Velvet Choker"],"picked":"Sozu"},{"not_picked":["Coffee Dripper","hexamod:UnbrokenSoul"],"picked":"sneckomod:SneckoTalon"}],"items_purged_floors":[22,37],"is_endless":false,"potions_floor_spawned":[1,2,10,14,19,24,30,31,33,35,48],"killed_by":"The Heart","ascension_level":20}}