{"host":"5yoj846f700ld8qy","time":1611176711,"event":{"mods":["AchievementEnabler","Aspiration","BaseMod","Better Altar","Better Match","Better Note","Better Sensory Stone","Better Skull","Better Third Choice","Colored Map","Colored Powertips","Minty Spire (QoL Compilation)","StSLib"],"gold_per_floor":[115,128,128,142,160,160,188,263,263,297,167,167,0,11,11,11,11],"floor_reached":16,"language":"ENG","playtime":512,"items_purged":["Strike_R"],"score":204,"play_id":"18ef21e6-6251-4e85-9aaa-10a3695805cc","local_time":"20210120230511","is_ascension_mode":true,"campfire_choices":[{"data":"Barricade","floor":6,"key":"SMITH"},{"floor":12,"key":"REST"},{"data":"True Grit","floor":15,"key":"SMITH"}],"circlet_count":0,"master_deck":["AscendersBane","Strike_R","Strike_R","Strike_R","Strike_R","Defend_R","Defend_R","Defend_R","Defend_R","Bash","True Grit+1","Barricade+1","Rage","Headbutt","Shrug It Off","Carnage","Infernal Blade"],"relics":["Burning Blood","aspiration:Nostalgia","Cracked Core","NlothsMask","Ice Cream","Pen Nib","Juzu Bracelet"],"acts_visited":["Exordium"],"potions_floor_usage":[7,16],"damage_taken":[{"damage":6,"enemies":"Cultist","floor":1,"turns":3},{"damage":9,"enemies":"Small Slimes","floor":2,"turns":3},{"damage":14,"enemies":"Jaw Worm","floor":4,"turns":3},{"damage":11,"enemies":"Looter","floor":5,"turns":3},{"damage":20,"enemies":"Gremlin Nob","floor":7,"turns":4},{"damage":10,"enemies":"Lagavulin","floor":10,"turns":8},{"damage":2,"enemies":"2 Fungi Beasts","floor":14,"turns":4},{"damage":43,"enemies":"Hexaghost","floor":16,"turns":10}],"seed_played":"-2199431497344265026","potions_obtained":[{"floor":5,"key":"LiquidMemories"},{"floor":14,"key":"Explosive Potion"}],"is_trial":false,"path_per_floor":["M","M","?","M","M","R","E","?","T","E","$","R","$","M","R","B"],"character_chosen":"IRONCLAD","items_purchased":["Energy Potion","Juzu Bracelet"],"campfire_rested":1,"item_purchase_floors":[11,13],"current_hp_per_floor":[68,65,65,57,52,52,38,27,27,23,23,45,45,49,49,6,6],"gold":11,"neow_bonus":"NOSTALGIA","is_daily":false,"chose_seed":false,"campfire_upgraded":2,"win_rate":0.0,"timestamp":1611176711,"path_taken":["M","?","?","?","M","R","E","?","T","E","$","R","$","M","R","BOSS"],"items_purchased_type":["Potion","Relic"],"build_version":"2020-12-22","purchased_purges":1,"victory":false,"max_hp_per_floor":[75,75,75,75,75,75,75,75,75,75,75,75,75,75,75,75,75],"card_choices":[{"not_picked":["Iron Wave","Body Slam"],"picked":"True Grit","floor":1},{"not_picked":["Iron Wave","Anger"],"picked":"Barricade","floor":2},{"not_picked":["Thunderclap","Body Slam"],"picked":"Rage","floor":4},{"not_picked":["Rage","Sword Boomerang"],"picked":"Headbutt","floor":5},{"not_picked":["Entrench","Pommel Strike"],"picked":"Shrug It Off","floor":7},{"not_picked":["Feel No Pain","Pommel Strike"],"picked":"Carnage","floor":10},{"not_picked":["Blood for Blood","Dual Wield"],"picked":"Infernal Blade","floor":14}],"player_experience":407688,"relics_obtained":[{"floor":7,"key":"Ice Cream"},{"floor":10,"key":"Pen Nib"}],"event_choices":[{"damage_healed":0,"gold_gain":0,"player_choice":"Trade","damage_taken":0,"relics_obtained":["NlothsMask"],"max_hp_gain":0,"max_hp_loss":0,"event_name":"FaceTrader","floor":3,"gold_loss":0},{"damage_healed":0,"gold_gain":75,"player_choice":"Gold","damage_taken":11,"max_hp_gain":0,"max_hp_loss":0,"event_name":"betterThird:BetterGoop","floor":8,"gold_loss":0}],"is_beta":false,"boss_relics":[],"items_purged_floors":[11],"is_endless":false,"potions_floor_spawned":[5,14],"killed_by":"Hexaghost","ascension_level":17}}