{"host":"yvlk1m4foro8gl4v","time":1611173430,"event":{"mods":["AchievementEnabler","Act Like it!","BaseMod","Minty Spire (QoL Compilation)","Relic Stats","StSLib","The Servant 0.9.4","Uncapped"],"gold_per_floor":[112,126,143,161,171,171,199,217,269,269,269,269,302,331,331,439,439,462,377,386,155,115,115,130,130,130,140,171,189,200,215,215,320,320,340,340,357,382,441,441,461,472,519,519,533,533,551,234,234,234],"floor_reached":51,"language":"ENG","playtime":3450,"items_purged":["Strike_P","Strike_P"],"score":879,"play_id":"bc990888-984d-4474-85b3-6b74ddbae035","local_time":"20210120201030","is_ascension_mode":true,"campfire_choices":[{"data":"Eruption","floor":6,"key":"SMITH"},{"floor":12,"key":"DIG"},{"floor":15,"key":"REST"},{"floor":23,"key":"DIG"},{"floor":25,"key":"DIG"},{"floor":32,"key":"REST"},{"floor":40,"key":"REST"},{"floor":46,"key":"DIG"},{"floor":49,"key":"DIG"}],"circlet_count":0,"master_deck":["Strike_P","Strike_P","Defend_P","Defend_P","Defend_P","Defend_P","Eruption+1","Vigilance","EmptyBody","FlyingSleeves","ReachHeaven+1","DevaForm","ClearTheMind","Fasting2+1","Parasite","SandsOfTime+1","Devotion+1","Protect+1","Wallop+1","Adaptation+1","Vault"],"relics":["HolyWater","Ancient Tea Set","Frozen Egg 2","Regal Pillow","Shovel","Molten Egg 2","CeramicFish","Snecko Eye","Eternal Feather","Mercury Hourglass","Akabeko","Girya","Darkstone Periapt","Du-Vu Doll","Yang","Membership Card","HornCleat","Gambling Chip"],"acts_visited":["Exordium","TheCity","TheBeyond"],"potions_floor_usage":[7,13,14,33,38,47,50],"damage_taken":[{"damage":0,"enemies":"Cultist","floor":1,"turns":3},{"damage":0,"enemies":"Small Slimes","floor":2,"turns":3},{"damage":0,"enemies":"Jaw Worm","floor":3,"turns":3},{"damage":3,"enemies":"Looter","floor":4,"turns":2},{"damage":12,"enemies":"2 Fungi Beasts","floor":5,"turns":5},{"damage":26,"enemies":"3 Sentries","floor":7,"turns":7},{"damage":4,"enemies":"Large Slime","floor":8,"turns":6},{"damage":12,"enemies":"Gremlin Nob","floor":13,"turns":4},{"damage":10,"enemies":"Lots of Slimes","floor":14,"turns":4},{"damage":0,"enemies":"Slime Boss","floor":16,"turns":3},{"damage":12,"enemies":"Shell Parasite","floor":18,"turns":3},{"damage":0,"enemies":"Spheric Guardian","floor":24,"turns":3},{"damage":9,"enemies":"Centurion and Healer","floor":27,"turns":3},{"damage":22,"enemies":"Slavers","floor":28,"turns":5},{"damage":5,"enemies":"Chosen and Byrds","floor":29,"turns":4},{"damage":8,"enemies":"Cultist and Chosen","floor":30,"turns":5},{"damage":6,"enemies":"Centurion and Healer","floor":31,"turns":5},{"damage":2,"enemies":"Collector","floor":33,"turns":6},{"damage":18,"enemies":"3 Darklings","floor":35,"turns":6},{"damage":15,"enemies":"Orb Walker","floor":37,"turns":3},{"damage":9,"enemies":"Transient","floor":38,"turns":5},{"damage":1,"enemies":"Mind Bloom Boss Battle","floor":39,"turns":8},{"damage":5,"enemies":"Writhing Mass","floor":41,"turns":4},{"damage":0,"enemies":"Spire Growth","floor":42,"turns":2},{"damage":0,"enemies":"Jaw Worm Horde","floor":45,"turns":3},{"damage":13,"enemies":"Writhing Mass","floor":47,"turns":9},{"damage":41,"enemies":"Donu and Deca","floor":50,"turns":11}],"seed_played":"8432221565738606402","potions_obtained":[{"floor":3,"key":"Block Potion"},{"floor":7,"key":"Regen Potion"},{"floor":8,"key":"Fire Potion"},{"floor":14,"key":"StancePotion"},{"floor":16,"key":"SkillPotion"},{"floor":24,"key":"Dexterity Potion"},{"floor":35,"key":"BlessingOfTheForge"},{"floor":39,"key":"Block Potion"},{"floor":47,"key":"Dexterity Potion"}],"is_trial":false,"path_per_floor":["M","M","M","M","M","R","E","M","T","?","?","R","E","M","R","B",null,"M","?","?","$","?","R","M","R","T","M","E","M","M","M","R","B",null,"M","?","M","M","?","R","M","M","T","?","M","R","M","$","R","B",null],"character_chosen":"WATCHER","items_purchased":["Mayhem+1","Membership Card","HornCleat"],"campfire_rested":3,"item_purchase_floors":[21,48,48],"current_hp_per_floor":[72,72,72,69,57,57,31,27,27,45,45,45,45,35,71,71,72,60,60,60,60,60,72,72,72,72,63,41,36,28,22,70,68,72,54,54,39,30,29,72,67,67,67,67,67,72,59,59,71,30],"gold":234,"neow_bonus":"RANDOM_COMMON_RELIC","is_daily":false,"chose_seed":false,"campfire_upgraded":1,"win_rate":0.0,"timestamp":1611173430,"path_taken":["M","M","?","M","M","R","E","M","T","?","?","R","E","M","R","BOSS","M","?","?","$","?","R","?","R","T","M","E","M","M","M","R","BOSS","M","?","M","M","?","R","M","M","T","?","M","R","?","?","R","BOSS"],"items_purchased_type":["Card","Relic","Relic"],"build_version":"2020-12-22","purchased_purges":2,"victory":true,"max_hp_per_floor":[72,72,72,72,72,72,72,72,72,72,72,72,72,72,72,72,72,72,72,72,72,72,72,72,72,72,72,72,72,72,72,72,72,72,72,72,72,72,72,72,72,72,72,72,72,72,72,72,72,72],"relic_stats":{"Darkstone Periapt":0,"Regal Pillow":40,"Shovel":5,"counters":[27,125],"CeramicFish":63,"Gambling Chip":[4],"Snecko Eye":[127,138,130,120],"Eternal Feather":53,"Yang":[30],"obtain_stats":[{"Darkstone Periapt":28,"Girya":26,"Regal Pillow":9,"CeramicFish":13,"Eternal Feather":19,"Yang":46,"Frozen Egg 2":7,"Ancient Tea Set":0,"Akabeko":25,"Mercury Hourglass":23,"Du-Vu Doll":39,"Shovel":11,"HornCleat":48,"Gambling Chip":49,"Snecko Eye":17,"HolyWater":34,"Molten Egg 2":12,"Membership Card":48,"PureWater":0},{"Darkstone Periapt":14,"Girya":12,"Regal Pillow":7,"CeramicFish":8,"Eternal Feather":11,"Yang":25,"Frozen Egg 2":6,"Ancient Tea Set":0,"Akabeko":12,"Mercury Hourglass":11,"Du-Vu Doll":22,"Shovel":7,"HornCleat":26,"Gambling Chip":26,"Snecko Eye":10,"HolyWater":18,"Molten Egg 2":7,"Membership Card":26,"PureWater":0},{"Darkstone Periapt":54,"Girya":46,"Regal Pillow":29,"CeramicFish":33,"Eternal Feather":43,"Yang":105,"Frozen Egg 2":23,"Ancient Tea Set":0,"Akabeko":46,"Mercury Hourglass":43,"Du-Vu Doll":96,"Shovel":29,"HornCleat":114,"Gambling Chip":114,"Snecko Eye":40,"HolyWater":74,"Molten Egg 2":29,"Membership Card":114,"PureWater":0}],"Mercury Hourglass":[306]},"card_choices":[{"not_picked":["Consecrate","Weave"],"picked":"EmptyBody","floor":1},{"not_picked":["Consecrate","CutThroughFate"],"picked":"FlyingSleeves","floor":2},{"not_picked":["Prostrate","PathToVictory"],"picked":"ReachHeaven","floor":3},{"not_picked":["MentalFortress","Evaluate"],"picked":"DevaForm","floor":4},{"not_picked":["EmptyBody","PathToVictory","Evaluate"],"picked":"SKIP","floor":5},{"not_picked":["Evaluate","BowlingBash"],"picked":"ClearTheMind","floor":7},{"not_picked":["WindmillStrike","PathToVictory"],"picked":"Fasting2+1","floor":8},{"not_picked":["SashWhip+1","SignatureMove+1","FlurryOfBlows+1"],"picked":"SKIP","floor":13},{"not_picked":["BowlingBash+1","Study+1"],"picked":"SandsOfTime+1","floor":14},{"not_picked":["DeusExMachina","DevaForm+1"],"picked":"Devotion+1","floor":16},{"not_picked":["SashWhip+1","CutThroughFate+1"],"picked":"Protect","floor":18},{"not_picked":["FlurryOfBlows+1","Indignation","WreathOfFlame"],"picked":"SKIP","floor":24},{"not_picked":["SignatureMove+1","CutThroughFate+1","FlyingSleeves+1"],"picked":"SKIP","floor":27},{"not_picked":["Conclude+1","Halt","ForeignInfluence"],"picked":"SKIP","floor":28},{"not_picked":["Wireheading+1","FlyingSleeves+1","MentalFortress+1"],"picked":"SKIP","floor":29},{"not_picked":["FlyingSleeves+1","Evaluate","DeceiveReality"],"picked":"SKIP","floor":30},{"not_picked":["WaveOfTheHand","CutThroughFate+1","Wireheading+1"],"picked":"SKIP","floor":31},{"not_picked":["Perseverance+1","SashWhip+1","Prostrate+1"],"picked":"SKIP","floor":35},{"not_picked":["Indignation+1","Prostrate","Meditate+1"],"picked":"SKIP","floor":37},{"not_picked":["JustLucky+1","ClearTheMind"],"picked":"Adaptation+1","floor":38},{"not_picked":["FlurryOfBlows+1","Prostrate"],"picked":"Vault","floor":39},{"not_picked":["FollowUp+1","EmptyBody","FlurryOfBlows+1"],"picked":"SKIP","floor":41},{"not_picked":["Collect+1","WindmillStrike+1","Halt"],"picked":"SKIP","floor":42},{"not_picked":["FlyingSleeves+1","CutThroughFate+1","Meditate"],"picked":"SKIP","floor":45},{"not_picked":["InnerPeace","CrushJoints+1","FlyingSleeves+1"],"picked":"SKIP","floor":47}],"player_experience":747821,"relics_obtained":[{"floor":7,"key":"Frozen Egg 2"},{"floor":9,"key":"Regal Pillow"},{"floor":12,"key":"Molten Egg 2"},{"floor":13,"key":"CeramicFish"},{"floor":23,"key":"Mercury Hourglass"},{"floor":25,"key":"Akabeko"},{"floor":26,"key":"Girya"},{"floor":28,"key":"Darkstone Periapt"},{"floor":39,"key":"Du-Vu Doll"},{"floor":46,"key":"Yang"},{"floor":49,"key":"Gambling Chip"}],"event_choices":[{"damage_healed":18,"gold_gain":0,"player_choice":"Healed and dodged fight","damage_taken":0,"max_hp_gain":0,"max_hp_loss":0,"event_name":"Mushrooms","floor":10,"gold_loss":0,"cards_obtained":["Parasite"]},{"damage_healed":0,"gold_gain":0,"player_choice":"Searched \u00271\u0027 times","damage_taken":0,"relics_obtained":["Shovel"],"max_hp_gain":0,"max_hp_loss":0,"event_name":"Dead Adventurer","floor":11,"gold_loss":0},{"damage_healed":0,"gold_gain":0,"player_choice":"Obtained Relic","damage_taken":0,"relics_obtained":["Eternal Feather"],"max_hp_gain":0,"max_hp_loss":0,"event_name":"Addict","floor":19,"gold_loss":85},{"damage_healed":0,"gold_gain":0,"player_choice":"Read","damage_taken":0,"max_hp_gain":0,"max_hp_loss":0,"event_name":"The Library","floor":20,"gold_loss":0,"cards_obtained":["Wallop"]},{"damage_healed":0,"gold_gain":0,"player_choice":"Upgrade","damage_taken":0,"max_hp_gain":0,"max_hp_loss":0,"event_name":"Designer","floor":22,"gold_loss":40,"cards_upgraded":["Protect"]},{"cards_removed":["Mayhem"],"damage_healed":0,"gold_gain":0,"player_choice":"Removed Power","damage_taken":0,"max_hp_gain":0,"max_hp_loss":0,"event_name":"Falling","floor":36,"gold_loss":0},{"damage_healed":0,"gold_gain":0,"player_choice":"Fight","damage_taken":0,"max_hp_gain":0,"max_hp_loss":0,"event_name":"MindBloom","floor":39,"gold_loss":0},{"damage_healed":0,"gold_gain":0,"player_choice":"Forge","damage_taken":0,"max_hp_gain":0,"max_hp_loss":0,"event_name":"Accursed Blacksmith","floor":44,"gold_loss":0,"cards_upgraded":["ReachHeaven"]}],"is_beta":false,"boss_relics":[{"not_picked":["Cursed Key","Runic Dome"],"picked":"Snecko Eye"},{"not_picked":["Coffee Dripper","Philosopher\u0027s Stone"],"picked":"HolyWater"}],"items_purged_floors":[21,48],"is_endless":false,"potions_floor_spawned":[3,7,8,14,16,24,27,30,35,39,41,45,47],"ascension_level":2}}