{"host":"zkqorkqsr6o67e8b","time":1611123951,"event":{"mods":["BaseMod","Better Vampires","Downfall","Minty Spire (QoL Compilation)","StSLib","The Alterego","¡¾ÒÅÎï¿¨ÅÆ¡¿REMEMod"],"gold_per_floor":[99,115,131,131,281,281,308,340,340,358,169,180,209,221,236,332,332,232,242,256,266,266,166,189,202,202,202,213,230,230,230,230],"floor_reached":30,"language":"ZHS","playtime":1791,"items_purged":["downfall:Icky"],"score":269,"play_id":"8e2ed615-5a0d-4136-86a0-58230a576b02","local_time":"20210120142551","is_ascension_mode":false,"campfire_choices":[{"data":"Barricade","floor":1,"key":"SMITH"},{"data":"champ:Execute","floor":6,"key":"SMITH"},{"data":"champ:Taunt","floor":9,"key":"SMITH"},{"floor":18,"key":"RECALL"},{"data":"champ:CrownThrow","floor":23,"key":"SMITH"},{"data":"champ:GladiatorStyle","floor":26,"key":"SMITH"}],"circlet_count":0,"master_deck":["champ:Strike","champ:Strike","champ:Strike","champ:Strike","champ:Defend","champ:Defend","champ:Defend","champ:Defend","champ:Execute+1","champ:Taunt+1","Barricade+1","champ:FancyFootwork+1","champ:GladiatorStyle+1","champ:CrownThrow+1","champ:ArenaPreparation+1","champ:UltimateStance+1","champ:StanceDance+1","champ:BringItOn+1","downfall:Bewildered","champ:IronFortress+1"],"relics":["champ:ChampionCrownUpgraded","REME_ComplimentaryCards","Lantern","Toxic Egg 2","CaptainsWheel","downfall:HeartBlessingGreen","downfall:HeartBlessingRed","Toy Ornithopter","sneckomod:BabySnecko"],"acts_visited":["Exordium","TheCity"],"potions_floor_usage":[16,16,21],"damage_taken":[{"damage":15,"enemies":"Jaw Worm","floor":2,"turns":6},{"damage":10,"enemies":"2 Louse","floor":3,"turns":3},{"damage":34,"enemies":"Lagavulin","floor":8,"turns":9},{"damage":15,"enemies":"Small Slimes","floor":10,"turns":5},{"damage":20,"enemies":"downfall:FleeingMerchant","floor":11,"turns":4},{"damage":19,"enemies":"Exordium Wildlife","floor":12,"turns":4},{"damage":39,"enemies":"3 Sentries","floor":13,"turns":9},{"damage":11,"enemies":"2 Fungi Beasts","floor":14,"turns":4},{"damage":36,"enemies":"Large Slime","floor":15,"turns":6},{"damage":157,"enemies":"WA_ARCHETYPE_RETAIN","floor":16,"turns":17},{"damage":45,"enemies":"Shell Parasite","floor":19,"turns":7},{"damage":46,"enemies":"Spheric Guardian","floor":20,"turns":6},{"damage":55,"enemies":"Chosen and Byrds","floor":21,"turns":4},{"damage":64,"enemies":"3 Cultists","floor":25,"turns":6},{"damage":57,"enemies":"Shelled Parasite and Fungi","floor":28,"turns":2},{"damage":33,"enemies":"Sentry and Sphere","floor":29,"turns":6},{"damage":0,"enemies":"3 Cultists","floor":30,"turns":1}],"seed_played":"4885161678168070252","potions_obtained":[{"floor":8,"key":"SpeedPotion"},{"floor":13,"key":"SneckoOil"},{"floor":14,"key":"SkillPotion"},{"floor":19,"key":"GamblersBrew"}],"is_trial":false,"path_per_floor":["R","M","M","?","?","R","T","E","R","M","$","M","E","M","M","B",null,"R","M","M","M","?","R","T","M","R","?","M","M","M"],"character_chosen":"THE_CHAMP","items_purchased":["champ:GladiatorStyle","champ:CrownThrow"],"campfire_rested":0,"item_purchase_floors":[11,11],"current_hp_per_floor":[99,99,99,104,104,104,104,100,100,95,95,86,77,76,70,18,104,104,104,93,93,72,72,72,63,63,63,51,48,48,48,48],"gold":230,"neow_bonus":"TEN_PERCENT_HP_BONUS","is_daily":false,"chose_seed":false,"campfire_upgraded":5,"win_rate":0.0,"timestamp":1611123951,"path_taken":["R","M","M","?","?","R","T","E","R","M","$","M","E","M","M","BOSS","R","M","M","M","?","R","T","M","R","?","M","M","M"],"items_purchased_type":["Card","Card"],"build_version":"2020-12-22","purchased_purges":1,"victory":false,"max_hp_per_floor":[99,99,99,104,104,104,104,104,104,104,104,104,104,104,104,104,104,104,104,104,104,109,109,109,109,109,109,109,109,109,109,109],"card_choices":[{"not_picked":["champ:Haymaker","champ:ArenaPreparation","champ:Circumvent"],"picked":"SKIP","floor":2},{"not_picked":["champ:Endure","champ:Backstep","champ:FocusedDefense"],"picked":"SKIP","floor":3},{"not_picked":["champ:CrookedStrike","champ:DeathBlow"],"picked":"champ:FancyFootwork+1","floor":8},{"not_picked":["champ:BerserkersShout+1","champ:PerfectedStrike","champ:Backstep+1"],"picked":"SKIP","floor":10},{"not_picked":["champ:PerfectedStrike","champ:Shatter","champ:SetATrap+1"],"picked":"SKIP","floor":11},{"not_picked":["champ:Haymaker","champ:EnGarde+1","champ:BerserkersShout+1"],"picked":"SKIP","floor":12},{"not_picked":["champ:Endure+1","champ:Lariat+1","champ:Parry+1"],"picked":"SKIP","floor":13},{"not_picked":["champ:TornadoPunch","champ:FocusedBerserking+1","champ:RapidStrikes"],"picked":"SKIP","floor":14},{"not_picked":["champ:BladeFlurry","champ:Circumvent+1"],"picked":"champ:ArenaPreparation+1","floor":15},{"not_picked":["champ:LastStand","champ:SteelEdge"],"picked":"champ:UltimateStance+1","floor":16},{"not_picked":["champ:FlashCut","champ:FaceSlap"],"picked":"champ:StanceDance+1","floor":19},{"not_picked":["champ:TornadoPunch","champ:RisingSlash","champ:PreciseThrust"],"picked":"SKIP","floor":20},{"not_picked":["champ:RisingSlash+1","champ:RecklessLeap","champ:TornadoPunch"],"picked":"SKIP","floor":21},{"not_picked":["champ:AdrenalArmor+1","champ:Shatter"],"picked":"champ:BringItOn+1","floor":25},{"not_picked":["champ:FocusedBerserking+1","champ:FaceSlap"],"picked":"champ:IronFortress+1","floor":28},{"not_picked":["champ:IronFortress","champ:Duel","champ:CrookedStrike"],"picked":"SKIP","floor":29}],"player_experience":543978,"relics_obtained":[{"floor":7,"key":"Lantern"},{"floor":8,"key":"Toxic Egg 2"},{"floor":13,"key":"CaptainsWheel"},{"floor":24,"key":"Toy Ornithopter"}],"event_choices":[{"damage_healed":0,"gold_gain":0,"player_choice":"Donut","damage_taken":0,"max_hp_gain":5,"max_hp_loss":0,"event_name":"Big Fish","floor":4,"gold_loss":0}],"is_beta":false,"boss_relics":[{"not_picked":["Cursed Key","Calling Bell"],"picked":"champ:ChampionCrownUpgraded"}],"items_purged_floors":[11],"is_endless":false,"potions_floor_spawned":[8,13,14,19],"killed_by":"3 Cultists","ascension_level":0}}