{"host":"s8eu5oacnz2jj6un","time":1611173776,"event":{"mods":["AchievementEnabler","Act Like it!","Astrologer","BaseMod","Colored Powertips","KinomotoSakuraMod(????)","Lobotomy","Marisa????????","Minty Spire (QoL Compilation)","Remilia??????","Replay The Spire","Shop Mod","StSLib","The Senshi","The Servant 0.9.4","Yuri Mod"],"gold_per_floor":[109,32,32,32,52,52,85,85,110,145,145,155,120,134,134,233,233,247,247,247,247,100,426,443,443,443],"floor_reached":25,"language":"ENG","playtime":4477,"items_purged":[],"score":316,"play_id":"d10fa867-ccfb-4778-a604-590b8a8c5399","local_time":"20210120211616","is_ascension_mode":true,"campfire_choices":[{"floor":6,"key":"RECALL"},{"floor":8,"key":"REST"}],"circlet_count":0,"master_deck":["Strike_P","Strike_P","Strike_P","Strike_P","Defend_P","Defend_P","Defend_P","Eruption","Vigilance","PathToVictory+1","ForeignInfluence","Conclude","PathToVictory","Pray+1","Replay:Battleflow","LikeWater","Alpha","PathToVictory","PathToVictory+1","ThirdEye","Wireheading"],"relics":["PureWater","Boot","Incense Burner","Potion Belt","ReplayTheSpireMod:Ring of Exchange","ReplayTheSpireMod:Ring of Addiction","Chameleon Ring","White Beast Statue","TheAbacus","Pen Nib","Old Coin"],"acts_visited":["Exordium","TheCity"],"potions_floor_usage":[14,18,18,23,23,24,24,24,24,25],"damage_taken":[{"damage":5,"enemies":"2 Louse","floor":1,"turns":3},{"damage":1,"enemies":"Jaw Worm","floor":5,"turns":3},{"damage":36,"enemies":"Replay:BlueRogue","floor":7,"turns":4},{"damage":24,"enemies":"Gremlin Nob","floor":10,"turns":4},{"damage":0,"enemies":"Small Slimes","floor":12,"turns":2},{"damage":3,"enemies":"Red Slaver","floor":14,"turns":3},{"damage":0,"enemies":"Slime Boss","floor":16,"turns":6},{"damage":10,"enemies":"3 Byrds","floor":18,"turns":3},{"damage":12,"enemies":"Gremlin Leader","floor":23,"turns":4},{"damage":13,"enemies":"Shell Parasite","floor":24,"turns":4},{"damage":11,"enemies":"Sentry and Sphere","floor":25,"turns":3}],"seed_played":"-5806825302033378852","potions_obtained":[{"floor":7,"key":"BottledMiracle"},{"floor":10,"key":"Dexterity Potion"},{"floor":11,"key":"AttackPotion"},{"floor":11,"key":"AttackPotion"},{"floor":11,"key":"AttackPotion"},{"floor":12,"key":"ColorlessPotion"},{"floor":14,"key":"Strength Potion"},{"floor":16,"key":"DistilledChaos"},{"floor":18,"key":"ColorlessPotion"},{"floor":23,"key":"ColorlessPotion"},{"floor":24,"key":"DuplicationPotion"}],"is_trial":false,"path_per_floor":["M","$","?","?","M","R","E","R","T","E","?","M","?","M","R","B",null,"M","?","?","?","$","E","M","M"],"character_chosen":"WATCHER","items_purchased":["ForeignInfluence","Pen Nib"],"campfire_rested":1,"item_purchase_floors":[2,22],"current_hp_per_floor":[67,67,67,60,59,59,23,44,44,20,20,20,38,35,56,56,72,60,60,60,60,60,48,35,24,24],"gold":443,"neow_bonus":"RANDOM_COMMON_RELIC","is_daily":false,"chose_seed":false,"campfire_upgraded":0,"win_rate":0.0,"timestamp":1611173776,"path_taken":["M","$","?","?","M","R","E","R","T","E","?","M","?","M","R","BOSS","M","?","?","?","$","E","M","?"],"items_purchased_type":["Card","Relic"],"build_version":"2020-12-22","purchased_purges":0,"victory":false,"max_hp_per_floor":[72,72,72,72,72,72,72,72,72,72,72,72,72,72,72,72,72,70,70,70,70,68,68,68,68,68],"card_choices":[{"not_picked":["Replay:Cycle","Swivel"],"picked":"PathToVictory","floor":1},{"not_picked":["ThirdEye","Swivel"],"picked":"Conclude","floor":5},{"not_picked":["CarveReality","Scrawl"],"picked":"PathToVictory","floor":7},{"not_picked":["Tantrum","Worship"],"picked":"Pray","floor":10},{"not_picked":["Halt","Replay:BluntJabs"],"picked":"Replay:Battleflow","floor":12},{"not_picked":["Swivel","FlyingSleeves"],"picked":"LikeWater","floor":14},{"not_picked":["Blasphemy","SpiritShield"],"picked":"Alpha","floor":16},{"not_picked":["CrushJoints","TalkToTheHand"],"picked":"PathToVictory","floor":18},{"not_picked":["FlurryOfBlows","CarveReality"],"picked":"ThirdEye","floor":23},{"not_picked":["Consecrate","Replay:BluntJabs"],"picked":"Wireheading","floor":24}],"player_experience":730314,"relics_obtained":[{"floor":7,"key":"Incense Burner"},{"floor":10,"key":"Potion Belt"},{"floor":11,"key":"ReplayTheSpireMod:Ring of Exchange"},{"floor":11,"key":"ReplayTheSpireMod:Ring of Addiction"},{"floor":11,"key":"Chameleon Ring"},{"floor":11,"key":"White Beast Statue"},{"floor":23,"key":"Old Coin"}],"event_choices":[{"damage_healed":0,"gold_gain":0,"player_choice":"Grow","damage_taken":0,"max_hp_gain":0,"max_hp_loss":0,"event_name":"Living Wall","floor":3,"gold_loss":0,"cards_upgraded":["PathToVictory"]},{"cards_removed":["Defend_P"],"damage_healed":0,"gold_gain":0,"player_choice":"Card Removal","damage_taken":7,"max_hp_gain":0,"max_hp_loss":0,"event_name":"Golden Wing","floor":4,"gold_loss":0},{"damage_healed":18,"gold_gain":0,"player_choice":"Healed","damage_taken":0,"max_hp_gain":0,"max_hp_loss":0,"event_name":"The Cleric","floor":13,"gold_loss":35},{"damage_healed":0,"gold_gain":0,"player_choice":"Ignored","damage_taken":0,"max_hp_gain":0,"max_hp_loss":0,"event_name":"Vampires","floor":20,"gold_loss":0},{"damage_healed":0,"gold_gain":0,"player_choice":"Copied","damage_taken":0,"max_hp_gain":0,"max_hp_loss":0,"event_name":"Duplicator","floor":21,"gold_loss":0,"cards_obtained":["PathToVictory"]}],"is_beta":false,"boss_relics":[{"not_picked":["Pandora\u0027s Box","Empty Cage"],"picked":"TheAbacus"}],"items_purged_floors":[],"is_endless":false,"potions_floor_spawned":[7,10,12,14,16,18,23,24],"killed_by":"Sentry and Sphere","ascension_level":1}}