{"host":"9d9dhukr2jywmy0f","time":1611175995,"event":{"mods":["2.2 Compatiblity","ATMod(阿瑾Mod)","Act Like it!","Alarm Clock","Aspiration","BaseMod","Bestiary","Block Reminder","Challenge The Spire","Colored Map","Colored Powertips","Conspire","Curses Come First","Dark Map","DeckTracker","Dota2Spire","Energized Spire","Fox Events","GifTheSpireLib","Halation","Highlight Path","Hubris","Infinite Spire","Ironclad Rager","Jedi Mod","Jess\u0027s Bottle","Key Reminder","LazyManMod","Minty Spire (QoL Compilation)","Mirrors Mod","MostiFishMod","Pale of the Ancients","Poem Panic","Poor People Problems","Quarter Circle Forward PUNCH!","Quick Restart","RRrroohrrRGHHhhh!!","Rare Cards Sparkle","RatMod","Relic Sorter","Relic Stats","Replay The Spire","Retaliation","RumiaBox-露米娅的神秘盒子","SCP261 Mod","Shop Mod","Spicy Shops","Spikes Relics","Spire Arcade","Spire Birthday Party","StS++","StSLib","Stuff the Spire","SuperFastMode","Swap Starting Deck Mod","Synergy Search","TestMod","The Blue Laboratory","Thieving Mod","Trackpad","Unceasing Turn Reminder","Unknown Chances","Virulent Crown","[IsaacMod]以撒尖塔","[功能]功能增强和修复MOD","vexMod","【遗物卡牌】REMEMod"],"gold_per_floor":[113,178,178,27,27,27,46,46,125,125,141,247,263,263,263,338,338],"floor_reached":16,"language":"ZHS","playtime":1050,"items_purged":["Injury","conspire:GhostlyStrike"],"score":246,"play_id":"42f88f56-4d3a-41f7-8aa2-a19b948feb12","local_time":"20210121045315","is_ascension_mode":true,"campfire_choices":[{"data":"BettingIsNotGood","floor":6.0,"key":"SMITH"},{"data":"Bash","floor":8.0,"key":"SMITH"},{"floor":10.0,"key":"RECALL"},{"data":"StSpp:Succumb","floor":15,"key":"SMITH"}],"circlet_count":0,"master_deck":["AscendersBane","conspire:GhostlyStrike","conspire:GhostlyStrike","conspire:GhostlyStrike","conspire:GhostlyStrike","conspire:GhostlyDefend","conspire:GhostlyDefend","conspire:GhostlyDefend","conspire:GhostlyDefend","Bash+1","BettingIsNotGood+1","AT_ShrugMaster","StSpp:Succumb+1","conspire:GhostlyStrike"],"relics":["Burning Blood","AT_ATBox","DaveBox","testmod-TestBox","HushsDoor","REME_ComplimentaryCards","EGODaCapo","testmod-RainbowHikingShoes","GuppysTail","trackpad:SappingStone","Baka","Membership Card","keyreminder:keyreminder","StuffTheSpire:Gunfinga"],"acts_visited":["Exordium"],"potions_floor_usage":[16],"damage_taken":[{"damage":3.0,"enemies":"2 Louse","floor":1.0,"turns":4.0},{"damage":0.0,"enemies":"infinitespire:Voidling","floor":7.0,"turns":2.0},{"damage":0.0,"enemies":"Jaw Worm","floor":11.0,"turns":1.0},{"damage":63.0,"enemies":"Gremlin Nob","floor":12.0,"turns":5.0},{"damage":0.0,"enemies":"2 Fungi Beasts","floor":13.0,"turns":1.0},{"damage":37,"enemies":"The Guardian","floor":16,"turns":7}],"seed_played":"1021336482983330207","potions_obtained":[{"floor":11.0,"key":"SCP261:ClockworkPotion"},{"floor":12.0,"key":"Swift Potion"},{"floor":13.0,"key":"LifebloodPotion"}],"is_trial":false,"path_per_floor":["M","?","?","$","$","R","M","R","T","R","M","E","M","?","R","B"],"character_chosen":"IRONCLAD","items_purchased":["Membership Card"],"campfire_rested":0,"item_purchase_floors":[4],"current_hp_per_floor":[71,56,56,56,56,56,62,62,62,62,68,11,17,17,17,0,0],"gold":338,"neow_bonus":"RANDOM_COMMON_RELIC","is_daily":false,"chose_seed":false,"campfire_upgraded":3,"win_rate":0.0,"timestamp":1611175995,"path_taken":["M","?","?","?","$","R","M","R","T","R","?","E","M","?","R","BOSS"],"items_purchased_type":["Relic"],"build_version":"2020-11-30","purchased_purges":2,"victory":false,"max_hp_per_floor":[75,75,75,75,75,75,75,75,75,75,75,75,75,75,75,75,75],"relic_stats":{"counters":[6,20],"obtain_stats":[{"KeepersGift":0,"GuppysTail":0,"AT_ATBox":0,"testmod-TestBox":0,"DaveBox":0,"trackpad:SappingStone":0,"Baka":1,"testmod-RainbowHikingShoes":0,"Burning Blood":0,"keyreminder:keyreminder":9,"StuffTheSpire:Gunfinga":12,"EGODaCapo":0,"Membership Card":4,"HushsDoor":0,"REME_ComplimentaryCards":0},{"KeepersGift":0,"GuppysTail":0,"AT_ATBox":0,"testmod-TestBox":0,"DaveBox":0,"trackpad:SappingStone":0,"Baka":1,"testmod-RainbowHikingShoes":0,"Burning Blood":0,"keyreminder:keyreminder":2,"StuffTheSpire:Gunfinga":4,"EGODaCapo":0,"Membership Card":1,"HushsDoor":0,"REME_ComplimentaryCards":0},{"KeepersGift":0,"GuppysTail":0,"AT_ATBox":0,"testmod-TestBox":0,"DaveBox":0,"trackpad:SappingStone":0,"Baka":4,"testmod-RainbowHikingShoes":0,"Burning Blood":0,"keyreminder:keyreminder":6,"StuffTheSpire:Gunfinga":12,"EGODaCapo":0,"Membership Card":4,"HushsDoor":0,"REME_ComplimentaryCards":0}],"Burning Blood":30},"card_choices":[{"not_picked":[],"picked":"BettingIsNotGood","floor":0.0},{"not_picked":["Fire Breathing","Pommel Strike","Blood for Blood"],"picked":"SKIP","floor":1.0},{"not_picked":["jedi:hate","Twin Strike","DDmod:CallousedSkill"],"picked":"SKIP","floor":7.0},{"not_picked":["Evolve","Infernal Blade"],"picked":"StSpp:Succumb","floor":11.0},{"not_picked":["StuffTheSpire:Incineration","Flex","Fire Breathing"],"picked":"SKIP","floor":12.0},{"not_picked":["StuffTheSpire:Slingshot","StSpp:Sprint","MostiFishMod:NewArrival"],"picked":"SKIP","floor":13.0}],"player_experience":847050,"relics_obtained":[{"floor":1.0,"key":"Baka"},{"floor":12.0,"key":"StuffTheSpire:Gunfinga"}],"event_choices":[{"damage_healed":0.0,"max_hp_gain":0.0,"max_hp_loss":0.0,"gold_gain":0.0,"event_name":"conspire:LoneGhost","player_choice":"Agree","floor":3.0,"gold_loss":0.0,"damage_taken":0.0}],"is_beta":false,"boss_relics":[],"items_purged_floors":[4,4],"is_endless":false,"potions_floor_spawned":[11,12,13],"killed_by":"The Guardian","ascension_level":20}}