{"host":"18wi9kpcl4eah7pe","time":1611159435,"event":{"mods":["BaseMod","Colored Powertips","Downfall","Minty Spire (QoL Compilation)","StSLib"],"gold_per_floor":[99,109,125,143,418,403,403,159,171,204,215,227,256,256,271,372,372,72,88,88,173,58,92,141,141,171,189,209,209,239,1,20,122,122,122,138,155,175,338,338,338,372,372,132,179,203,10,10,29,29,29,64,39,39,39,39,39,39],"floor_reached":56,"language":"ENG","playtime":4304,"items_purged":["Regret","downfall:Malfunctioning"],"score":1027,"play_id":"32e38d3b-bfcc-40dc-a735-20508e3a589b","local_time":"20210120101715","is_ascension_mode":true,"campfire_choices":[{"floor":1,"key":"RECALL"},{"data":"bronze:HardenedForm","floor":18,"key":"SMITH"},{"floor":25,"key":"REST"},{"data":"bronze:Repulsor","floor":35,"key":"SMITH"},{"floor":43,"key":"REST"},{"floor":54,"key":"REST"}],"circlet_count":0,"master_deck":["bronze:Strike","bronze:Strike","bronze:Strike","bronze:Strike","bronze:Defend","bronze:Defend","bronze:Defend","bronze:Defend","bronze:Replicate","bronze:Goto+1","bronze:Separator","bronze:DelayedSlice","bronze:Branch","bronze:Repair+1","bronze:DelayedGuard","bronze:HardenedForm+1","bronze:Constructor","bronze:BuggyMess+1","bronze:Optimize","bronze:CutThrough","bronze:OilSpill","bronze:FindAndReplace","bronze:Repulsor+1","bronze:ClassDefault","bronze:CloningBeam","bronze:WildBeam+1","bronze:FineTuning","bronze:DelayedGuard","bronze:Separator","bronze:Shield","bronze:TinkerersToolbox","bronze:GetLatest+1","bronze:BugBarrage+1","bronze:ItsAFeature","bronze:Separator","bronze:Break","expansioncontent:QuickStudy","bronze:ChosenStrike+1","expansioncontent:YouAreMine","bronze:DelayedSlice","bronze:Terminator"],"relics":["bronze:BronzeCore","Sling","Strawberry","hexamod:BolsterEngine","bronze:MakeshiftBattery","downfall:HeartBlessingBlue","downfall:HeartBlessingRed","downfall:HeartBlessingGreen","Enchiridion","Anchor","Bronze Scales","Centennial Puzzle","Question Card","Membership Card","Juzu Bracelet","Black Star","bronze:SilverBullet","Regal Pillow","Omamori","Orichalcum","Vajra","Frozen Egg 2","Calipers","Girya","Potion Belt","OrangePellets","Bag of Marbles","Lantern","bronze:CableSpool"],"acts_visited":["Exordium","TheCity","TheBeyond","TheEnding"],"potions_floor_usage":[10,13,16,16,26,38,38,45,55,55,55,55,55],"damage_taken":[{"damage":1,"enemies":"Cultist","floor":2,"turns":3},{"damage":0,"enemies":"Small Slimes","floor":3,"turns":3},{"damage":1,"enemies":"2 Louse","floor":4,"turns":3},{"damage":6,"enemies":"downfall:FleeingMerchant","floor":6,"turns":4},{"damage":5,"enemies":"downfall:FleeingMerchant","floor":8,"turns":4},{"damage":2,"enemies":"Large Slime","floor":9,"turns":5},{"damage":5,"enemies":"3 Sentries","floor":10,"turns":5},{"damage":0,"enemies":"Exordium Wildlife","floor":11,"turns":2},{"damage":7,"enemies":"Blue Slaver","floor":12,"turns":3},{"damage":0,"enemies":"Gremlin Nob","floor":13,"turns":4},{"damage":9,"enemies":"Exordium Thugs","floor":15,"turns":5},{"damage":29,"enemies":"IC_STATUS_ARCHETYPE","floor":16,"turns":9},{"damage":0,"enemies":"Spheric Guardian","floor":19,"turns":2},{"damage":2,"enemies":"downfall:FleeingMerchant","floor":22,"turns":4},{"damage":6,"enemies":"Book of Stabbing","floor":23,"turns":4},{"damage":25,"enemies":"Gremlin Leader","floor":26,"turns":8},{"damage":0,"enemies":"3 Byrds","floor":27,"turns":4},{"damage":14,"enemies":"Cultist and Chosen","floor":28,"turns":5},{"damage":0,"enemies":"Book of Stabbing","floor":30,"turns":3},{"damage":0,"enemies":"downfall:FleeingMerchant","floor":31,"turns":4},{"damage":0,"enemies":"Sentry and Sphere","floor":32,"turns":3},{"damage":18,"enemies":"WA_ARCHETYPE_CALM","floor":33,"turns":9},{"damage":21,"enemies":"3 Darklings","floor":36,"turns":5},{"damage":10,"enemies":"3 Shapes","floor":37,"turns":3},{"damage":18,"enemies":"Spire Growth","floor":38,"turns":3},{"damage":0,"enemies":"downfall:FleeingMerchant","floor":39,"turns":1},{"damage":12,"enemies":"Nemesis","floor":42,"turns":5},{"damage":13,"enemies":"2 Orb Walkers","floor":45,"turns":3},{"damage":2,"enemies":"3 Darklings","floor":49,"turns":3},{"damage":66,"enemies":"SI_POISON_ARCHETYPE","floor":50,"turns":10},{"damage":45,"enemies":"downfall:CharBossMerchant","floor":52,"turns":6},{"damage":0,"enemies":"downfall:NeowBoss","floor":55,"turns":14},{"damage":140,"enemies":"downfall:NeowBossFinal","floor":56,"turns":8}],"seed_played":"3308543658904671628","potions_obtained":[{"floor":3,"key":"Swift Potion"},{"floor":9,"key":"ColorlessPotion"},{"floor":10,"key":"DistilledChaos"},{"floor":12,"key":"Swift Potion"},{"floor":23,"key":"Slimebound:ThreeZeroPotion"},{"floor":27,"key":"champ:CounterPotion"},{"floor":32,"key":"BlessingOfTheForge"},{"floor":37,"key":"Dexterity Potion"},{"floor":38,"key":"Fruit Juice"},{"floor":52,"key":"AttackPotion"}],"is_trial":false,"path_per_floor":["R","M","M","M","?","$","T","$","M","E","M","M","E","?","M","B",null,"R","M","?","?","$","E","T","R","E","M","M","?","E","$","M","B",null,"R","M","M","M","$","?","T","E","R","$","?","T","$","?","M","B",null,"E","$","R","B","B"],"character_chosen":"THE_AUTOMATON","items_purchased":["Sling","Membership Card","Juzu Bracelet","CultistPotion","bronze:SilverBullet","Regal Pillow","Calipers","expansioncontent:QuickStudy","OrangePellets","bronze:BurnAndBuffPotion","Bag of Marbles","ColorlessPotion"],"campfire_rested":3,"item_purchase_floors":[8,31,31,39,39,39,44,44,47,47,47,53],"current_hp_per_floor":[77,76,76,75,75,69,69,71,75,84,84,84,84,84,84,58,84,94,94,78,64,72,66,66,94,76,76,72,94,94,94,94,86,94,94,74,64,61,61,61,61,59,99,99,86,86,86,86,84,29,99,54,54,98,99,0,0,0],"gold":39,"neow_bonus":"TEN_PERCENT_HP_BONUS","is_daily":false,"chose_seed":false,"campfire_upgraded":2,"win_rate":0.0,"timestamp":1611159435,"path_taken":["R","M","M","M","?","$","T","$","?","E","M","M","E","?","M","BOSS","R","M","?","?","$","E","T","R","E","M","?","?","E","?","M","BOSS","R","M","M","M","$","?","T","E","R","$","?","?","?","?","M","BOSS","E","$","R","BOSS","BOSS"],"items_purchased_type":["Relic","Relic","Relic","Potion","Relic","Relic","Relic","Card","Relic","Potion","Relic","Potion"],"build_version":"2020-12-22","purchased_purges":2,"victory":false,"max_hp_per_floor":[77,77,77,77,77,77,77,77,77,84,84,84,84,84,84,84,84,94,94,94,94,94,94,94,94,94,94,94,94,94,94,94,94,94,94,94,94,99,99,99,99,99,99,99,99,99,99,99,99,99,99,99,99,99,99,99,99,99],"card_choices":[{"not_picked":["bronze:Optimize","bronze:Constructor"],"picked":"bronze:Separator","floor":2},{"not_picked":["bronze:BugBarrage","bronze:Deprecate"],"picked":"bronze:DelayedSlice","floor":3},{"not_picked":["bronze:WildBeam","bronze:Flail"],"picked":"bronze:Branch","floor":4},{"not_picked":["bronze:WildBeam","bronze:Overheat"],"picked":"bronze:Repair","floor":6},{"not_picked":["bronze:BitShift","bronze:NullPointer"],"picked":"bronze:DelayedGuard","floor":8},{"not_picked":["bronze:Overheat","bronze:Refactor"],"picked":"bronze:HardenedForm","floor":9},{"not_picked":["bronze:ShipIt","bronze:DarkDash"],"picked":"bronze:Constructor","floor":10},{"not_picked":["bronze:Invalidate","bronze:Branch"],"picked":"bronze:BuggyMess","floor":11},{"not_picked":["bronze:Overheat","bronze:Backtrace"],"picked":"bronze:Optimize","floor":12},{"not_picked":["bronze:Invalidate","bronze:Repair"],"picked":"bronze:CutThrough","floor":13},{"not_picked":["bronze:Overheat","bronze:BitShift"],"picked":"bronze:OilSpill","floor":15},{"not_picked":["bronze:AlphaBuild","bronze:HardenedForm"],"picked":"bronze:FindAndReplace","floor":16},{"not_picked":["bronze:BugBarrage","bronze:WhirlingStrike"],"picked":"bronze:Repulsor","floor":19},{"not_picked":["bronze:Hardcode","bronze:FineTuning"],"picked":"bronze:ClassDefault","floor":22},{"not_picked":["bronze:AlphaBuild","bronze:DelayedGuard"],"picked":"bronze:CloningBeam","floor":23},{"not_picked":["bronze:BuggyMess+1","bronze:Overload"],"picked":"bronze:WildBeam+1","floor":26},{"not_picked":["bronze:BitShift+1","bronze:CutThrough"],"picked":"bronze:FineTuning","floor":27},{"not_picked":["bronze:FineTuning","bronze:Hardcode"],"picked":"bronze:Flail+1","floor":28},{"not_picked":["bronze:WildBeam","bronze:Repulsor"],"picked":"bronze:DelayedGuard","floor":30},{"not_picked":["bronze:ClassDefault","bronze:BugBarrage+1","bronze:OilSpill"],"picked":"bronze:Separator","floor":31},{"not_picked":["bronze:MaxOutput","bronze:DelayedGuard","bronze:HyperBeam"],"picked":"bronze:Shield","floor":32},{"not_picked":["bronze:HyperBeam","bronze:InfiniteLoop","bronze:Hardcode"],"picked":"bronze:TinkerersToolbox","floor":33},{"not_picked":["bronze:Iterate","bronze:Overload","bronze:Repair"],"picked":"bronze:GetLatest+1","floor":36},{"not_picked":["bronze:BitShift+1","bronze:Constructor+1","bronze:Frontload+1"],"picked":"bronze:BugBarrage+1","floor":37},{"not_picked":["bronze:Repair","bronze:WildBeam+1","bronze:DelayedSlice"],"picked":"bronze:ItsAFeature","floor":38},{"not_picked":["bronze:Virus","bronze:Safeguard","bronze:DarkDash"],"picked":"bronze:Separator","floor":39},{"not_picked":["bronze:FineTuning","bronze:BitShift","bronze:DarkDash"],"picked":"bronze:Break","floor":42},{"not_picked":["bronze:FineTuning+1","bronze:ClassDefault+1","bronze:Shield"],"picked":"bronze:ChosenStrike+1","floor":45},{"not_picked":["expansioncontent:LastStand+1","expansioncontent:Hexaburn+1","expansioncontent:GuardianWhirl"],"picked":"expansioncontent:YouAreMine","floor":48},{"not_picked":["bronze:Overheat","bronze:Shield+1","bronze:Turbo"],"picked":"bronze:DelayedSlice","floor":49},{"not_picked":["bronze:InfiniteLoop","bronze:Optimize+1","bronze:OilSpill+1"],"picked":"bronze:Terminator","floor":52}],"player_experience":931888,"relics_obtained":[{"floor":10,"key":"Strawberry"},{"floor":13,"key":"hexamod:BolsterEngine"},{"floor":20,"key":"Enchiridion"},{"floor":23,"key":"Anchor"},{"floor":24,"key":"Bronze Scales"},{"floor":26,"key":"Centennial Puzzle"},{"floor":30,"key":"Question Card"},{"floor":40,"key":"Omamori"},{"floor":41,"key":"Orichalcum"},{"floor":42,"key":"Vajra"},{"floor":42,"key":"Frozen Egg 2"},{"floor":45,"key":"Girya"},{"floor":46,"key":"Potion Belt"},{"floor":52,"key":"Lantern"},{"floor":52,"key":"bronze:CableSpool"}],"event_choices":[{"cards_removed":["bronze:Flail"],"damage_healed":22,"gold_gain":0,"player_choice":"Offered Uncommon","damage_taken":0,"max_hp_gain":0,"max_hp_loss":0,"event_name":"Bonfire Elementals","floor":29,"gold_loss":0},{"damage_healed":0,"gold_gain":0,"player_choice":"Fight","damage_taken":0,"max_hp_gain":0,"max_hp_loss":0,"event_name":"Mysterious Sphere","floor":45,"gold_loss":0}],"is_beta":false,"boss_relics":[{"not_picked":["Astrolabe","Tiny House"],"picked":"bronze:MakeshiftBattery"},{"not_picked":["SacredBark","Velvet Choker"],"picked":"Black Star"}],"items_purged_floors":[8,22],"is_endless":false,"potions_floor_spawned":[3,9,10,12,23,27,32,37,38,52],"killed_by":"downfall:NeowBossFinal","ascension_level":2}}