{"host":"ia9e4s524g7bamk7","time":1611173402,"event":{"mods":["BaseMod","Bestiary","Block Reminder","Minty Spire (QoL Compilation)"],"gold_per_floor":[115,115,126,146,161,191,191,191,191],"floor_reached":8,"language":"ENG","playtime":676,"items_purged":[],"score":64,"play_id":"bbeb24d9-ebfa-4176-a204-783acde8c8c8","local_time":"20210120211002","is_ascension_mode":true,"campfire_choices":[{"data":"Entrench","floor":7,"key":"SMITH"}],"circlet_count":0,"master_deck":["Strike_R","Strike_R","Strike_R","Strike_R","Defend_R","Defend_R","Defend_R","Bash","Armaments","Spot Weakness","Warcry","Entrench+1"],"relics":["Burning Blood","Ancient Tea Set"],"acts_visited":[],"potions_floor_usage":[],"damage_taken":[{"damage":6,"enemies":"2 Louse","floor":1,"turns":3},{"damage":1,"enemies":"Cultist","floor":3,"turns":3},{"damage":7,"enemies":"Jaw Worm","floor":4,"turns":7},{"damage":1,"enemies":"Looter","floor":5,"turns":4},{"damage":35,"enemies":"3 Sentries","floor":6,"turns":8},{"damage":54,"enemies":"Gremlin Nob","floor":8,"turns":4}],"seed_played":"-4469459123371648007","potions_obtained":[{"floor":5,"key":"Regen Potion"}],"is_trial":false,"path_per_floor":["M","?","M","M","M","E","R","E"],"character_chosen":"IRONCLAD","items_purchased":[],"campfire_rested":0,"item_purchase_floors":[],"current_hp_per_floor":[80,80,80,79,80,51,51,0,0],"gold":191,"neow_bonus":"REMOVE_CARD","is_daily":false,"chose_seed":false,"campfire_upgraded":1,"win_rate":0.0,"timestamp":1611173402,"path_taken":["M","?","?","M","M","E","R","E"],"items_purchased_type":[],"build_version":"2020-12-22","purchased_purges":0,"victory":false,"max_hp_per_floor":[80,80,80,80,80,80,80,80,80],"card_choices":[{"not_picked":["Perfected Strike","Body Slam","Wild Strike"],"picked":"SKIP","floor":1},{"not_picked":["Seeing Red","Perfected Strike"],"picked":"Armaments","floor":3},{"not_picked":["Sever Soul","Carnage"],"picked":"Spot Weakness","floor":4},{"not_picked":["Hemokinesis","Battle Trance"],"picked":"Warcry","floor":5},{"not_picked":["Second Wind","Shrug It Off"],"picked":"Entrench","floor":6}],"player_experience":164231,"relics_obtained":[{"floor":6,"key":"Ancient Tea Set"}],"event_choices":[{"cards_removed":["Defend_R"],"damage_healed":0,"gold_gain":0,"player_choice":"Purged","damage_taken":0,"max_hp_gain":0,"max_hp_loss":0,"event_name":"Purifier","floor":2,"gold_loss":0}],"is_beta":false,"boss_relics":[],"items_purged_floors":[],"is_endless":false,"potions_floor_spawned":[5],"killed_by":"Gremlin Nob","ascension_level":2}}