{"host":"8mljs0w5p5r8fx29","time":1611169613,"event":{"mods":["AchievementEnabler","BaseMod","Colored Powertips","Highlight Path","Minty Spire (QoL Compilation)","Permanent Neow"],"gold_per_floor":[111,126,140,151,165,200,200,229,252,267,287,287,299,299,299,396,396,414,339,349,349,349,383,393,393,393,393,419,419,419,419],"floor_reached":30,"language":"ENG","playtime":2686,"items_purged":["Defend_P"],"score":307,"play_id":"994228c8-181b-4113-97a9-4a1cf0fab475","local_time":"20210120200653","is_ascension_mode":false,"campfire_choices":[{"data":"Establishment","floor":7,"key":"SMITH"},{"data":"BattleHymn","floor":12,"key":"SMITH"},{"data":"Eruption","floor":15,"key":"SMITH"},{"floor":27,"key":"REST"}],"circlet_count":0,"master_deck":["Defend_P+1","Eruption+1","Vigilance+1","Establishment+1","FlyingSleeves","ClearTheMind+1","Protect","FlyingSleeves+1","Consecrate+1","EmptyFist","LessonLearned","BattleHymn+1","Protect","Consecrate","Devotion","FollowUp+1","TalkToTheHand","Halt","BattleHymn","Crescendo+1","Decay","Bite","Bite","Bite","Bite","Bite"],"relics":["PureWater","Matryoshka","WingedGreaves","Bag of Marbles","Juzu Bracelet","Fusion Hammer","Nloth\u0027s Gift","White Beast Statue","Bottled Lightning","Anchor"],"acts_visited":["Exordium","TheCity"],"potions_floor_usage":[8,11,13,23,28,30,30],"damage_taken":[{"damage":7,"enemies":"Cultist","floor":1,"turns":3},{"damage":0,"enemies":"Jaw Worm","floor":2,"turns":3},{"damage":0,"enemies":"Small Slimes","floor":3,"turns":3},{"damage":4,"enemies":"3 Louse","floor":4,"turns":4},{"damage":10,"enemies":"Exordium Wildlife","floor":5,"turns":5},{"damage":8,"enemies":"Lagavulin","floor":6,"turns":8},{"damage":22,"enemies":"3 Sentries","floor":8,"turns":11},{"damage":13,"enemies":"Red Slaver","floor":10,"turns":4},{"damage":0,"enemies":"3 Louse","floor":11,"turns":2},{"damage":1,"enemies":"Lots of Slimes","floor":13,"turns":5},{"damage":1,"enemies":"Hexaghost","floor":16,"turns":7},{"damage":2,"enemies":"Shell Parasite","floor":18,"turns":4},{"damage":15,"enemies":"Chosen","floor":20,"turns":7},{"damage":18,"enemies":"Slavers","floor":23,"turns":4},{"damage":19,"enemies":"Centurion and Healer","floor":24,"turns":6},{"damage":26,"enemies":"Gremlin Leader","floor":28,"turns":4},{"damage":16,"enemies":"Slavers","floor":30,"turns":3}],"seed_played":"-2121053402024852130","potions_obtained":[{"floor":4,"key":"DistilledChaos"},{"floor":6,"key":"Strength Potion"},{"floor":8,"key":"Ambrosia"},{"floor":10,"key":"Block Potion"},{"floor":13,"key":"LiquidBronze"},{"floor":16,"key":"DistilledChaos"},{"floor":20,"key":"SkillPotion"},{"floor":23,"key":"DuplicationPotion"},{"floor":28,"key":"Explosive Potion"}],"is_trial":false,"path_per_floor":["M","M","M","M","M","E","R","E","T","M","M","R","M","?","R","B",null,"M","$","M","?","?","E","M","?","T","R","E","?","E"],"character_chosen":"WATCHER","items_purchased":[],"campfire_rested":1,"item_purchase_floors":[],"current_hp_per_floor":[65,65,65,61,51,43,43,21,21,8,8,8,7,7,7,6,72,70,70,55,55,55,37,18,18,18,39,13,13,0,0],"gold":419,"neow_bonus":"ONE_RANDOM_RARE_CARD","is_daily":false,"chose_seed":false,"campfire_upgraded":3,"win_rate":0.0,"timestamp":1611169613,"path_taken":["M","M","M","?","M","E","R","E","T","M","M","R","M","?","R","BOSS","M","$","M","?","?","E","M","?","T","R","E","?","E"],"items_purchased_type":[],"build_version":"2020-12-22","purchased_purges":1,"victory":false,"max_hp_per_floor":[72,72,72,72,72,72,72,72,72,72,72,72,72,72,72,72,72,72,72,72,72,72,72,72,72,72,72,72,50,50,50],"card_choices":[{"not_picked":["EmptyFist","ClearTheMind"],"picked":"FlyingSleeves","floor":1},{"not_picked":["ThirdEye","Vault"],"picked":"ClearTheMind","floor":2},{"not_picked":["SashWhip","Consecrate"],"picked":"Protect","floor":3},{"not_picked":["FlurryOfBlows","SignatureMove"],"picked":"FlyingSleeves","floor":4},{"not_picked":["Prostrate","SashWhip"],"picked":"Consecrate","floor":5},{"not_picked":["BowlingBash","PathToVictory"],"picked":"EmptyFist","floor":6},{"not_picked":["Vault","JustLucky"],"picked":"LessonLearned","floor":8},{"not_picked":["WaveOfTheHand","PathToVictory"],"picked":"BattleHymn","floor":10},{"not_picked":["FlyingSleeves","BowlingBash"],"picked":"Protect","floor":11},{"not_picked":["CrushJoints","Tantrum"],"picked":"Consecrate","floor":13},{"not_picked":["Judgement","DeusExMachina"],"picked":"Devotion","floor":16},{"not_picked":["ThirdEye","FlyingSleeves","CarveReality"],"picked":"SKIP","floor":18},{"not_picked":["Consecrate","FlurryOfBlows"],"picked":"FollowUp","floor":20},{"not_picked":["Swivel+1","FearNoEvil"],"picked":"BattleHymn","floor":23},{"not_picked":["DeusExMachina","CrushJoints"],"picked":"Crescendo+1","floor":24},{"not_picked":["Prostrate","ConjureBlade","Evaluate"],"picked":"SKIP","floor":28}],"player_experience":180207,"relics_obtained":[{"floor":6,"key":"Matryoshka"},{"floor":8,"key":"WingedGreaves"},{"floor":9,"key":"War Paint"},{"floor":9,"key":"Bag of Marbles"},{"floor":26,"key":"White Beast Statue"},{"floor":26,"key":"Bottled Lightning"},{"floor":28,"key":"Anchor"}],"event_choices":[{"damage_healed":0,"gold_gain":0,"player_choice":"Gave Potion","damage_taken":0,"relics_obtained":["Juzu Bracelet"],"max_hp_gain":0,"max_hp_loss":0,"event_name":"WeMeetAgain","floor":14,"gold_loss":0},{"damage_healed":0,"gold_gain":0,"player_choice":"Traded Relic","damage_taken":0,"relics_obtained":["Nloth\u0027s Gift"],"max_hp_gain":0,"max_hp_loss":0,"event_name":"N\u0027loth","floor":21,"relics_lost":["War Paint"],"gold_loss":0},{"damage_healed":0,"gold_gain":0,"cards_transformed":["Defend_P","Defend_P"],"player_choice":"Became Test Subject","damage_taken":0,"max_hp_gain":0,"max_hp_loss":0,"event_name":"Drug Dealer","floor":22,"gold_loss":0,"cards_obtained":["TalkToTheHand","Halt"]},{"damage_healed":0,"gold_gain":0,"player_choice":"Smashed Altar","damage_taken":0,"max_hp_gain":0,"max_hp_loss":0,"event_name":"Forgotten Altar","floor":25,"gold_loss":0,"cards_obtained":["Decay"]},{"damage_healed":0,"gold_gain":0,"player_choice":"Became a vampire","damage_taken":0,"max_hp_gain":0,"max_hp_loss":22,"event_name":"Vampires","floor":29,"gold_loss":0,"cards_obtained":["Bite","Bite","Bite","Bite","Bite"]}],"is_beta":false,"boss_relics":[{"not_picked":["SacredBark","SlaversCollar"],"picked":"Fusion Hammer"}],"items_purged_floors":[19],"is_endless":false,"potions_floor_spawned":[4,6,8,10,13,16,20,23,28],"killed_by":"Slavers","ascension_level":0}}