{"host":"ktcdj36to33j8wen","time":1611105374,"event":{"mods":["AchievementEnabler","BaseMod","Minty Spire (QoL Compilation)","StSLib"],"gold_per_floor":[109,123,123,123,141,141,153,187,187,187,207,238,238,248,248,349,349,360,379,379,391,401,401,401,411,411,425,440,440,457,487,487,590,590,602,613,538,548,559,559,559],"floor_reached":40,"language":"ENG","playtime":1989,"items_purged":["Strike_R"],"score":451,"play_id":"2189ecca-9319-4a9a-b921-73db67bc4c75","local_time":"20210119201614","is_ascension_mode":false,"campfire_choices":[{"data":"Strike_R","floor":6,"key":"SMITH"},{"floor":10,"key":"REST"},{"floor":15,"key":"REST"},{"data":"Anger","floor":23,"key":"SMITH"},{"floor":32,"key":"REST"}],"circlet_count":0,"master_deck":["Strike_R+1","Strike_R","Strike_R","Strike_R","Defend_R","Defend_R","Defend_R","Bash","Reaper+1","Hemokinesis+1","Infernal Blade","Heavy Blade","Clash","Anger","Demon Form","Anger+1","Rampage+1","Clash","Infernal Blade","Anger","Bludgeon","Rampage","Bloodletting+1","Anger+1"],"relics":["Burning Blood","Charon\u0027s Ashes","Calipers","Magic Flower","Bag of Preparation","Cursed Key","Vajra","Empty Cage"],"acts_visited":["Exordium","TheCity","TheBeyond"],"potions_floor_usage":[12,12,16,16,22,33,33,33,39,40],"damage_taken":[{"damage":11,"enemies":"Small Slimes","floor":1,"turns":4},{"damage":5,"enemies":"2 Louse","floor":2,"turns":3},{"damage":8,"enemies":"Cultist","floor":5,"turns":3},{"damage":11,"enemies":"Exordium Wildlife","floor":7,"turns":3},{"damage":30,"enemies":"Gremlin Nob","floor":8,"turns":4},{"damage":7,"enemies":"Gremlin Gang","floor":11,"turns":3},{"damage":38,"enemies":"Lagavulin","floor":12,"turns":5},{"damage":2,"enemies":"Looter","floor":14,"turns":1},{"damage":49,"enemies":"Hexaghost","floor":16,"turns":8},{"damage":20,"enemies":"2 Thieves","floor":18,"turns":3},{"damage":18,"enemies":"Chosen","floor":19,"turns":5},{"damage":36,"enemies":"3 Cultists","floor":21,"turns":4},{"damage":28,"enemies":"Cultist and Chosen","floor":22,"turns":6},{"damage":16,"enemies":"Centurion and Healer","floor":25,"turns":4},{"damage":20,"enemies":"Snake Plant","floor":27,"turns":3},{"damage":18,"enemies":"3 Cultists","floor":28,"turns":4},{"damage":18,"enemies":"Centurion and Healer","floor":30,"turns":4},{"damage":38,"enemies":"Book of Stabbing","floor":31,"turns":4},{"damage":69,"enemies":"Champ","floor":33,"turns":9},{"damage":5,"enemies":"Orb Walker","floor":35,"turns":2},{"damage":48,"enemies":"3 Darklings","floor":36,"turns":4},{"damage":21,"enemies":"Maw","floor":38,"turns":6},{"damage":41,"enemies":"Transient","floor":39,"turns":5},{"damage":31,"enemies":"Giant Head","floor":40,"turns":4}],"seed_played":"291922041963218148","potions_obtained":[{"floor":7,"key":"CultistPotion"},{"floor":8,"key":"Fire Potion"},{"floor":11,"key":"AttackPotion"},{"floor":14,"key":"Explosive Potion"},{"floor":18,"key":"BloodPotion"},{"floor":27,"key":"ColorlessPotion"},{"floor":28,"key":"Energy Potion"},{"floor":31,"key":"Block Potion"},{"floor":33,"key":"Energy Potion"},{"floor":35,"key":"Energy Potion"},{"floor":39,"key":"ElixirPotion"}],"is_trial":false,"path_per_floor":["M","M","?","?","M","R","M","E","T","R","M","E","?","M","R","B",null,"M","M","?","M","M","R","?","M","T","M","M","T","M","E","R","B",null,"M","M","$","M","M","E"],"character_chosen":"IRONCLAD","items_purchased":[],"campfire_rested":3,"item_purchase_floors":[],"current_hp_per_floor":[75,80,73,57,60,60,61,37,37,61,68,42,30,37,61,21,80,80,78,78,51,64,64,64,80,80,69,71,71,77,48,72,21,80,80,41,41,38,18,0,0],"gold":559,"neow_bonus":"ONE_RANDOM_RARE_CARD","is_daily":false,"chose_seed":false,"campfire_upgraded":2,"win_rate":0.0,"timestamp":1611105374,"path_taken":["M","M","?","?","M","R","M","E","T","R","M","E","?","M","R","BOSS","M","M","?","M","M","R","?","M","T","M","?","?","M","E","R","BOSS","M","M","$","M","?","E"],"items_purchased_type":[],"build_version":"2020-12-22","purchased_purges":1,"victory":false,"max_hp_per_floor":[80,80,80,80,80,80,80,80,80,80,80,80,80,80,80,80,80,80,80,80,80,80,80,80,80,80,80,80,80,80,80,80,80,80,80,80,80,80,80,80,80],"card_choices":[{"not_picked":["Perfected Strike","Flex"],"picked":"Sword Boomerang","floor":1},{"not_picked":["Armaments","Intimidate"],"picked":"Hemokinesis","floor":2},{"not_picked":["Shrug It Off","Rage"],"picked":"Infernal Blade","floor":5},{"not_picked":["Rampage","Dropkick"],"picked":"Heavy Blade","floor":7},{"not_picked":["Dark Embrace","Blood for Blood"],"picked":"Sword Boomerang","floor":8},{"not_picked":["Disarm","Dropkick","Spot Weakness"],"picked":"SKIP","floor":11},{"not_picked":["True Grit","Intimidate"],"picked":"Clash","floor":12},{"not_picked":["Shrug It Off","Dropkick"],"picked":"Anger","floor":14},{"not_picked":["Double Tap","Barricade"],"picked":"Demon Form","floor":16},{"not_picked":["Perfected Strike","Sword Boomerang"],"picked":"Anger","floor":18},{"not_picked":["Ghostly Armor","Armaments"],"picked":"Rampage+1","floor":19},{"not_picked":["Flex+1","Metallicize"],"picked":"Clash","floor":21},{"not_picked":["Cleave","Shockwave+1"],"picked":"Infernal Blade","floor":22},{"not_picked":["Perfected Strike","Feel No Pain+1","Armaments"],"picked":"SKIP","floor":25},{"not_picked":["Dark Embrace+1","Twin Strike","Warcry"],"picked":"SKIP","floor":27},{"not_picked":["Searing Blow","Disarm","Flex"],"picked":"SKIP","floor":28},{"not_picked":["Thunderclap","Demon Form"],"picked":"Anger","floor":30},{"not_picked":["Carnage","Searing Blow","Ghostly Armor"],"picked":"SKIP","floor":31},{"not_picked":["Impervious","Brutality"],"picked":"Bludgeon","floor":33},{"not_picked":["Pommel Strike","True Grit+1","Clothesline"],"picked":"SKIP","floor":35},{"not_picked":["Dark Embrace+1","Perfected Strike+1"],"picked":"Rampage","floor":36},{"not_picked":["Flame Barrier","Searing Blow"],"picked":"Bloodletting+1","floor":38},{"not_picked":["Iron Wave+1","Shrug It Off+1"],"picked":"Anger+1","floor":39}],"player_experience":25751,"relics_obtained":[{"floor":8,"key":"Charon\u0027s Ashes"},{"floor":9,"key":"Calipers"},{"floor":12,"key":"Magic Flower"},{"floor":31,"key":"Vajra"}],"event_choices":[{"cards_removed":["Defend_R"],"damage_healed":0,"gold_gain":0,"player_choice":"Card Removal","damage_taken":7,"max_hp_gain":0,"max_hp_loss":0,"event_name":"Golden Wing","floor":3,"gold_loss":0},{"damage_healed":0,"gold_gain":0,"player_choice":"Entered Light","damage_taken":16,"max_hp_gain":0,"max_hp_loss":0,"event_name":"Shining Light","floor":4,"gold_loss":0,"cards_upgraded":["Reaper","Hemokinesis"]},{"damage_healed":0,"gold_gain":0,"player_choice":"Success","damage_taken":12,"relics_obtained":["Bag of Preparation"],"max_hp_gain":0,"max_hp_loss":0,"event_name":"Scrap Ooze","floor":13,"gold_loss":0},{"damage_healed":0,"gold_gain":0,"player_choice":"Ignored","damage_taken":0,"max_hp_gain":0,"max_hp_loss":0,"event_name":"Vampires","floor":20,"gold_loss":0},{"damage_healed":0,"gold_gain":0,"player_choice":"Ignored","damage_taken":0,"max_hp_gain":0,"max_hp_loss":0,"event_name":"NoteForYourself","floor":24,"gold_loss":0}],"is_beta":false,"boss_relics":[{"not_picked":["Runic Pyramid","Sozu"],"picked":"Cursed Key"},{"not_picked":["Coffee Dripper","Astrolabe"],"picked":"Empty Cage"}],"items_purged_floors":[37],"is_endless":false,"potions_floor_spawned":[7,8,11,14,18,27,28,31,33,35,39],"killed_by":"Giant Head","ascension_level":0}}