{"host":"94aus4jnk6thj94q","time":1611177519,"event":{"mods":["BaseMod","Minty Spire (QoL Compilation)","Quick Restart","StSLib"],"gold_per_floor":[114,126,36,136,147,177,177,196,196,209,15,15,25,25,25,25,25],"floor_reached":16,"language":"ENG","playtime":724,"items_purged":[],"score":102,"play_id":"e95610e0-42f5-4142-b13c-38e70ccef8cf","local_time":"20210120231839","is_ascension_mode":false,"campfire_choices":[{"floor":7,"key":"REST"},{"floor":12,"key":"REST"},{"floor":15,"key":"RECALL"}],"circlet_count":0,"master_deck":["Strike_R","Strike_R","Strike_R","Strike_R","Strike_R","Defend_R","Defend_R","Defend_R","Defend_R","Bash","Perfected Strike","Shrug It Off","Dark Shackles","Armaments+1","Iron Wave","Seeing Red+1","Rampage","Armaments"],"relics":["Burning Blood","Red Skull","Ice Cream","Bird Faced Urn","War Paint","Calipers"],"acts_visited":["Exordium"],"potions_floor_usage":[13],"damage_taken":[{"damage":6,"enemies":"Jaw Worm","floor":1,"turns":4},{"damage":0,"enemies":"Cultist","floor":2,"turns":2},{"damage":0,"enemies":"Small Slimes","floor":5,"turns":3},{"damage":47,"enemies":"3 Sentries","floor":6,"turns":9},{"damage":11,"enemies":"Blue Slaver","floor":8,"turns":4},{"damage":5,"enemies":"Looter","floor":10,"turns":3},{"damage":15,"enemies":"Large Slime","floor":13,"turns":6},{"damage":29,"enemies":"The Guardian","floor":16,"turns":8}],"seed_played":"1952877296670525398","potions_obtained":[{"floor":1,"key":"SteroidPotion"},{"floor":6,"key":"GamblersBrew"},{"floor":8,"key":"Explosive Potion"}],"is_trial":false,"path_per_floor":["M","M","$","?","M","E","R","M","T","M","$","R","M","?","R","B"],"character_chosen":"IRONCLAD","items_purchased":["Dark Shackles","War Paint","Armaments"],"campfire_rested":2,"item_purchase_floors":[3,11,11],"current_hp_per_floor":[80,80,80,80,80,39,63,58,58,59,59,80,71,68,68,39,39],"gold":25,"neow_bonus":"RANDOM_COMMON_RELIC","is_daily":false,"chose_seed":false,"campfire_upgraded":0,"win_rate":0.0,"timestamp":1611177519,"path_taken":["M","M","$","?","?","E","R","M","T","M","?","R","M","?","R","BOSS"],"items_purchased_type":["Card","Relic","Card"],"build_version":"2020-12-22","purchased_purges":0,"victory":false,"max_hp_per_floor":[80,80,80,80,80,80,80,80,80,80,80,80,80,80,80,80,80],"card_choices":[{"not_picked":["Hemokinesis","Intimidate"],"picked":"Perfected Strike","floor":1},{"not_picked":["Battle Trance","Body Slam"],"picked":"Shrug It Off","floor":2},{"not_picked":["Iron Wave","Seeing Red"],"picked":"Armaments","floor":5},{"not_picked":["Burning Pact","Warcry"],"picked":"Iron Wave","floor":6},{"not_picked":["Pommel Strike","Carnage"],"picked":"Seeing Red","floor":8},{"not_picked":["Hemokinesis","Sentinel"],"picked":"Rampage","floor":10},{"not_picked":["Feel No Pain","Rupture","Thunderclap"],"picked":"SKIP","floor":13}],"player_experience":5836349,"relics_obtained":[{"floor":6,"key":"Ice Cream"},{"floor":9,"key":"Bird Faced Urn"}],"event_choices":[{"damage_healed":0,"gold_gain":100,"player_choice":"Gold","damage_taken":0,"max_hp_gain":0,"max_hp_loss":0,"event_name":"Wheel of Change","floor":4,"gold_loss":0},{"damage_healed":0,"gold_gain":0,"player_choice":"Success","damage_taken":3,"relics_obtained":["Calipers"],"max_hp_gain":0,"max_hp_loss":0,"event_name":"Scrap Ooze","floor":14,"gold_loss":0}],"is_beta":false,"boss_relics":[],"items_purged_floors":[],"is_endless":false,"potions_floor_spawned":[1,6,8],"killed_by":"The Guardian","ascension_level":0}}