{"host":"aw5aop3hbkunav4s","time":1611115434,"event":{"mods":["2.2 Compatiblity","AchievementEnabler","BaseMod","Colored Map","Colored Powertips","Curses Come First","Downfall","Minty Spire (QoL Compilation)","StSLib"],"gold_per_floor":[99,117,131,151,171,71,151,151,169,184,209,221,250,15,27,131,131,131,150,150,163,182,182,182,182,82,108,123,150,50,50,69,173,173,173,186,197,208,208,21,21,33,33,86,86,120,120,137,150,150,150,178,24,24,24,24,24,24],"floor_reached":56,"language":"ENG","playtime":9638,"items_purged":["Pain","Guardian:Strike_Guardian","Guardian:Strike_Guardian"],"score":833,"play_id":"21237b21-50f1-4ad8-9aa9-9e916577f706","local_time":"20210119230354","is_ascension_mode":false,"campfire_choices":[{"floor":1.0,"key":"RECALL"},{"data":"Guardian:SpikerProtocol","floor":6.0,"key":"SMITH"},{"data":"Guardian:ShieldCharger","floor":18.0,"key":"SMITH"},{"data":"Guardian:MultiBeam","floor":26.0,"key":"SMITH"},{"data":"Guardian:CurlUp","floor":30.0,"key":"SMITH"},{"data":"Guardian:ShieldCharger","floor":35.0,"key":"SMITH"},{"data":"Guardian:ShieldCharger","floor":47.0,"key":"SMITH"},{"floor":54,"key":"REST"}],"circlet_count":0,"master_deck":["Guardian:Strike_Guardian","Guardian:Defend_Guardian","Guardian:Defend_Guardian","Guardian:Defend_Guardian","Guardian:CurlUp+1","Guardian:TwinSlam","Guardian:SpikerProtocol+1","Guardian:ShieldCharger+1","Guardian:BronzeOrb","Guardian:MultiBeam+1","Guardian:ShieldCharger+1","Guardian:RevengeProtocol+1","Guardian:Suspension+1","Guardian:ShieldCharger+1","Guardian:SpikerProtocol+1","Guardian:ArmoredProtocol+1","Guardian:MultiBeam+1","Guardian:ArmoredProtocol+1","Guardian:BronzeArmor+1","Guardian:Repulse+1","Guardian:Preprogram+1","Guardian:RevengeProtocol+1","Guardian:EvasiveProtocol+1"],"relics":["Cursed Key","downfall:HeartBlessingRed","Anchor","Frozen Egg 2","Nunchaku","Guardian:BottledStasis","Velvet Choker","downfall:HeartBlessingBlue","Orichalcum","Oddly Smooth Stone","downfall:HeartBlessingGreen","SlaversCollar","Medical Kit","Bottled Lightning","Lantern","OrangePellets"],"acts_visited":["Exordium","TheCity","TheBeyond","TheEnding"],"potions_floor_usage":[],"damage_taken":[{"damage":1.0,"enemies":"Jaw Worm","floor":2.0,"turns":3.0},{"damage":1.0,"enemies":"2 Louse","floor":3.0,"turns":2.0},{"damage":0.0,"enemies":"Small Slimes","floor":4.0,"turns":2.0},{"damage":11.0,"enemies":"3 Louse","floor":5.0,"turns":3.0},{"damage":5.0,"enemies":"Exordium Wildlife","floor":9.0,"turns":7.0},{"damage":0.0,"enemies":"Red Slaver","floor":10.0,"turns":2.0},{"damage":11.0,"enemies":"3 Sentries","floor":11.0,"turns":6.0},{"damage":2.0,"enemies":"Blue Slaver","floor":12.0,"turns":3.0},{"damage":9.0,"enemies":"Gremlin Nob","floor":13.0,"turns":3.0},{"damage":1.0,"enemies":"downfall:FleeingMerchant","floor":14.0,"turns":4.0},{"damage":0.0,"enemies":"3 Louse","floor":15.0,"turns":2.0},{"damage":5.0,"enemies":"DF_ARCHETYPE_STREAMLINE","floor":16.0,"turns":12.0},{"damage":0.0,"enemies":"Spheric Guardian","floor":19.0,"turns":4.0},{"damage":0.0,"enemies":"Shell Parasite","floor":21.0,"turns":2.0},{"damage":0.0,"enemies":"Sentry and Sphere","floor":22.0,"turns":6.0},{"damage":2.0,"enemies":"Book of Stabbing","floor":27.0,"turns":6.0},{"damage":0.0,"enemies":"Cultist and Chosen","floor":28.0,"turns":4.0},{"damage":2.0,"enemies":"Gremlin Leader","floor":29.0,"turns":6.0},{"damage":0.0,"enemies":"Snecko","floor":32.0,"turns":5.0},{"damage":0.0,"enemies":"IC_MUSHROOM_ARCHETYPE","floor":33.0,"turns":4.0},{"damage":0.0,"enemies":"3 Darklings","floor":36.0,"turns":3.0},{"damage":0.0,"enemies":"3 Shapes","floor":37.0,"turns":2.0},{"damage":0.0,"enemies":"Spire Growth","floor":38.0,"turns":4.0},{"damage":0.0,"enemies":"downfall:FleeingMerchant","floor":40.0,"turns":4.0},{"damage":0.0,"enemies":"4 Shapes","floor":42.0,"turns":3.0},{"damage":0.0,"enemies":"downfall:FleeingMerchant","floor":44.0,"turns":4.0},{"damage":9.0,"enemies":"Giant Head","floor":46.0,"turns":7.0},{"damage":0.0,"enemies":"Jaw Worm Horde","floor":48.0,"turns":3.0},{"damage":0.0,"enemies":"Sphere and 2 Shapes","floor":49.0,"turns":4.0},{"damage":10,"enemies":"SI_POISON_ARCHETYPE","floor":50,"turns":28},{"damage":53,"enemies":"downfall:CharBossMerchant","floor":52,"turns":10},{"damage":9,"enemies":"downfall:NeowBoss","floor":55,"turns":25},{"damage":67,"enemies":"downfall:NeowBossFinal","floor":56,"turns":11}],"seed_played":"3004134480151269386","potions_obtained":[{"floor":3.0,"key":"LiquidMemories"},{"floor":4.0,"key":"bronze:BurnAndBuffPotion"},{"floor":5.0,"key":"Guardian:BlockOnCardUsePotion"},{"floor":10.0,"key":"Regen Potion"},{"floor":11.0,"key":"FearPotion"},{"floor":15.0,"key":"PowerPotion"},{"floor":19.0,"key":"SkillPotion"},{"floor":27.0,"key":"Energy Potion"},{"floor":32.0,"key":"Swift Potion"},{"floor":37.0,"key":"Guardian:AcceleratePotion"},{"floor":38.0,"key":"Block Potion"},{"floor":46.0,"key":"sneckomod:MuddlingPotion"},{"floor":49.0,"key":"Fire Potion"}],"is_trial":false,"path_per_floor":["R","M","M","M","M","R","T","?","M","M","E","M","E","$","M","B",null,"R","M","?","M","M","?","T","?","R","E","M","E","R","?","M","B",null,"R","M","M","M","?","$","T","M","?","$","T","E","R","M","M","B",null,"E","$","R","B","B"],"character_chosen":"GUARDIAN","items_purchased":["Guardian:BottledStasis","Guardian:Repulse+1","Medical Kit","OrangePellets"],"campfire_rested":1,"item_purchase_floors":[14,40,44,53],"current_hp_per_floor":[80,79,78,78,67,67,67,49,44,44,48,46,37,36,36,31,80,80,80,80,80,80,80,80,80,90,88,88,86,86,86,86,86,90,90,90,90,90,90,90,90,90,90,90,90,81,81,81,81,71,90,37,37,64,55,0,0,0],"gold":24,"neow_bonus":"BOSS_RELIC","is_daily":false,"chose_seed":false,"campfire_upgraded":6,"win_rate":0.0,"timestamp":1611115434,"path_taken":["R","M","M","M","M","R","T","?","M","M","E","M","E","$","M","BOSS","R","M","?","M","M","?","T","?","R","E","M","E","R","?","M","BOSS","R","M","M","M","?","$","T","M","?","$","?","E","R","?","M","BOSS","E","$","R","BOSS","BOSS"],"items_purchased_type":["Relic","Card","Relic","Relic"],"build_version":"2020-12-22","purchased_purges":3,"victory":false,"max_hp_per_floor":[80,80,80,80,80,80,80,80,80,80,80,80,80,80,80,80,80,80,80,80,80,80,80,80,80,90,90,90,90,90,90,90,90,90,90,90,90,90,90,90,90,90,90,90,90,90,90,90,90,90,90,90,90,90,90,90,90,90],"card_choices":[{"not_picked":["Guardian:Gem_Lightblue","Guardian:Suspension","Guardian:TemporalStrike"],"picked":"SKIP","floor":2.0},{"not_picked":["Guardian:Preprogram","Guardian:GuardianWhirl"],"picked":"Guardian:SpikerProtocol","floor":3.0},{"not_picked":["Guardian:Gem_Crimson","Guardian:Gem_Red"],"picked":"Guardian:ShieldCharger","floor":4.0},{"not_picked":["Guardian:Planning","Guardian:BronzeArmor"],"picked":"Guardian:BronzeOrb","floor":5.0},{"not_picked":["Guardian:CrystalBeam","Guardian:FierceBash"],"picked":"Guardian:MultiBeam","floor":9.0},{"not_picked":["Guardian:CrystalBeam","Guardian:WalkerClaw","Guardian:RollAttack"],"picked":"SKIP","floor":10.0},{"not_picked":["Guardian:CrystalBeam","Guardian:WalkerClaw","Guardian:RollAttack"],"picked":"SKIP","floor":10.0},{"not_picked":["Guardian:TemporalShield","Guardian:BaubleBeam"],"picked":"Guardian:Gem_Purple","floor":11.0},{"not_picked":["Guardian:VentSteam","Guardian:Suspension"],"picked":"Guardian:Gem_Crimson","floor":12.0},{"not_picked":["Guardian:PrismaticBarrier","Guardian:Gem_Yellow","Guardian:Gem_Cyan"],"picked":"SKIP","floor":13.0},{"not_picked":["Guardian:Clone","Guardian:MultiBeam"],"picked":"Guardian:ShieldCharger","floor":14.0},{"not_picked":["Guardian:Recover","Guardian:Gem_Lightblue","Guardian:Gem_Red"],"picked":"SKIP","floor":15.0},{"not_picked":["Guardian:AncientConstruct+1","Guardian:Gem_Synthetic"],"picked":"Guardian:RevengeProtocol+1","floor":16.0},{"not_picked":["Guardian:Recover","Guardian:PiercingHide","Guardian:Gem_Green"],"picked":"SKIP","floor":19.0},{"not_picked":["Guardian:Gem_Lightblue","Guardian:PiercingHide"],"picked":"Guardian:Suspension+1","floor":21.0},{"not_picked":["Guardian:WalkerClaw+1","Guardian:TemporalShield"],"picked":"Guardian:ShieldCharger","floor":22.0},{"not_picked":["Guardian:PrimingBeam","Guardian:RefractedBeam","Guardian:Suspension"],"picked":"SKIP","floor":27.0},{"not_picked":["Guardian:ShieldSpikes","Guardian:Gem_Cyan"],"picked":"Guardian:SpikerProtocol+1","floor":28.0},{"not_picked":["Guardian:HyperBeam_Guardian","Guardian:StasisField"],"picked":"Guardian:ArmoredProtocol+1","floor":29.0},{"not_picked":["Guardian:Suspension","Guardian:PrimingBeam","Guardian:Gem_Cyan"],"picked":"SKIP","floor":32.0},{"not_picked":["Guardian:PrimingBeam+1","Guardian:Gem_Red"],"picked":"Guardian:MultiBeam+1","floor":36.0},{"not_picked":["Guardian:SpikerProtocol+1","Guardian:Preprogram"],"picked":"Guardian:ArmoredProtocol+1","floor":37.0},{"not_picked":["Guardian:WalkerClaw","Guardian:PrimingBeam"],"picked":"Guardian:Gem_White","floor":38.0},{"not_picked":["Guardian:Orbwalk+1","Guardian:RefractedBeam"],"picked":"Guardian:BronzeArmor+1","floor":40.0},{"not_picked":["Guardian:TemporalStrike","Guardian:Suspension+1"],"picked":"Guardian:Preprogram+1","floor":42.0},{"not_picked":["Guardian:Incinerate+1","Guardian:TemporalStrike+1","Guardian:Recover+1"],"picked":"SKIP","floor":44.0},{"not_picked":["Guardian:Incinerate+1","Guardian:Gem_Cyan"],"picked":"Guardian:RevengeProtocol+1","floor":46.0},{"not_picked":["Guardian:RollAttack","Guardian:FloatingOrbs+1"],"picked":"Guardian:Gem_Blue","floor":48.0},{"not_picked":["Guardian:PiercingHide+1","Guardian:Incinerate+1","Guardian:ChargeCore"],"picked":"SKIP","floor":49.0},{"not_picked":["Guardian:Planning+1","Guardian:VentSteam+1"],"picked":"Guardian:EvasiveProtocol+1","floor":52}],"player_experience":340989,"relics_obtained":[{"floor":11.0,"key":"Frozen Egg 2"},{"floor":13.0,"key":"Nunchaku"},{"floor":27.0,"key":"Orichalcum"},{"floor":29.0,"key":"Oddly Smooth Stone"},{"floor":46.0,"key":"Bottled Lightning"},{"floor":52,"key":"Lantern"}],"event_choices":[{"damage_healed":0.0,"max_hp_gain":0.0,"max_hp_loss":0.0,"gold_gain":0.0,"event_name":"Scrap Ooze","player_choice":"Success","floor":8.0,"gold_loss":0.0,"damage_taken":18.0,"relics_obtained":["Anchor"]},{"cards_removed":["Guardian:Defend_Guardian"],"damage_healed":0.0,"max_hp_gain":0.0,"max_hp_loss":0.0,"gold_gain":0.0,"event_name":"Falling","player_choice":"Removed Skill","floor":39.0,"gold_loss":0.0,"damage_taken":0.0}],"is_beta":false,"boss_relics":[{"not_picked":["Calling Bell","Philosopher\u0027s Stone"],"picked":"Velvet Choker"},{"not_picked":["Busted Crown","Sozu"],"picked":"SlaversCollar"}],"items_purged_floors":[14,40,44],"is_endless":false,"potions_floor_spawned":[3,4,5,10,11,15,19,27,32,37,38,46,49],"killed_by":"downfall:NeowBossFinal","ascension_level":0}}