{"host":"sy26bfguqtls01um","time":1611152728,"event":{"mods":["BaseMod","DeckTracker","Hermit","Minty Spire (QoL Compilation)","Random Character Button","StSLib","SuperFastMode","The Hierophant","The Necromancer","The Servant 0.9.4","The Wild Card"],"gold_per_floor":[109,34,34,34,49,49,76,76,76,41,68,15,15,28,28,99,99,19,19,19,19,19,19,19,19],"floor_reached":24,"language":"KOR","playtime":845,"items_purged":["Defend_S"],"score":400,"play_id":"0c8c1077-4f38-4af1-a9b3-068d3f5edfb0","local_time":"20210120232528","is_ascension_mode":true,"campfire_choices":[{"data":"KidneyShot","floor":6,"key":"SMITH"},{"floor":8,"key":"REST"},{"data":"Potential","floor":15,"key":"SMITH"},{"floor":23,"key":"REST"}],"circlet_count":0,"master_deck":["AscendersBane","Strike_S","Strike_S","Defend_S+1","Defend_S+1","Defend_S","KidneyShot+1","Exchange+1","FastForward+1","theWildCard:Alice","Comet","Potential+1","TimeWarp","StarChef","KillingDoll","FanOfKnives","Alleviate"],"relics":["Uniform","White Beast Statue","Omamori","InkBottle","Gambling Chip","Ectoplasm","Bottled Flame","War Paint"],"acts_visited":["Exordium","TheCity"],"potions_floor_usage":[7,7,11,16,24],"damage_taken":[{"damage":3,"enemies":"Cultist","floor":1,"turns":4},{"damage":4,"enemies":"Jaw Worm","floor":5,"turns":6},{"damage":27,"enemies":"Gremlin Nob","floor":7,"turns":6},{"damage":7,"enemies":"3 Sentries","floor":11,"turns":12},{"damage":0,"enemies":"Small Slimes","floor":14,"turns":2},{"damage":32,"enemies":"Hexaghost","floor":16,"turns":10},{"damage":14,"enemies":"2 Thieves","floor":18,"turns":4},{"damage":18,"enemies":"Chosen","floor":19,"turns":6},{"damage":74,"enemies":"Book of Stabbing","floor":24,"turns":7}],"seed_played":"-1693614152809080773","potions_obtained":[{"floor":1,"key":"BlessingOfTheForge"},{"floor":5,"key":"SneckoOil"},{"floor":7,"key":"BlessingOfTheForge"},{"floor":11,"key":"Swift Potion"},{"floor":14,"key":"FairyPotion"},{"floor":16,"key":"FairyPotion"},{"floor":18,"key":"Regen Potion"}],"is_trial":false,"path_per_floor":["M","$","?","?","M","R","E","R","T","?","E","$","T","M","R","B",null,"M","M","T","?","T","R","E"],"character_chosen":"THE_SERVANT","items_purchased":["TimeWarp"],"campfire_rested":2,"item_purchase_floors":[12],"current_hp_per_floor":[57,57,57,37,33,33,6,25,25,41,34,34,34,34,34,2,50,36,18,18,18,18,37,0,0],"gold":19,"neow_bonus":"TEN_PERCENT_HP_BONUS","is_daily":false,"chose_seed":false,"campfire_upgraded":2,"win_rate":0.0,"timestamp":1611152728,"path_taken":["M","$","?","?","M","R","E","R","T","?","E","?","?","M","R","BOSS","M","M","?","?","?","R","E"],"items_purchased_type":["Card"],"build_version":"2020-12-22","purchased_purges":1,"victory":false,"max_hp_per_floor":[66,66,66,66,66,66,66,66,66,66,66,66,66,66,66,66,66,66,66,66,66,66,66,66,66],"card_choices":[{"not_picked":["Revamp","Ricochet"],"picked":"FastForward","floor":1},{"not_picked":["Shuttle","InstantArmor"],"picked":"Comet","floor":5},{"not_picked":["DoubleEdge","Foresight","Starlight"],"picked":"SKIP","floor":7},{"not_picked":["Orbit","Moonlight"],"picked":"Potential","floor":11},{"not_picked":["Revamp","Rewind"],"picked":"StarChef","floor":14},{"not_picked":["LightFlow","Dilation"],"picked":"KillingDoll","floor":16},{"not_picked":["DoubleEdge","Snipe","Revamp"],"picked":"SKIP","floor":18},{"not_picked":["Rewind+1","Moonlight","Replace"],"picked":"SKIP","floor":19}],"player_experience":1867858,"relics_obtained":[{"floor":7,"key":"White Beast Statue"},{"floor":9,"key":"Omamori"},{"floor":11,"key":"InkBottle"},{"floor":13,"key":"Gambling Chip"},{"floor":20,"key":"Bottled Flame"},{"floor":22,"key":"War Paint"}],"event_choices":[{"damage_healed":0,"gold_gain":0,"player_choice":"Entered Light","damage_taken":20,"max_hp_gain":0,"max_hp_loss":0,"event_name":"Shining Light","floor":4,"gold_loss":0,"cards_upgraded":["Defend_S","Exchange"]},{"damage_healed":16,"gold_gain":0,"player_choice":"Healed","damage_taken":0,"max_hp_gain":0,"max_hp_loss":0,"event_name":"The Cleric","floor":10,"gold_loss":35},{"damage_healed":0,"gold_gain":0,"cards_transformed":["Strike_S","Strike_S"],"player_choice":"Became Test Subject","damage_taken":0,"max_hp_gain":0,"max_hp_loss":0,"event_name":"Drug Dealer","floor":21,"gold_loss":0,"cards_obtained":["FanOfKnives","Alleviate"]}],"is_beta":false,"boss_relics":[{"not_picked":["Coffee Dripper","Runic Dome"],"picked":"Ectoplasm"}],"items_purged_floors":[2],"is_endless":false,"potions_floor_spawned":[1,5,7,11,14,16,18,19],"killed_by":"Book of Stabbing","ascension_level":20}}