{"host":"s0rqbuvjzggdtc2s","time":1611140748,"event":{"mods":["ATMod(°¢èªMod)","BaseMod","Minty Spire (QoL Compilation)","StSLib","The Bug Knight","¡¾ÒÅÎï¿¨ÅÆ¡¿REMEMod"],"gold_per_floor":[114,64,64,80,92,118,118,152,152,167,230,271,271,37,37,135,135,148,247,259,272,106,106,118,134,134,59,59,87,104,104,104,204,204,223,223,14,14,34,34,51,51,130,130,146,146,24,41,41,41],"floor_reached":51,"language":"ZHS","playtime":1988,"items_purged":["Strike_B","Strike_B"],"score":752,"play_id":"31ac1ee9-1c4e-4d44-975e-49bd669d059c","local_time":"20210120190548","is_ascension_mode":false,"campfire_choices":[{"data":"AT_ThunderBolt","floor":7.0,"key":"SMITH"},{"floor":13.0,"key":"REST"},{"floor":15.0,"key":"REST"},{"floor":23.0,"key":"REST"},{"data":"Dualcast","floor":28.0,"key":"SMITH"},{"floor":32.0,"key":"REST"},{"data":"Defragment","floor":40.0,"key":"SMITH"},{"data":"White Noise","floor":46.0,"key":"SMITH"},{"floor":49.0,"key":"REST"}],"circlet_count":0,"master_deck":["Defend_B","Defend_B","Defend_B","Zap","Dualcast+1","AT_ThunderBolt+1","REME_Flogging","Cold Snap","Tempest","Genetic Algorithm","AT_WaterDrop","AT_RobotInSpace","Double Energy","Electrodynamics","Loop","Rebound","Echo Form","Conserve Battery","Defragment+1","AT_HeatAcrobatics+1","AT_DarkMatter","REME_Whirling+1","Conserve Battery+1","Conserve Battery","Turbo","Machine Learning","Capacitor+1","Conserve Battery","Skim","White Noise+1","Ball Lightning+1","Seek"],"relics":["Cracked Core","AT_ATBox","REME_ComplimentaryCards","NeowsBlessing","Question Card","Pantograph","Letter Opener","Ancient Tea Set","Membership Card","REME_ChargedStone","Art of War","Juzu Bracelet","The Courier","Nilry\u0027s Codex","Nuclear Battery","Bag of Preparation","War Paint","DataDisk","ClockworkSouvenir","AT_ForceNature","Cables","AT_SunfireAegis","Lee\u0027s Waffle"],"acts_visited":["Exordium","TheCity","TheBeyond"],"potions_floor_usage":[],"damage_taken":[{"damage":0.0,"enemies":"Jaw Worm","floor":1.0,"turns":1.0},{"damage":0.0,"enemies":"Small Slimes","floor":4.0,"turns":1.0},{"damage":0.0,"enemies":"Cultist","floor":5.0,"turns":1.0},{"damage":12.0,"enemies":"Lagavulin","floor":6.0,"turns":6.0},{"damage":35.0,"enemies":"3 Sentries","floor":8.0,"turns":6.0},{"damage":3.0,"enemies":"2 Fungi Beasts","floor":10.0,"turns":4.0},{"damage":6.0,"enemies":"Gremlin Nob","floor":11.0,"turns":4.0},{"damage":5.0,"enemies":"Exordium Wildlife","floor":12.0,"turns":4.0},{"damage":51.0,"enemies":"Hexaghost","floor":16.0,"turns":10.0},{"damage":29.0,"enemies":"2 Thieves","floor":18.0,"turns":4.0},{"damage":0.0,"enemies":"3 Byrds","floor":20.0,"turns":3.0},{"damage":21.0,"enemies":"Snake Plant","floor":21.0,"turns":3.0},{"damage":5.0,"enemies":"Sentry and Sphere","floor":24.0,"turns":3.0},{"damage":0.0,"enemies":"Snecko","floor":25.0,"turns":5.0},{"damage":11.0,"enemies":"HollowMod:Nosk","floor":29.0,"turns":6.0},{"damage":5.0,"enemies":"Shelled Parasite and Fungi","floor":30.0,"turns":3.0},{"damage":0.0,"enemies":"Automaton","floor":33.0,"turns":8.0},{"damage":13.0,"enemies":"Orb Walker","floor":35.0,"turns":5.0},{"damage":0.0,"enemies":"3 Darklings","floor":39.0,"turns":5.0},{"damage":0.0,"enemies":"Spire Growth","floor":41.0,"turns":3.0},{"damage":21.0,"enemies":"Sphere and 2 Shapes","floor":45.0,"turns":4.0},{"damage":8.0,"enemies":"Jaw Worm Horde","floor":48.0,"turns":3.0},{"damage":17,"enemies":"Donu and Deca","floor":50,"turns":4}],"seed_played":"-5583360296120758416","potions_obtained":[{"floor":5.0,"key":"Weak Potion"},{"floor":8.0,"key":"Fire Potion"},{"floor":11.0,"key":"REME_GoldPotion"},{"floor":20.0,"key":"Explosive Potion"},{"floor":21.0,"key":"LiquidBronze"},{"floor":29.0,"key":"EssenceOfSteel"},{"floor":35.0,"key":"Block Potion"},{"floor":39.0,"key":"Dexterity Potion"},{"floor":41.0,"key":"PotionOfCapacity"},{"floor":44.0,"key":"Energy Potion"}],"is_trial":false,"path_per_floor":["M","?","?","M","M","E","R","E","T","M","?","M","R","$","R","B",null,"M","?","M","M","$","R","M","M","T","?","R","E","M","?","R","B",null,"M","?","$","T","M","R","M","?","T","?","M","R","$","M","R","B",null],"character_chosen":"DEFECT","items_purchased":["Membership Card","Loop","Rebound","AT_DarkMatter","Art of War","War Paint","DataDisk","ClockworkSouvenir","Conserve Battery","Skim","AT_SunfireAegis","Lee\u0027s Waffle"],"campfire_rested":5,"item_purchase_floors":[14,14,14,22,22,37,37,37,37,37,47,47],"current_hp_per_floor":[75,75,75,75,75,63,63,28,28,25,19,14,36,36,58,24,75,46,46,46,25,25,47,42,42,42,42,42,31,26,10,32,57,75,62,62,62,62,62,62,62,75,75,75,54,54,82,74,82,65],"gold":41,"neow_bonus":"THREE_ENEMY_KILL","is_daily":false,"chose_seed":false,"campfire_upgraded":4,"win_rate":0.0,"timestamp":1611140748,"path_taken":["M","?","?","?","M","E","R","E","T","M","?","M","R","?","R","BOSS","M","?","M","M","$","R","M","M","T","?","R","E","M","?","R","BOSS","M","?","$","?","M","R","M","?","T","?","M","R","?","M","R","BOSS"],"items_purchased_type":["Relic","Card","Card","Card","Relic","Relic","Relic","Relic","Card","Card","Relic","Relic"],"build_version":"2020-12-22","purchased_purges":2,"victory":true,"max_hp_per_floor":[75,75,75,75,75,75,75,75,75,75,75,75,75,75,75,75,75,75,75,75,75,75,75,75,75,75,75,75,75,75,75,75,75,75,75,75,75,75,75,75,75,75,75,75,75,75,82,82,82,82],"card_choices":[{"not_picked":["Beam Cell","Blizzard"],"picked":"Cold Snap","floor":1.0},{"not_picked":["Consume","Beam Cell","Sweeping Beam"],"picked":"SKIP","floor":4.0},{"not_picked":["Melter","Fusion"],"picked":"Tempest","floor":5.0},{"not_picked":["Scrape","Steam Power"],"picked":"Genetic Algorithm","floor":6.0},{"not_picked":["Streamline","Steam","Reinforced Body"],"picked":"AT_WaterDrop","floor":8.0},{"not_picked":["Compile Driver","Turbo","AT_WarpDrive"],"picked":"AT_RobotInSpace","floor":10.0},{"not_picked":["Rebound","Streamline","Gash"],"picked":"Double Energy","floor":11.0},{"not_picked":["Stack","Rebound","Steam"],"picked":"Electrodynamics","floor":12.0},{"not_picked":["All For One","Machine Learning","Multi-Cast"],"picked":"Echo Form","floor":16.0},{"not_picked":["Leap","AT_HeatAcrobatics","Gash"],"picked":"Conserve Battery","floor":18.0},{"not_picked":["Self Repair","Glacier","Core Surge"],"picked":"Defragment","floor":20.0},{"not_picked":["Beam Cell","Barrage","Reprogram+1"],"picked":"AT_HeatAcrobatics","floor":21.0},{"not_picked":["Gash","Auto Shields","AT_StudyProgram+1"],"picked":"REME_Whirling+1","floor":24.0},{"not_picked":["Aggregate","Sweeping Beam+1","FTL"],"picked":"Conserve Battery","floor":25.0},{"not_picked":["Doom and Gloom","AT_ThunderBolt","REME_ForAll"],"picked":"Conserve Battery","floor":29.0},{"not_picked":["AT_RobotInSpace","Streamline","Lockon"],"picked":"Turbo","floor":30.0},{"not_picked":["Biased Cognition","AT_WaterDrop","Multi-Cast"],"picked":"Machine Learning","floor":33.0},{"not_picked":["Conserve Battery","Barrage+1","Redo+1"],"picked":"Capacitor+1","floor":35.0},{"not_picked":["Leap+1","Stack","Sweeping Beam+1","Gash"],"picked":"White Noise","floor":39.0},{"not_picked":["Chaos","AT_ThunderBolt","Recycle","AT_StudyProgram+1"],"picked":"SKIP","floor":41.0},{"not_picked":["Beam Cell+1","Rebound+1","Leap"],"picked":"Ball Lightning+1","floor":45.0},{"not_picked":["Barrage","Rebound+1","BootSequence+1"],"picked":"Seek","floor":48.0}],"player_experience":213312,"relics_obtained":[{"floor":6.0,"key":"Question Card"},{"floor":8.0,"key":"Pantograph"},{"floor":9.0,"key":"Letter Opener"},{"floor":11.0,"key":"Ancient Tea Set"},{"floor":26.0,"key":"Juzu Bracelet"},{"floor":29.0,"key":"The Courier"},{"floor":31.0,"key":"Nilry\u0027s Codex"},{"floor":36.0,"key":"Bag of Preparation"},{"floor":38.0,"key":"AT_ForceNature"},{"floor":43.0,"key":"Cables"}],"event_choices":[{"cards_removed":["Strike_B"],"damage_healed":0.0,"max_hp_gain":0.0,"max_hp_loss":0.0,"gold_gain":0.0,"event_name":"The Cleric","player_choice":"Card Removal","floor":2.0,"gold_loss":50.0,"damage_taken":0.0},{"cards_removed":["Strike_B"],"damage_healed":0.0,"max_hp_gain":0.0,"max_hp_loss":0.0,"gold_gain":0.0,"event_name":"Purifier","player_choice":"Purged","floor":3.0,"gold_loss":0.0,"damage_taken":0.0},{"damage_healed":0.0,"max_hp_gain":0.0,"max_hp_loss":0.0,"gold_gain":0.0,"event_name":"Dead Adventurer","player_choice":"Searched \u00271\u0027 times","floor":11.0,"gold_loss":0.0,"damage_taken":0.0},{"damage_healed":0.0,"max_hp_gain":0.0,"max_hp_loss":0.0,"gold_gain":99.0,"event_name":"Nest","player_choice":"Stole From Cult","floor":19.0,"gold_loss":0.0,"damage_taken":0.0},{"cards_removed":["Defend_B"],"damage_healed":0.0,"max_hp_gain":0.0,"max_hp_loss":0.0,"gold_gain":0.0,"event_name":"Beggar","player_choice":"Gave Gold","floor":27.0,"gold_loss":75.0,"damage_taken":0.0},{"damage_healed":0.0,"max_hp_gain":0.0,"max_hp_loss":0.0,"gold_gain":0.0,"event_name":"Cursed Tome","player_choice":"Obtained Book","floor":31.0,"gold_loss":0.0,"damage_taken":16.0},{"damage_healed":0.0,"max_hp_gain":0.0,"max_hp_loss":0.0,"gold_gain":0.0,"event_name":"Wheel of Change","player_choice":"Relic","floor":36.0,"gold_loss":0.0,"damage_taken":0.0},{"damage_healed":13.0,"max_hp_gain":0.0,"max_hp_loss":0.0,"gold_gain":0.0,"event_name":"Wheel of Change","player_choice":"Full Heal","floor":42.0,"gold_loss":0.0,"damage_taken":0.0},{"damage_healed":0.0,"max_hp_gain":0.0,"max_hp_loss":0.0,"gold_gain":0.0,"event_name":"Lab","player_choice":"Got Potions","floor":44.0,"gold_loss":0.0,"damage_taken":0.0}],"is_beta":false,"boss_relics":[{"not_picked":["Ectoplasm","REME_DuelDisc"],"picked":"REME_ChargedStone"},{"not_picked":["Philosopher\u0027s Stone","Black Star"],"picked":"Nuclear Battery"}],"items_purged_floors":[14,22],"is_endless":false,"potions_floor_spawned":[5,8,11,20,21,29,35,39,41,48],"ascension_level":0}}