{"host":"a09q346dix1mq0h5","time":1611149451,"event":{"mods":["AchievementEnabler","BaseMod","Curses Come First","Minty Spire (QoL Compilation)","StSLib"],"gold_per_floor":[112,112,112,127,148,148,167,167,167,167,187,210,135,135,135,135,135],"floor_reached":16,"language":"ENG","playtime":576,"items_purged":["Strike_P"],"score":92,"play_id":"1c134462-95ef-4f2b-8dc7-f56921ad5112","local_time":"20210120073051","is_ascension_mode":false,"campfire_choices":[{"data":"Eruption","floor":6,"key":"SMITH"},{"data":"Halt","floor":8,"key":"SMITH"},{"data":"ReachHeaven","floor":10,"key":"SMITH"},{"data":"JustLucky","floor":15,"key":"SMITH"}],"circlet_count":0,"master_deck":["Strike_P","Strike_P","Defend_P","Defend_P","Defend_P","Eruption+1","Vigilance","ReachHeaven+1","Halt+1","CrushJoints","JustLucky+1","Evaluate"],"relics":["PureWater","Golden Idol","Eternal Feather","Mummified Hand"],"acts_visited":["Exordium"],"potions_floor_usage":[16,16],"damage_taken":[{"damage":2,"enemies":"Jaw Worm","floor":1,"turns":3},{"damage":12,"enemies":"2 Louse","floor":4,"turns":2},{"damage":0,"enemies":"Cultist","floor":5,"turns":2},{"damage":1,"enemies":"3 Louse","floor":7,"turns":2},{"damage":8,"enemies":"Gremlin Gang","floor":11,"turns":5},{"damage":0,"enemies":"Blue Slaver","floor":12,"turns":2},{"damage":45,"enemies":"The Guardian","floor":16,"turns":8}],"seed_played":"3869131085499908130","potions_obtained":[{"floor":4,"key":"SteroidPotion"},{"floor":5,"key":"Regen Potion"},{"floor":11,"key":"ColorlessPotion"}],"is_trial":false,"path_per_floor":["M","?","?","M","M","R","M","R","T","R","M","M","$","?","R","B"],"character_chosen":"WATCHER","items_purchased":[],"campfire_rested":0,"item_purchase_floors":[],"current_hp_per_floor":[70,52,45,33,33,33,32,32,32,38,30,30,30,23,29,0,0],"gold":135,"neow_bonus":"TRANSFORM_CARD","is_daily":false,"chose_seed":false,"campfire_upgraded":4,"win_rate":0.0,"timestamp":1611149451,"path_taken":["M","?","?","?","M","R","M","R","T","R","M","M","$","?","R","BOSS"],"items_purchased_type":[],"build_version":"2020-12-22","purchased_purges":1,"victory":false,"max_hp_per_floor":[72,72,72,72,72,72,72,72,72,72,72,72,72,72,72,72,72],"card_choices":[{"not_picked":["FlyingSleeves","EmptyFist","Swivel"],"picked":"SKIP","floor":1},{"not_picked":["Wallop","ThirdEye"],"picked":"Halt","floor":4},{"not_picked":["EmptyFist","InnerPeace"],"picked":"CrushJoints","floor":5},{"not_picked":["Protect","SignatureMove","ClearTheMind"],"picked":"SKIP","floor":7},{"not_picked":["LikeWater","Meditate"],"picked":"JustLucky","floor":11},{"not_picked":["Collect","JustLucky"],"picked":"Evaluate","floor":12}],"player_experience":345060,"relics_obtained":[{"floor":9,"key":"Eternal Feather"}],"event_choices":[{"damage_healed":0,"gold_gain":0,"player_choice":"Take Damage","damage_taken":18,"relics_obtained":["Golden Idol"],"max_hp_gain":0,"max_hp_loss":0,"event_name":"Golden Idol","floor":2,"gold_loss":0},{"cards_removed":["Strike_P"],"damage_healed":0,"gold_gain":0,"player_choice":"Card Removal","damage_taken":7,"max_hp_gain":0,"max_hp_loss":0,"event_name":"Golden Wing","floor":3,"gold_loss":0},{"damage_healed":0,"gold_gain":0,"player_choice":"Success","damage_taken":7,"relics_obtained":["Mummified Hand"],"max_hp_gain":0,"max_hp_loss":0,"event_name":"Scrap Ooze","floor":14,"gold_loss":0}],"is_beta":false,"boss_relics":[],"items_purged_floors":[13],"is_endless":false,"potions_floor_spawned":[4,5,11,12],"killed_by":"The Guardian","ascension_level":0}}