{"host":"mg3e76uznu9x14du","time":1611181467,"event":{"mods":["BaseMod","Colored Map","Downfall","Minty Spire (QoL Compilation)","Permanent Neow","Relic Stats","StSLib","Waifu the Spire","everything is the same but u backflip on backflip"],"gold_per_floor":[99,99,109,128,188,638,638,813,713,748,748,648,74,88,102,102,102,102],"floor_reached":16,"language":"ENG","playtime":1049,"items_purged":["Shame"],"score":123,"play_id":"5d29bde6-0090-4ea7-9e1e-4127f7549245","local_time":"20210120172427","is_ascension_mode":false,"campfire_choices":[{"data":"bronze:Replicate","floor":1,"key":"SMITH"},{"data":"bronze:Mutator","floor":9,"key":"SMITH"},{"floor":12,"key":"REST"}],"circlet_count":0,"master_deck":["bronze:Strike","bronze:Strike","bronze:Strike","bronze:Strike","bronze:Defend","bronze:Defend","bronze:Defend","bronze:Defend","bronze:Replicate+1","bronze:Goto","bronze:Mutator+1","bronze:Iterate","bronze:WildBeam","bronze:Break","downfall:Icky","downfall:Icky","downfall:Icky","Doubt","bronze:ForLoop","bronze:Spike","bronze:DazingPulse","bronze:Explode","bronze:OilSpill","bronze:Shell","bronze:Assembly","bronze:Flail","bronze:DelayedSlice","bronze:Return","bronze:DelayedGuard"],"relics":["bronze:BronzeCore","Blue Candle","downfall:HeartBlessingBlue","Mango","downfall:HeartBlessingGreen","Regal Pillow"],"acts_visited":["Exordium"],"potions_floor_usage":[5,10,11,11,16,16],"damage_taken":[{"damage":5,"enemies":"Small Slimes","floor":3,"turns":5},{"damage":1,"enemies":"Cultist","floor":4,"turns":3},{"damage":14,"enemies":"3 Sentries","floor":5,"turns":8},{"damage":38,"enemies":"3 Sentries","floor":10,"turns":9},{"damage":32,"enemies":"3 Sentries","floor":11,"turns":7},{"damage":10,"enemies":"downfall:FleeingMerchant","floor":13,"turns":4},{"damage":0,"enemies":"Jaw Worm","floor":14,"turns":1},{"damage":16,"enemies":"Large Slime","floor":15,"turns":6},{"damage":7,"enemies":"SI_SHIV_ARCHETYPE","floor":16,"turns":5}],"seed_played":"-1391060437471571775","potions_obtained":[{"floor":2,"key":"Explosive Potion"},{"floor":2,"key":"FearPotion"},{"floor":2,"key":"PowerPotion"},{"floor":10,"key":"champ:CounterPotion"},{"floor":15,"key":"Swift Potion"}],"is_trial":false,"path_per_floor":["R","?","M","M","?","?","T","?","R","E","?","R","$","M","M","B"],"character_chosen":"THE_AUTOMATON","items_purchased":["Regal Pillow","bronze:Assembly","bronze:FreeFunctionsPotion","bronze:Flail","bronze:DelayedSlice"],"campfire_rested":1,"item_purchase_floors":[13,13,13,13,13],"current_hp_per_floor":[70,70,65,64,50,50,50,50,60,36,4,32,22,22,6,0,0,0],"gold":102,"neow_bonus":"THREE_RARE_CARDS","is_daily":false,"chose_seed":false,"campfire_upgraded":2,"win_rate":0.0,"timestamp":1611181467,"path_taken":["R","?","?","M","?","?","T","?","R","E","?","R","$","M","M","BOSS"],"items_purchased_type":["Relic","Card","Potion","Card","Card"],"build_version":"2020-12-22","purchased_purges":1,"victory":false,"max_hp_per_floor":[70,70,70,70,70,70,70,70,80,94,94,94,94,94,94,94,94,94],"relic_stats":{"Regal Pillow":0,"counters":[9,48],"Blue Candle":[8],"obtain_stats":[{"Regal Pillow":13,"bronze:BronzeCore":0,"downfall:HeartBlessingBlue":9,"Blue Candle":5,"Mango":10,"downfall:HeartBlessingGreen":12},{"Regal Pillow":6,"bronze:BronzeCore":0,"downfall:HeartBlessingBlue":3,"Blue Candle":3,"Mango":4,"downfall:HeartBlessingGreen":5},{"Regal Pillow":36,"bronze:BronzeCore":0,"downfall:HeartBlessingBlue":16,"Blue Candle":16,"Mango":25,"downfall:HeartBlessingGreen":32}]},"card_choices":[{"not_picked":["bronze:Virus","bronze:Format"],"picked":"bronze:Mutator","floor":0},{"not_picked":["bronze:Constructor","bronze:WildBeam"],"picked":"bronze:Iterate","floor":3},{"not_picked":["bronze:BugBarrage","bronze:Backtrace"],"picked":"bronze:WildBeam","floor":4},{"not_picked":["bronze:Optimize","bronze:Shield"],"picked":"bronze:Break","floor":5},{"not_picked":["bronze:Philosophize","bronze:ForceShield"],"picked":"bronze:ForLoop","floor":10},{"not_picked":[],"picked":"bronze:Spike","floor":11},{"not_picked":[],"picked":"bronze:DazingPulse","floor":11},{"not_picked":[],"picked":"bronze:Explode","floor":11},{"not_picked":["bronze:Constructor","bronze:BitShift"],"picked":"bronze:OilSpill","floor":11},{"not_picked":["bronze:Frontload","bronze:Separator"],"picked":"bronze:Shell","floor":13},{"not_picked":["bronze:Frontload","bronze:Overload"],"picked":"bronze:Return","floor":14},{"not_picked":["bronze:Flail","bronze:BugBarrage"],"picked":"bronze:DelayedGuard","floor":15}],"player_experience":458494,"relics_obtained":[{"floor":5,"key":"Blue Candle"},{"floor":10,"key":"Mango"}],"event_choices":[{"damage_healed":0,"gold_gain":0,"player_choice":"Got Potions","damage_taken":0,"max_hp_gain":0,"max_hp_loss":0,"event_name":"Lab","floor":2,"gold_loss":0}],"is_beta":false,"boss_relics":[],"items_purged_floors":[13],"is_endless":false,"potions_floor_spawned":[4,10,15],"killed_by":"SI_SHIV_ARCHETYPE","ascension_level":0}}