{"host":"Charlie","time":1611124260,"event":{"mods":["100% Spire Juice","Aspiration","BaseMod","Better Match","Better Skull","Better Third Choice","BetterRewards","ChefMod","Colored Map","Colored Powertips","Conspire","Curses Come First","Dota2Spire","Downfall","Ekko","Evolution","Fox Events","Friendly Minions","Halation","Hermit","Hubris","Infinite Spire","Luminous","Melee Mod","Minty Spire (QoL Compilation)","Quick Restart","Rare Cards Sparkle","Relic Stats","Robot Space Explorer","Shade Mod","Spicy Shops","Spire Arcade","StSLib","SuperFastMode","Synergy Search","The Animator","The Blue Laboratory","The Caster","The Cursed","The Dragon Tamer","The Factory","The Gatherer","The Jungle","The Marked","The Necromancer","Unceasing Turn Reminder","vexMod"],"gold_per_floor":[119,119,134,151,251,251,277,277,354,354,55,71,87,87,87],"floor_reached":14,"language":"ENG","playtime":656,"items_purged":["caster:strike"],"score":90,"play_id":"6c8c9e2f-22fc-432c-a5b0-ca36fac133bf","local_time":"20210119223100","is_ascension_mode":false,"campfire_choices":[{"data":"caster:Focusyn","floor":6,"key":"SMITH"},{"data":"caster:ShortenedChant","floor":10,"key":"SMITH"}],"circlet_count":0,"master_deck":["caster:Meteor","caster:DivertFocus","caster:MagicWeapon","caster:strike+1","caster:strike+1","caster:defend","caster:defend","caster:defend","caster:defend","caster:defend","caster:Focusyn+1","caster:Sandstorm","caster:ShortenedChant+1","caster:Sultry","caster:Fira+1","caster:SpontaneousCombustion"],"relics":["caster:MagicBook","EVO:Axolotl","foxEvents:ScarlettsFace","Kunai","hubris:Metronome","Whetstone"],"acts_visited":["Exordium"],"potions_floor_usage":[7,13],"damage_taken":[{"damage":0,"enemies":"Small Slimes","floor":1,"turns":5},{"damage":3,"enemies":"Cultist","floor":3,"turns":4},{"damage":8,"enemies":"Jaw Worm","floor":4,"turns":6},{"damage":24,"enemies":"Lagavulin","floor":7,"turns":9},{"damage":6,"enemies":"Red Slaver","floor":12,"turns":3},{"damage":4,"enemies":"Lots of Slimes","floor":13,"turns":5},{"damage":36,"enemies":"Gremlin Nob","floor":14,"turns":4}],"seed_played":"1616322131394926728","potions_obtained":[{"floor":1,"key":"blueLaboratory:BottleOfRum"},{"floor":3,"key":"Dota2Spire:HealingSalve"},{"floor":12,"key":"Block Potion"}],"is_trial":false,"path_per_floor":["M","?","M","M","?","R","E","?","T","R","$","M","M","E"],"character_chosen":"THE_CASTER","items_purchased":["Whetstone","caster:SpontaneousCombustion"],"campfire_rested":0,"item_purchase_floors":[11,11],"current_hp_per_floor":[58,58,55,49,49,49,30,30,30,30,30,26,24,0,0],"gold":87,"neow_bonus":"THREE_RARE_CARDS","is_daily":false,"chose_seed":false,"campfire_upgraded":2,"win_rate":0.0,"timestamp":1611124260,"path_taken":["M","?","M","?","?","R","E","?","T","R","$","M","M","E"],"items_purchased_type":["Relic","Card"],"build_version":"2020-12-18","purchased_purges":1,"victory":false,"max_hp_per_floor":[58,58,58,58,58,58,58,58,58,58,58,58,58,58,58],"relic_stats":{"counters":[7,36],"Kunai":[0],"Whetstone":["caster:strike","caster:strike"],"obtain_stats":[{"hubris:Metronome":9,"EVO:Axolotl":0,"Kunai":7,"Whetstone":11,"foxEvents:ScarlettsFace":2,"caster:MagicBook":0},{"hubris:Metronome":4,"EVO:Axolotl":0,"Kunai":4,"Whetstone":4,"foxEvents:ScarlettsFace":1,"caster:MagicBook":0},{"hubris:Metronome":24,"EVO:Axolotl":0,"Kunai":24,"Whetstone":24,"foxEvents:ScarlettsFace":5,"caster:MagicBook":0}]},"card_choices":[{"not_picked":["caster:Ramuh","caster:ShortenedChant"],"picked":"caster:Focusyn","floor":0},{"not_picked":["caster:MagicBarrier","caster:StaticField"],"picked":"caster:Sandstorm","floor":1},{"not_picked":["caster:FrostDriver","caster:QuickCast","caster:JupitelThunder"],"picked":"SKIP","floor":3},{"not_picked":["caster:FrigidBeam","caster:GlacialShield"],"picked":"caster:ShortenedChant","floor":4},{"not_picked":["caster:Accumulation","caster:Embers"],"picked":"caster:Sultry","floor":7},{"not_picked":["caster:QuickCast","caster:JupitelThunder","caster:Sleet"],"picked":"SKIP","floor":12},{"not_picked":["caster:FrigidBeam","caster:Sandstorm","caster:JupitelThunder"],"picked":"SKIP","floor":13}],"player_experience":487812,"relics_obtained":[{"floor":7,"key":"Kunai"},{"floor":9,"key":"hubris:Metronome"}],"event_choices":[{"damage_healed":0,"gold_gain":0,"player_choice":"Trade","damage_taken":0,"relics_obtained":["foxEvents:ScarlettsFace"],"max_hp_gain":0,"max_hp_loss":0,"event_name":"FaceTrader","floor":2,"gold_loss":0},{"damage_healed":0,"gold_gain":100,"player_choice":"Pray","damage_taken":0,"max_hp_gain":0,"max_hp_loss":0,"event_name":"Golden Shrine","floor":5,"gold_loss":0}],"is_beta":true,"boss_relics":[],"items_purged_floors":[11],"is_endless":false,"potions_floor_spawned":[1,3,12],"killed_by":"Gremlin Nob","ascension_level":0}}