{"host":"p7cjtxxrilhp4dw7","time":1611101553,"event":{"mods":["BaseMod","Block Reminder","Colored Map","Highlight Path","Minty Spire (QoL Compilation)","Replay The Spire","StSLib","The Hierophant"],"gold_per_floor":[360,360,196,216,229,229,261,261,312,97,97,113,113,131,131,203,203,201,194,194,206,206,210,210,210,210,234,234,234,248,241,241,265,265,256,260,260,260,260,260,260,260,260,240,240],"floor_reached":44,"language":"ENG","playtime":3679,"items_purged":["Delirium"],"score":437,"play_id":"beb622f3-b43e-4d92-b101-606293377fe3","local_time":"20210119171233","is_ascension_mode":true,"campfire_choices":[{"data":"Body Slam","floor":6,"key":"SMITH"},{"floor":13,"key":"RECALL"},{"floor":15,"key":"REST"},{"data":"hierophant:Community","floor":25,"key":"SMITH"},{"floor":29,"key":"REST"},{"floor":32,"key":"REST"},{"floor":40,"key":"REST"},{"data":"Buffer","floor":42,"key":"SMITH"}],"circlet_count":0,"master_deck":["hierophant:Strike_Hierophant","hierophant:Strike_Hierophant","hierophant:Strike_Hierophant","hierophant:Punish","hierophant:Defend_Hierophant","hierophant:Defend_Hierophant","hierophant:Defend_Hierophant","hierophant:ChurchCoffers","hierophant:SealAway","hierophant:SealAway+1","hierophant:RepressedViolence+1","Body Slam+1","Backstab","hierophant:Community+1","Double Tap+1","Panacea+1","Deflect","Replay:BluntJabs+1","Buffer+1","Run Through","Finesse"],"relics":["hierophant:PropheticMaskRelic","PrismaticShard","Toy Ornithopter","Omamori","HandDrill","Empty Cage","Replay:Kaleidoscope","Simple Rune","Matryoshka","Ring of Chaos","Bronze Scales","Ginger","Replay:Baseball","Bottled Flame"],"acts_visited":["Exordium","TheCity","TheBeyond"],"potions_floor_usage":[7,16,21,23,27,31,36],"damage_taken":[{"damage":1,"enemies":"2 Louse","floor":1,"turns":2},{"damage":7,"enemies":"Jaw Worm","floor":4,"turns":2},{"damage":1,"enemies":"Cultist","floor":5,"turns":3},{"damage":5,"enemies":"Gremlin Nob","floor":7,"turns":3},{"damage":1,"enemies":"Exordium Thugs","floor":12,"turns":4},{"damage":9,"enemies":"Red Slaver","floor":14,"turns":2},{"damage":2,"enemies":"Slime Boss","floor":16,"turns":8},{"damage":6,"enemies":"3 Byrds","floor":18,"turns":5},{"damage":1,"enemies":"Spheric Guardian","floor":19,"turns":3},{"damage":16,"enemies":"Centurion and Healer","floor":21,"turns":3},{"damage":12,"enemies":"Replay:Snechameleon","floor":23,"turns":6},{"damage":23,"enemies":"Book of Stabbing","floor":27,"turns":5},{"damage":21,"enemies":"Slavers","floor":30,"turns":5},{"damage":4,"enemies":"Chosen and Byrds","floor":31,"turns":4},{"damage":42,"enemies":"Pondfish","floor":33,"turns":12},{"damage":9,"enemies":"3 Shapes","floor":35,"turns":5},{"damage":25,"enemies":"Orb Walker","floor":36,"turns":4},{"damage":5,"enemies":"4 Shapes","floor":38,"turns":8},{"damage":46,"enemies":"R_Hoarder","floor":44,"turns":6}],"seed_played":"-4532131816381649856","potions_obtained":[{"floor":5,"key":"Fire Potion"},{"floor":12,"key":"FearPotion"},{"floor":16,"key":"DistilledChaos"},{"floor":21,"key":"LiquidMemories"},{"floor":23,"key":"Weak Potion"},{"floor":30,"key":"Fire Potion"},{"floor":35,"key":"Fire Potion"}],"is_trial":false,"path_per_floor":["M","?","$","M","M","R","E","?","T","$","?","M","R","M","R","B",null,"M","M","?","M","?","E","?","R","T","E","?","R","E","M","R","B",null,"M","M","T","M","?","R","?","R","T","E"],"character_chosen":"HIEROPHANT","items_purchased":["hierophant:SealAway+1","hierophant:RepressedViolence","HandDrill","hierophant:Community"],"campfire_rested":4,"item_purchase_floors":[3,3,10,10],"current_hp_per_floor":[67,67,67,60,59,59,54,54,54,54,54,53,53,44,64,66,68,62,61,61,50,68,61,61,61,61,43,43,63,42,43,63,21,68,59,39,39,34,34,54,54,54,54,8,8],"gold":240,"neow_bonus":"TWO_FIFTY_GOLD","is_daily":false,"chose_seed":false,"campfire_upgraded":3,"win_rate":0.0,"timestamp":1611101553,"path_taken":["M","?","$","M","M","R","E","?","T","$","?","M","R","?","R","BOSS","M","M","?","?","?","E","?","R","T","E","?","R","E","M","R","BOSS","M","M","?","M","?","R","?","R","T","E"],"items_purchased_type":["Card","Card","Relic","Card"],"build_version":"2020-12-22","purchased_purges":1,"victory":false,"max_hp_per_floor":[68,68,68,68,68,68,68,68,68,68,68,68,68,68,68,68,68,68,68,68,68,68,68,68,68,68,68,68,68,68,68,68,68,68,68,68,68,68,68,68,68,68,68,68,68],"card_choices":[{"not_picked":["hierophant:DisplayOfPower","hierophant:HammerAndAnvil"],"picked":"hierophant:SealAway","floor":1},{"not_picked":["hierophant:RepressedViolence","Perfected Strike"],"picked":"Body Slam","floor":4},{"not_picked":["Carnage","Vengeance","Acrobatics"],"picked":"SKIP","floor":5},{"not_picked":["Recycle","hierophant:PassingBell"],"picked":"Backstab","floor":7},{"not_picked":["Prepared","Barrage","Cold Snap"],"picked":"SKIP","floor":12},{"not_picked":["ReplayTheSpireMod:Fabricate Wheel","Nirvana","Bouncing Flask"],"picked":"SKIP","floor":14},{"not_picked":["Reaper","Chrysalis"],"picked":"Double Tap","floor":16},{"not_picked":["ThirdEye","hierophant:FieryStrike","Second Wind"],"picked":"SKIP","floor":18},{"not_picked":["hierophant:AuricBeam","Replay:Undeath\u0027s Touch","hierophant:FieryStrike"],"picked":"SKIP","floor":19},{"not_picked":["hierophant:DisplayOfPower+1","Enlightenment"],"picked":"Panacea+1","floor":21},{"not_picked":["ReplayTheSpireMod:Limb From Limb","Crystallizer"],"picked":"Deflect","floor":23},{"not_picked":["Forethought","hierophant:Encroach","Infinite Blades"],"picked":"SKIP","floor":27},{"not_picked":["Quick Slash","ReplayTheSpireMod:Necrosis","SignatureMove"],"picked":"SKIP","floor":30},{"not_picked":["FlyingSleeves","Stack"],"picked":"Replay:BluntJabs+1","floor":31},{"not_picked":["Rainbow","Poison Darts"],"picked":"Buffer","floor":33},{"not_picked":["hierophant:Purify+1","ReplayTheSpireMod:Scrap Shanks"],"picked":"Run Through","floor":35},{"not_picked":["hierophant:FieryStrike","Dash","ReplayTheSpireMod:Tripwire+1"],"picked":"SKIP","floor":36},{"not_picked":["Deep Breath","Worship+1","Double Energy+1"],"picked":"SKIP","floor":38},{"not_picked":["Panacea","Enlightenment"],"picked":"Finesse","floor":41}],"player_experience":513129,"relics_obtained":[{"floor":7,"key":"Toy Ornithopter"},{"floor":9,"key":"Omamori"},{"floor":23,"key":"Replay:Kaleidoscope"},{"floor":27,"key":"Simple Rune"},{"floor":30,"key":"Matryoshka"},{"floor":37,"key":"Bronze Scales"},{"floor":37,"key":"Ginger"},{"floor":43,"key":"Replay:Baseball"},{"floor":43,"key":"Bottled Flame"}],"event_choices":[{"damage_healed":0,"gold_gain":0,"player_choice":"Ignored","damage_taken":0,"max_hp_gain":0,"max_hp_loss":0,"event_name":"Transmorgrifier","floor":11,"gold_loss":0},{"damage_healed":0,"gold_gain":0,"player_choice":"Upgraded","damage_taken":0,"max_hp_gain":0,"max_hp_loss":0,"event_name":"Upgrade Shrine","floor":20,"gold_loss":0,"cards_upgraded":["Double Tap"]},{"damage_healed":22,"gold_gain":0,"player_choice":"Heal","damage_taken":0,"max_hp_gain":0,"max_hp_loss":0,"event_name":"The Library","floor":22,"gold_loss":0},{"damage_healed":0,"gold_gain":0,"player_choice":"Simplicity","damage_taken":0,"max_hp_gain":0,"max_hp_loss":0,"event_name":"Back to Basics","floor":24,"gold_loss":0,"cards_upgraded":["hierophant:Strike_Hierophant","hierophant:Strike_Hierophant","hierophant:Strike_Hierophant","hierophant:Defend_Hierophant","hierophant:Defend_Hierophant","hierophant:Defend_Hierophant"]},{"damage_healed":0,"gold_gain":0,"player_choice":"Ignored","damage_taken":0,"max_hp_gain":0,"max_hp_loss":0,"event_name":"Transmorgrifier","floor":28,"gold_loss":0},{"damage_healed":0,"gold_gain":0,"player_choice":"Ignored","damage_taken":0,"max_hp_gain":0,"max_hp_loss":0,"event_name":"Tomb of Lord Red Mask","floor":39,"gold_loss":0},{"damage_healed":0,"gold_gain":0,"player_choice":"Memory 1","damage_taken":0,"max_hp_gain":0,"max_hp_loss":0,"event_name":"SensoryStone","floor":41,"gold_loss":0}],"is_beta":false,"boss_relics":[{"not_picked":["Ectoplasm","Fusion Hammer"],"picked":"Empty Cage"},{"not_picked":["Replay:Wanted Poster","Honey Jar"],"picked":"Ring of Chaos"}],"items_purged_floors":[3],"is_endless":false,"potions_floor_spawned":[5,12,16,21,23,30,35],"killed_by":"R_Hoarder","ascension_level":4}}