{"host":"vyjryxuuuxkt43k4","time":1611131334,"event":{"mods":["AchievementEnabler","BaseMod","Colored Map","DeckTracker","Keyboard Shortcuts","Minty Spire (QoL Compilation)","Permanent Neow","Quick Restart","Rare Cards Sparkle","StSLib","SuperFastMode","everything is the same but u backflip on backflip"],"gold_per_floor":[113,132,132,155,178,178,53,76,129,129,152,152,152,172,172,172,172],"floor_reached":16,"language":"KOR","playtime":371,"items_purged":["Strike_R"],"score":161,"play_id":"2aa8ae6a-2027-4dd9-bff6-5ec17e472ef4","local_time":"20210120172854","is_ascension_mode":true,"campfire_choices":[{"data":"Searing Blow","floor":6.0,"key":"SMITH"},{"data":"Searing Blow+1","floor":12,"key":"SMITH"},{"data":"Searing Blow+2","floor":15,"key":"SMITH"}],"circlet_count":0,"master_deck":["AscendersBane","Strike_R","Strike_R","Strike_R","Defend_R","Defend_R","Defend_R","Defend_R","Bash","Searing Blow+3","Pommel Strike","Shrug It Off","Second Wind"],"relics":["Burning Blood","Golden Idol","Akabeko","MealTicket"],"acts_visited":["Exordium"],"potions_floor_usage":[11,11],"damage_taken":[{"damage":12.0,"enemies":"Small Slimes","floor":1.0,"turns":3.0},{"damage":7.0,"enemies":"Jaw Worm","floor":2.0,"turns":3.0},{"damage":11.0,"enemies":"2 Louse","floor":4.0,"turns":3.0},{"damage":9.0,"enemies":"2 Fungi Beasts","floor":8.0,"turns":3.0},{"damage":0,"enemies":"Exordium Wildlife","floor":11,"turns":3},{"damage":28,"enemies":"Gremlin Gang","floor":14,"turns":6},{"damage":32,"enemies":"Hexaghost","floor":16,"turns":9}],"seed_played":"-28498697464285424","potions_obtained":[{"floor":1.0,"key":"Strength Potion"},{"floor":4.0,"key":"DistilledChaos"}],"is_trial":false,"path_per_floor":["M","M","?","M","T","R","$","M","T","?","M","R","?","M","R","B"],"character_chosen":"IRONCLAD","items_purchased":["Shrug It Off"],"campfire_rested":0,"item_purchase_floors":[7],"current_hp_per_floor":[62,61,61,56,56,56,56,53,53,53,59,59,52,30,30,0,0],"gold":172,"neow_bonus":"THREE_CARDS","is_daily":false,"chose_seed":false,"campfire_upgraded":3,"win_rate":0.0,"timestamp":1611131334,"path_taken":["M","M","?","M","?","R","$","M","T","?","M","R","?","M","R","BOSS"],"items_purchased_type":["Card"],"build_version":"2020-12-22","purchased_purges":1,"victory":false,"max_hp_per_floor":[75,75,68,68,68,68,68,68,68,68,68,68,68,68,68,68,68],"card_choices":[{"not_picked":["Rupture","Cleave"],"picked":"Searing Blow","floor":0.0},{"not_picked":["Flex","Thunderclap","Dual Wield"],"picked":"SKIP","floor":1.0},{"not_picked":["Cleave","Uppercut","Burning Pact"],"picked":"SKIP","floor":2.0},{"not_picked":["Dual Wield","Dropkick"],"picked":"Pommel Strike","floor":4.0},{"not_picked":["Clash","Twin Strike","Pummel"],"picked":"SKIP","floor":8.0},{"not_picked":["Sever Soul","Burning Pact"],"picked":"Second Wind","floor":11},{"not_picked":["Sword Boomerang","Perfected Strike","Searing Blow"],"picked":"SKIP","floor":14}],"player_experience":152257,"relics_obtained":[{"floor":5.0,"key":"Akabeko"},{"floor":9.0,"key":"MealTicket"}],"event_choices":[{"damage_healed":0.0,"max_hp_gain":0.0,"max_hp_loss":7.0,"gold_gain":0.0,"event_name":"Golden Idol","player_choice":"Lose Max HP","floor":3.0,"gold_loss":0.0,"damage_taken":0.0,"relics_obtained":["Golden Idol"]},{"damage_healed":0.0,"max_hp_gain":0.0,"max_hp_loss":0.0,"gold_gain":0.0,"event_name":"Liars Game","player_choice":"Ignored","floor":10.0,"gold_loss":0.0,"damage_taken":0.0},{"cards_removed":["Strike_R"],"damage_healed":0,"gold_gain":0,"player_choice":"Card Removal","damage_taken":7,"max_hp_gain":0,"max_hp_loss":0,"event_name":"Golden Wing","floor":13,"gold_loss":0}],"is_beta":false,"boss_relics":[],"items_purged_floors":[7],"is_endless":false,"potions_floor_spawned":[1,4],"killed_by":"Hexaghost","ascension_level":15}}