{"host":"0awa854l6bexpjrv","time":1611103699,"event":{"mods":["BaseMod","Block Reminder","Colored Map","Colored Powertips","Downfall","Highlight Path","Minty Spire (QoL Compilation)","Quick Restart","Rare Cards Sparkle","StSLib","SuperFastMode"],"gold_per_floor":[212,223,223,5,23,23,54,54,54,54,229,242,259,269,269,370,370,386,386,132,151,151,151,185,201,201,201,201,201],"floor_reached":28,"language":"ENG","playtime":2089,"items_purged":["Strike_R","Doubt"],"score":286,"play_id":"cb4379ad-0df9-42f9-a5b5-d44f5984c232","local_time":"20210119164819","is_ascension_mode":true,"campfire_choices":[{"data":"Bash","floor":6.0,"key":"SMITH"},{"data":"Shockwave","floor":8.0,"key":"SMITH"},{"floor":10.0,"key":"REST"},{"data":"Ghostly Armor","floor":15.0,"key":"SMITH"},{"data":"Immolate","floor":23,"key":"SMITH"}],"circlet_count":0,"master_deck":["Defend_R","Defend_R","Defend_R","Bash+1","Shockwave+1","Ghostly Armor+1","Iron Wave","Burning Pact","Battle Trance","Clothesline","Clothesline","Immolate+1","Perfected Strike+1","Seeing Red+1","Berserk+1","Shrug It Off","Slimebound:Tackle+1","Slimebound:Tackle+1","Slimebound:Tackle+1","Shrug It Off+1","Decay"],"relics":["Burning Blood","Bronze Scales","Letter Opener","HornCleat","Astrolabe","Strange Spoon","Bag of Marbles","Mummified Hand"],"acts_visited":["Exordium","TheCity"],"potions_floor_usage":[16,16],"damage_taken":[{"damage":0.0,"enemies":"Small Slimes","floor":1.0,"turns":3.0},{"damage":12.0,"enemies":"2 Louse","floor":2.0,"turns":4.0},{"damage":0.0,"enemies":"Jaw Worm","floor":5.0,"turns":3.0},{"damage":16.0,"enemies":"Gremlin Nob","floor":7.0,"turns":4.0},{"damage":1.0,"enemies":"Looter","floor":12.0,"turns":3.0},{"damage":0.0,"enemies":"Blue Slaver","floor":13.0,"turns":4.0},{"damage":4.0,"enemies":"Exordium Wildlife","floor":14.0,"turns":4.0},{"damage":16,"enemies":"The Guardian","floor":16,"turns":13},{"damage":3,"enemies":"2 Thieves","floor":18,"turns":3},{"damage":11,"enemies":"Chosen","floor":21,"turns":4},{"damage":27,"enemies":"Book of Stabbing","floor":24,"turns":5},{"damage":29,"enemies":"Shelled Parasite and Fungi","floor":25,"turns":4},{"damage":0,"enemies":"Chosen and Byrds","floor":28,"turns":1}],"seed_played":"7611238708755549496","potions_obtained":[{"floor":1.0,"key":"PowerPotion"},{"floor":5.0,"key":"BlessingOfTheForge"},{"floor":12.0,"key":"hexamod:SoulburnPotion"},{"floor":14.0,"key":"champ:CounterPotion"},{"floor":21,"key":"FearPotion"},{"floor":25,"key":"SkillPotion"}],"is_trial":false,"path_per_floor":["M","M","?","$","M","R","E","R","T","R","?","M","M","M","R","B",null,"M","?","$","M","?","R","E","M","T","?","M"],"character_chosen":"IRONCLAD","items_purchased":["Bronze Scales","Strange Spoon"],"campfire_rested":1,"item_purchase_floors":[4,20],"current_hp_per_floor":[80,74,58,58,64,64,54,54,54,78,78,80,80,80,80,70,80,80,80,80,75,75,75,54,31,31,31,31,31],"gold":201,"neow_bonus":"HUNDRED_GOLD","is_daily":false,"chose_seed":false,"campfire_upgraded":4,"win_rate":0.0,"timestamp":1611103699,"path_taken":["M","M","?","$","M","R","E","R","T","R","?","M","M","M","R","BOSS","M","?","$","M","?","R","E","M","T","?","?"],"items_purchased_type":["Relic","Relic"],"build_version":"2020-12-22","purchased_purges":2,"victory":false,"max_hp_per_floor":[80,80,80,80,80,80,80,80,80,80,80,80,80,80,80,80,80,80,80,80,80,80,80,80,80,80,80,80,80],"card_choices":[{"not_picked":["Rampage","Heavy Blade"],"picked":"Shockwave","floor":1.0},{"not_picked":["Entrench","Feel No Pain"],"picked":"Ghostly Armor","floor":2.0},{"not_picked":["Body Slam","Berserk"],"picked":"Iron Wave","floor":5.0},{"not_picked":["Reckless Charge","Combust"],"picked":"Burning Pact","floor":7.0},{"not_picked":["True Grit","Sentinel"],"picked":"Battle Trance","floor":12.0},{"not_picked":["Flex","Warcry"],"picked":"Clothesline","floor":13.0},{"not_picked":["Warcry","Flex"],"picked":"Clothesline","floor":14.0},{"not_picked":["Limit Break","Bludgeon"],"picked":"Immolate","floor":16},{"not_picked":["Thunderclap","Rupture","Sword Boomerang"],"picked":"SKIP","floor":18},{"not_picked":["Twin Strike","Sword Boomerang+1"],"picked":"Shrug It Off","floor":21},{"not_picked":["Corruption","Pommel Strike","Clash"],"picked":"SKIP","floor":24},{"not_picked":["Rupture","Headbutt"],"picked":"Shrug It Off+1","floor":25}],"player_experience":582776,"relics_obtained":[{"floor":7.0,"key":"Letter Opener"},{"floor":9.0,"key":"HornCleat"},{"floor":24,"key":"Bag of Marbles"},{"floor":26,"key":"Mummified Hand"}],"event_choices":[{"damage_healed":0.0,"max_hp_gain":0.0,"max_hp_loss":0.0,"gold_gain":0.0,"event_name":"Shining Light","player_choice":"Entered Light","floor":3.0,"gold_loss":0.0,"damage_taken":16.0,"cards_upgraded":["Strike_R","Strike_R"]},{"damage_healed":0.0,"max_hp_gain":0.0,"max_hp_loss":0.0,"gold_gain":175.0,"event_name":"Liars Game","player_choice":"AGREE","floor":11.0,"gold_loss":0.0,"damage_taken":0.0,"cards_obtained":["Doubt"]},{"damage_healed":0,"gold_gain":0,"player_choice":"Ignored","damage_taken":0,"max_hp_gain":0,"max_hp_loss":0,"event_name":"Vampires","floor":19,"gold_loss":0},{"damage_healed":0,"gold_gain":0,"player_choice":"Smashed Altar","damage_taken":0,"max_hp_gain":0,"max_hp_loss":0,"event_name":"Forgotten Altar","floor":27,"gold_loss":0,"cards_obtained":["Decay"]}],"is_beta":false,"boss_relics":[{"not_picked":["SacredBark","Tiny House"],"picked":"Astrolabe"}],"items_purged_floors":[4,20],"is_endless":false,"potions_floor_spawned":[1,5,12,14,21,25],"killed_by":"Chosen and Byrds","ascension_level":4}}