{"host":"xx5zt3jtdyh8iun7","time":1611158155,"event":{"mods":["AchievementEnabler","Act Like it!","BaseMod","Gensokyo","Minty Spire (QoL Compilation)","StSLib","The Marked"],"gold_per_floor":[116,291,6,6,22,53,83,83,106,34,34,34,61,76,76,172,172,186,186,202,221,221,250,250,278,304,304,52,85,185,199,199,296,296,314,334,334,345,361,361,371,387,387,238,257,59,59,111,111,111,111,111,11,38,38,38],"floor_reached":55,"language":"ENG","playtime":5552,"items_purged":["theMarked:Strike","Pain"],"score":858,"play_id":"7aa76026-1345-4311-a020-8de8180846c3","local_time":"20210120165555","is_ascension_mode":false,"campfire_choices":[{"data":"theMarked:Improvise","floor":8,"key":"SMITH"},{"data":"theMarked:ComboAttacks","floor":12,"key":"SMITH"},{"data":"theMarked:EmpowerWeapon","floor":15,"key":"SMITH"},{"floor":24,"key":"REST"},{"data":"theMarked:MaelstromOfLightning","floor":27,"key":"SMITH"},{"floor":32,"key":"REST"},{"data":"theMarked:Challenge","floor":40,"key":"SMITH"},{"floor":47,"key":"RECALL"},{"floor":49,"key":"DIG"},{"floor":52,"key":"DIG"}],"circlet_count":0,"master_deck":["theMarked:Strike","theMarked:Strike","theMarked:Defend","theMarked:Defend+1","theMarked:Defend","theMarked:Defend","theMarked:SoldierOfQuellstein+1","theMarked:EnhanceMovement","theMarked:ResourceFulStrike+1","theMarked:PowerFlow","theMarked:Improvise+1","theMarked:ComboAttacks+1","theMarked:Frustration","theMarked:EmpowerWeapon+1","theMarked:BindingBlade+1","theMarked:SwordAndMagic","theMarked:DeterminationOfTheMarked+1","theMarked:SwordAndMagic","theMarked:HeightenedSenses","theMarked:Vacuum","theMarked:ElectricStrings+1","theMarked:MaelstromOfLightning+1","theMarked:KeepCalmAndFightOn","theMarked:ParalyzingBlade+1","Sadistic Nature","theMarked:Challenge+1","theMarked:RepellingDischarge","theMarked:Polarize+1","theMarked:Levitate","theMarked:TwofoldDefense","theMarked:Indomitable","theMarked:StartUp+1","Parasite","theMarked:Generate+1","theMarked:HeightenedSenses","theMarked:TwofoldDefense+1","theMarked:Parkour+1","theMarked:MaelstromOfLightning+1","theMarked:Generate+1"],"relics":["theMarked:ArtifactOfAir","Prayer Wheel","Question Card","theMarked:DemonDagger","Pear","Philosopher\u0027s Stone","Nunchaku","MealTicket","FossilizedHelix","Shovel","Eternal Feather","Cursed Key","Calipers","Orichalcum","theMarked:KettuFlask","Ginger","HornCleat","theMarked:Gun"],"acts_visited":["Exordium","TheCity","TheBeyond","TheEnding"],"potions_floor_usage":[13,18,25,29,30,41,48,50,54,55,55],"damage_taken":[{"damage":0,"enemies":"2 Louse","floor":1,"turns":3},{"damage":0,"enemies":"Small Slimes","floor":5,"turns":3},{"damage":28,"enemies":"3 Sentries","floor":6,"turns":10},{"damage":7,"enemies":"Gremlin Nob","floor":13,"turns":3},{"damage":0,"enemies":"Cultist","floor":14,"turns":2},{"damage":0,"enemies":"Slime Boss","floor":16,"turns":6},{"damage":6,"enemies":"2 Thieves","floor":18,"turns":3},{"damage":0,"enemies":"Shell Parasite","floor":20,"turns":2},{"damage":17,"enemies":"Centurion and Healer","floor":21,"turns":4},{"damage":22,"enemies":"Gremlin Leader","floor":23,"turns":5},{"damage":48,"enemies":"Slavers","floor":25,"turns":5},{"damage":0,"enemies":"Gremlin Leader","floor":29,"turns":3},{"damage":10,"enemies":"Colosseum Slavers","floor":30,"turns":4},{"damage":14,"enemies":"Colosseum Nobs","floor":30,"turns":3},{"damage":0,"enemies":"Snecko","floor":31,"turns":4},{"damage":0,"enemies":"Champ","floor":33,"turns":6},{"damage":36,"enemies":"3 Shapes","floor":35,"turns":5},{"damage":1,"enemies":"Orb Walker","floor":36,"turns":3},{"damage":0,"enemies":"Maw","floor":38,"turns":4},{"damage":0,"enemies":"Transient","floor":39,"turns":5},{"damage":16,"enemies":"Writhing Mass","floor":41,"turns":5},{"damage":31,"enemies":"Sphere and 2 Shapes","floor":42,"turns":6},{"damage":0,"enemies":"3 Darklings","floor":45,"turns":3},{"damage":0,"enemies":"2 Orb Walkers","floor":48,"turns":5},{"damage":47,"enemies":"Awakened One","floor":50,"turns":11},{"damage":71,"enemies":"Shield and Spear","floor":54,"turns":9},{"damage":11,"enemies":"The Heart","floor":55,"turns":2}],"seed_played":"3886063749410814988","potions_obtained":[{"floor":6,"key":"EssenceOfSteel"},{"floor":13,"key":"Block Potion"},{"floor":20,"key":"GamblersBrew"},{"floor":23,"key":"Regen Potion"},{"floor":25,"key":"Energy Potion"},{"floor":33,"key":"SpeedPotion"},{"floor":38,"key":"LiquidBronze"},{"floor":41,"key":"SpeedPotion"}],"is_trial":false,"path_per_floor":["M","?","$","?","M","E","?","R","T","$","?","R","E","M","R","B",null,"M","?","M","M","?","E","R","E","T","R","$","E","?","M","R","B",null,"M","M","?","M","M","R","M","M","T","$","M","$","R","?","R","B",null,"R","$","E","B"],"character_chosen":"THE_DEFAULT","items_purchased":["Prayer Wheel","theMarked:ComboAttacks","Sadistic Nature","Block Potion","Orichalcum","Dexterity Potion","PowerPotion","Block Potion"],"campfire_rested":2,"item_purchase_floors":[3,10,28,44,46,46,53,53],"current_hp_per_floor":[70,70,70,70,70,42,42,42,42,42,28,28,31,31,31,31,80,74,74,74,57,57,35,59,25,25,25,40,40,16,16,55,55,80,44,43,43,43,43,61,45,14,14,29,29,44,65,65,80,33,80,80,80,9,0,0],"gold":38,"neow_bonus":"UPGRADE_CARD","is_daily":false,"chose_seed":false,"campfire_upgraded":5,"win_rate":0.0,"timestamp":1611158155,"path_taken":["M","?","$","?","M","E","?","R","T","$","?","R","E","M","R","BOSS","M","?","M","?","?","E","R","E","T","R","$","E","?","M","R","BOSS","M","M","?","M","M","R","M","M","T","$","M","$","R","?","R","BOSS","R","$","E","BOSS"],"items_purchased_type":["Relic","Card","Card","Potion","Relic","Potion","Potion","Potion"],"build_version":"2020-12-22","purchased_purges":2,"victory":false,"max_hp_per_floor":[70,70,70,70,70,70,70,70,70,70,70,70,80,80,80,80,80,80,80,80,80,80,80,80,80,80,80,80,80,80,80,80,80,80,80,80,80,80,80,80,80,80,80,80,80,80,80,80,80,80,80,80,80,80,80,80],"card_choices":[{"not_picked":["theMarked:WastefulAttack","theMarked:ResourceFulStrike"],"picked":"theMarked:EnhanceMovement","floor":1},{"not_picked":["theMarked:Electrify","theMarked:WastefulAttack"],"picked":"theMarked:ResourceFulStrike","floor":5},{"not_picked":["theMarked:SwordAndMagic","theMarked:Aftermath"],"picked":"theMarked:PowerFlow","floor":5},{"not_picked":["theMarked:KeepCalmAndFightOn","theMarked:Aftermath"],"picked":"theMarked:Improvise","floor":6},{"not_picked":["theMarked:WastefulDefense","theMarked:Overthink","theMarked:Parkour"],"picked":"theMarked:Frustration","floor":13},{"not_picked":["theMarked:Aftermath","theMarked:Reabsorb","theMarked:RepellingDischarge"],"picked":"theMarked:EmpowerWeapon","floor":14},{"not_picked":["theMarked:RepellingDischarge","theMarked:WastefulAttack","theMarked:ResourceFulStrike","theMarked:Aftermath"],"picked":"SKIP","floor":14},{"not_picked":["theMarked:Abjuration","theMarked:TakeOffHeels","theMarked:DispelDoubt"],"picked":"theMarked:BindingBlade","floor":16},{"not_picked":["theMarked:EnhanceMovement","theMarked:TwofoldDefense","theMarked:Static"],"picked":"theMarked:SwordAndMagic","floor":18},{"not_picked":["theMarked:Improvise","theMarked:Static","theMarked:ElectricStrings"],"picked":"theMarked:DeterminationOfTheMarked+1","floor":18},{"not_picked":["theMarked:WastefulDefense","theMarked:Electrocute+1","theMarked:Convert+1"],"picked":"theMarked:SwordAndMagic","floor":20},{"not_picked":["theMarked:WastefulDefense","theMarked:Improvise","theMarked:ResourceFulStrike"],"picked":"theMarked:HeightenedSenses","floor":20},{"not_picked":["theMarked:Parry+1","theMarked:Frustration+1","theMarked:BanishingWave+1"],"picked":"theMarked:Vacuum","floor":21},{"not_picked":["theMarked:WastefulDefense","theMarked:ShockingTouch","theMarked:ContemptForTheProud"],"picked":"theMarked:ElectricStrings+1","floor":21},{"not_picked":["theMarked:GodGivenPower+1","theMarked:SwordAndMagic+1","theMarked:WastefulAttack","theMarked:WastefulDefense"],"picked":"SKIP","floor":23},{"not_picked":["theMarked:RepellingDischarge+1","theMarked:Defy","theMarked:SuspiciousRaven"],"picked":"theMarked:ParalyzingBlade+1","floor":25},{"not_picked":["theMarked:TakeCover+1","theMarked:BanishingWave","theMarked:HeritageOfTheMarked+1","theMarked:HeightenedSenses"],"picked":"SKIP","floor":29},{"not_picked":["theMarked:TunnelVision","theMarked:TakeCover","theMarked:WastefulDefense","theMarked:ChainLightning"],"picked":"SKIP","floor":31},{"not_picked":["theMarked:KeepCalmAndFightOn","theMarked:BanishingWave","theMarked:Overthink","theMarked:RepellingDischarge+1"],"picked":"SKIP","floor":31},{"not_picked":["theMarked:FavorableWinds","theMarked:Abjuration","theMarked:MagicAdept"],"picked":"theMarked:Challenge","floor":33},{"not_picked":["theMarked:BanishingWave+1","theMarked:Static","theMarked:EmpowerWeapon"],"picked":"theMarked:RepellingDischarge","floor":35},{"not_picked":["theMarked:Static","theMarked:ShockingTouch","theMarked:Standoff+1","theMarked:WardOff"],"picked":"SKIP","floor":35},{"not_picked":["theMarked:TakeCover+1","theMarked:BanishingWave+1","theMarked:ShockingTouch+1"],"picked":"theMarked:Polarize+1","floor":36},{"not_picked":["theMarked:Polarize","theMarked:WastefulAttack+1","theMarked:Aftermath"],"picked":"theMarked:Levitate","floor":36},{"not_picked":["theMarked:Static","theMarked:WardOff","theMarked:EmpowerWeapon"],"picked":"theMarked:TwofoldDefense","floor":38},{"not_picked":["theMarked:Overthink","theMarked:TwofoldDefense","theMarked:EmpowerWeapon+1"],"picked":"theMarked:Indomitable","floor":38},{"not_picked":["theMarked:EmpowerWeapon+1","theMarked:Convert+1","theMarked:SwordAndMagic+1"],"picked":"theMarked:StartUp+1","floor":39},{"not_picked":["theMarked:WardOff","theMarked:Static+1","theMarked:Aftermath","theMarked:HeightenedSenses+1"],"picked":"SKIP","floor":39},{"not_picked":["theMarked:EmpowerWeapon","theMarked:Parkour","theMarked:Frustration","theMarked:ResourceFulStrike+1"],"picked":"SKIP","floor":41},{"not_picked":["theMarked:BanishingStrike","theMarked:ElectricStrings+1","theMarked:Overcharge","theMarked:Seal"],"picked":"SKIP","floor":41},{"not_picked":["theMarked:ElectricStrings+1","theMarked:SwordAndMagic+1","theMarked:TwofoldDefense"],"picked":"theMarked:Generate+1","floor":42},{"not_picked":["theMarked:ChainLightning+1","theMarked:Static+1","theMarked:Vacuum"],"picked":"theMarked:HeightenedSenses","floor":42},{"not_picked":["theMarked:WastefulDefense+1","theMarked:BanishingStrike+1","theMarked:WardOff"],"picked":"theMarked:TwofoldDefense+1","floor":45},{"not_picked":["theMarked:Frustration","theMarked:TwofoldDefense+1","theMarked:TunnelVision"],"picked":"theMarked:Parkour+1","floor":45},{"not_picked":["theMarked:TwofoldDefense","theMarked:Aftermath+1","theMarked:BanishingStrike"],"picked":"theMarked:MaelstromOfLightning+1","floor":48},{"not_picked":["theMarked:HeightenedSenses+1","theMarked:WastefulAttack+1","theMarked:SwordAndMagic"],"picked":"theMarked:Generate+1","floor":54}],"player_experience":605034,"relics_obtained":[{"floor":6,"key":"Question Card"},{"floor":9,"key":"theMarked:DemonDagger"},{"floor":13,"key":"Pear"},{"floor":23,"key":"Nunchaku"},{"floor":25,"key":"MealTicket"},{"floor":29,"key":"FossilizedHelix"},{"floor":30,"key":"Shovel"},{"floor":30,"key":"Eternal Feather"},{"floor":43,"key":"Calipers"},{"floor":48,"key":"theMarked:KettuFlask"},{"floor":49,"key":"Ginger"},{"floor":52,"key":"HornCleat"},{"floor":54,"key":"theMarked:Gun"}],"event_choices":[{"damage_healed":0,"gold_gain":175,"player_choice":"AGREE","damage_taken":0,"max_hp_gain":0,"max_hp_loss":0,"event_name":"Liars Game","floor":2,"gold_loss":0,"cards_obtained":["Doubt"]},{"cards_removed":["Doubt"],"damage_healed":0,"gold_gain":0,"player_choice":"Forget","damage_taken":0,"max_hp_gain":0,"max_hp_loss":0,"event_name":"Living Wall","floor":4,"gold_loss":0},{"damage_healed":0,"gold_gain":30,"player_choice":"Searched \u00271\u0027 times","damage_taken":0,"max_hp_gain":0,"max_hp_loss":0,"event_name":"Dead Adventurer","floor":7,"gold_loss":0},{"damage_healed":0,"gold_gain":0,"player_choice":"Entered Light","damage_taken":14,"max_hp_gain":0,"max_hp_loss":0,"event_name":"Shining Light","floor":11,"gold_loss":0,"cards_upgraded":["theMarked:ResourceFulStrike","theMarked:Defend"]},{"damage_healed":0,"gold_gain":0,"player_choice":"Upgraded","damage_taken":0,"max_hp_gain":0,"max_hp_loss":0,"event_name":"Upgrade Shrine","floor":19,"gold_loss":0,"cards_upgraded":["theMarked:BindingBlade"]},{"damage_healed":0,"gold_gain":0,"cards_transformed":["theMarked:Strike","theMarked:Strike"],"player_choice":"Became Test Subject","damage_taken":0,"max_hp_gain":0,"max_hp_loss":0,"event_name":"Drug Dealer","floor":22,"gold_loss":0,"cards_obtained":["theMarked:MaelstromOfLightning","theMarked:KeepCalmAndFightOn"]},{"damage_healed":0,"gold_gain":0,"player_choice":"Fight","damage_taken":0,"max_hp_gain":0,"max_hp_loss":0,"event_name":"Colosseum","floor":30,"gold_loss":0},{"damage_healed":0,"gold_gain":0,"player_choice":"Fought Nobs","damage_taken":0,"max_hp_gain":0,"max_hp_loss":0,"event_name":"Colosseum","floor":30,"gold_loss":0},{"damage_healed":0,"gold_gain":0,"player_choice":"Ignored","damage_taken":0,"max_hp_gain":0,"max_hp_loss":0,"event_name":"Tomb of Lord Red Mask","floor":37,"gold_loss":0},{"damage_healed":0,"gold_gain":0,"player_choice":"Fight","damage_taken":0,"max_hp_gain":0,"max_hp_loss":0,"event_name":"Mysterious Sphere","floor":48,"gold_loss":0}],"is_beta":false,"boss_relics":[{"not_picked":["SlaversCollar","SacredBark"],"picked":"Philosopher\u0027s Stone"},{"not_picked":["Velvet Choker","Runic Dome"],"picked":"Cursed Key"}],"items_purged_floors":[28,44],"is_endless":false,"potions_floor_spawned":[6,13,20,23,25,33,38,41,45],"killed_by":"The Heart","ascension_level":0}}