{"host":"5ty8fyb0ngp9gspj","time":1611138296,"event":{"mods":["2.2 Compatiblity","AchievementEnabler","Act Like it!","BaseMod","Colored Map","Downfall","Minty Spire (QoL Compilation)","Rare Cards Sparkle","Relic Stats","StSLib","The Jungle","slay the spire mod where everything is the same but ironclad has a cowboy hat"],"gold_per_floor":[112,122,136,153,153,153,153],"floor_reached":6,"language":"ENG","playtime":99,"items_purged":[],"score":38,"play_id":"44f14ed6-0688-427e-aa65-588d6a6934c7","local_time":"20210120212456","is_ascension_mode":false,"campfire_choices":[],"circlet_count":0,"master_deck":["Strike_R","Strike_R","Strike_R","Strike_R","Strike_R","Defend_R","Defend_R","Defend_R","Bash"],"relics":["Burning Blood","NeowsBlessing"],"acts_visited":["Exordium"],"potions_floor_usage":[6],"damage_taken":[{"damage":0,"enemies":"Cultist","floor":1,"turns":1},{"damage":0,"enemies":"Jaw Worm","floor":2,"turns":1},{"damage":10,"enemies":"Small Slimes","floor":3,"turns":2},{"damage":18,"enemies":"3 Louse","floor":4,"turns":4},{"damage":36,"enemies":"3 Sentries","floor":6,"turns":5}],"seed_played":"-4200112484807143650","potions_obtained":[{"floor":3,"key":"Regen Potion"}],"is_trial":false,"path_per_floor":["M","M","M","M","?","E"],"character_chosen":"IRONCLAD","items_purchased":[],"campfire_rested":0,"item_purchase_floors":[],"current_hp_per_floor":[80,80,76,64,64,42,42],"gold":153,"neow_bonus":"THREE_ENEMY_KILL","is_daily":false,"chose_seed":false,"campfire_upgraded":0,"win_rate":0.0,"timestamp":1611138296,"path_taken":["M","?","M","M","?","E"],"items_purchased_type":[],"build_version":"2020-12-22","purchased_purges":0,"victory":false,"max_hp_per_floor":[80,80,80,80,80,80,80],"relic_stats":{"counters":[5,13],"obtain_stats":[{"NeowsBlessing":0,"Burning Blood":0},{"NeowsBlessing":0,"Burning Blood":0},{"NeowsBlessing":0,"Burning Blood":0}],"Burning Blood":12},"card_choices":[{"not_picked":["Clash","Battle Trance","Clothesline"],"picked":"SKIP","floor":1},{"not_picked":["Shrug It Off","Havoc","Heavy Blade"],"picked":"SKIP","floor":2},{"not_picked":["Ghostly Armor","Clothesline","Sword Boomerang"],"picked":"SKIP","floor":3},{"not_picked":["Searing Blow","Sword Boomerang","Anger"],"picked":"SKIP","floor":4}],"player_experience":412036,"relics_obtained":[],"event_choices":[{"cards_removed":["Defend_R"],"damage_healed":0,"gold_gain":0,"player_choice":"Offered Basic","damage_taken":0,"max_hp_gain":0,"max_hp_loss":0,"event_name":"Bonfire Elementals","floor":5,"gold_loss":0}],"is_beta":false,"boss_relics":[],"items_purged_floors":[],"is_endless":false,"potions_floor_spawned":[3],"killed_by":"3 Sentries","ascension_level":0}}