{"host":"b5ofb9azpmwqws3x","time":1611134419,"event":{"mods":["BaseMod","Minty Spire (QoL Compilation)"],"gold_per_floor":[117,117,128,138,156,191,191,210,233,252,262,292,303,321,321,419,419,430,445,135,135,149,179,193,228,228,254,272,272,272,122,122,226,226,243,253,253,269,113,113,139,139,162,182,198,218,229,247,247,247,247],"floor_reached":50,"language":"ENG","playtime":2605,"items_purged":["Decay"],"score":785,"play_id":"c66144fe-2c2c-4bb3-80bc-7300e8a3ebd9","local_time":"20210120122019","is_ascension_mode":true,"campfire_choices":[{"data":"A Thousand Cuts","floor":7.0,"key":"SMITH"},{"floor":15.0,"key":"REST"},{"floor":30.0,"key":"REST"},{"data":"A Thousand Cuts","floor":32.0,"key":"SMITH"},{"floor":40.0,"key":"REST"},{"floor":42.0,"key":"REST"},{"floor":49,"key":"REST"}],"circlet_count":0,"master_deck":["Strike_G","Strike_G","Strike_G","Strike_G","Strike_G","Defend_G","Defend_G","Defend_G","Defend_G","Defend_G","Survivor","Neutralize","Blade Dance","Blade Dance","A Thousand Cuts+1","Dagger Throw","A Thousand Cuts+1","Dash","Malaise","PiercingWail","Accuracy","Noxious Fumes+1","Footwork+1","Venomology","Caltrops+1","PiercingWail+1","Regret","PiercingWail+1","Footwork+1"],"relics":["Ring of the Serpent","PreservedInsect","Blood Vial","Pen Nib","Cursed Key","TwistedFunnel","Snake Skull","Bag of Marbles","Anchor","Eternal Feather","Frozen Egg 2","Nunchaku","Lizard Tail","Regal Pillow"],"acts_visited":["Exordium","TheCity","TheBeyond"],"potions_floor_usage":[46,46,46,46,50,50,50,50],"damage_taken":[{"damage":4.0,"enemies":"Small Slimes","floor":1.0,"turns":5.0},{"damage":2.0,"enemies":"Cultist","floor":3.0,"turns":4.0},{"damage":7.0,"enemies":"2 Louse","floor":4.0,"turns":4.0},{"damage":6.0,"enemies":"Large Slime","floor":5.0,"turns":7.0},{"damage":4.0,"enemies":"Gremlin Nob","floor":6.0,"turns":3.0},{"damage":5.0,"enemies":"Looter","floor":8.0,"turns":4.0},{"damage":0.0,"enemies":"Lots of Slimes","floor":10.0,"turns":2.0},{"damage":4.0,"enemies":"Large Slime","floor":11.0,"turns":4.0},{"damage":7.0,"enemies":"3 Sentries","floor":12.0,"turns":4.0},{"damage":7.0,"enemies":"2 Fungi Beasts","floor":13.0,"turns":2.0},{"damage":3.0,"enemies":"Blue Slaver","floor":14.0,"turns":3.0},{"damage":25.0,"enemies":"Slime Boss","floor":16.0,"turns":8.0},{"damage":3.0,"enemies":"2 Thieves","floor":18.0,"turns":2.0},{"damage":1.0,"enemies":"3 Byrds","floor":19.0,"turns":3.0},{"damage":33.0,"enemies":"Snake Plant","floor":22.0,"turns":5.0},{"damage":13.0,"enemies":"Gremlin Leader","floor":23.0,"turns":4.0},{"damage":18.0,"enemies":"Sentry and Sphere","floor":24.0,"turns":6.0},{"damage":0.0,"enemies":"Slavers","floor":25.0,"turns":2.0},{"damage":0.0,"enemies":"Gremlin Leader","floor":27.0,"turns":4.0},{"damage":0.0,"enemies":"3 Cultists","floor":28.0,"turns":2.0},{"damage":38.0,"enemies":"Collector","floor":33.0,"turns":7.0},{"damage":4.0,"enemies":"3 Darklings","floor":35.0,"turns":5.0},{"damage":13.0,"enemies":"Orb Walker","floor":36.0,"turns":4.0},{"damage":10.0,"enemies":"Sphere and 2 Shapes","floor":38.0,"turns":4.0},{"damage":51.0,"enemies":"Nemesis","floor":41.0,"turns":7.0},{"damage":36.0,"enemies":"Writhing Mass","floor":44.0,"turns":5.0},{"damage":23.0,"enemies":"Jaw Worm Horde","floor":45.0,"turns":3.0},{"damage":16,"enemies":"Maw","floor":46,"turns":7},{"damage":43,"enemies":"Spire Growth","floor":47,"turns":5},{"damage":6,"enemies":"3 Darklings","floor":48,"turns":5},{"damage":64,"enemies":"Donu and Deca","floor":50,"turns":7}],"seed_played":"4905591310518044610","potions_obtained":[{"floor":3.0,"key":"Poison Potion"},{"floor":4.0,"key":"FearPotion"},{"floor":6.0,"key":"CunningPotion"},{"floor":13.0,"key":"AttackPotion"},{"floor":14.0,"key":"FearPotion"},{"floor":16.0,"key":"Fruit Juice"},{"floor":18.0,"key":"DuplicationPotion"},{"floor":22.0,"key":"Energy Potion"},{"floor":27.0,"key":"PowerPotion"},{"floor":36.0,"key":"PowerPotion"},{"floor":41.0,"key":"Explosive Potion"},{"floor":45.0,"key":"CultistPotion"},{"floor":47,"key":"LiquidBronze"}],"is_trial":false,"path_per_floor":["M","?","M","M","M","E","R","M","T","M","M","E","M","M","R","B",null,"M","M","$","?","M","E","M","E","T","E","M","?","R","$","R","B",null,"M","M","?","M","$","R","E","R","T","M","M","M","M","M","R","B"],"character_chosen":"THE_SILENT","items_purchased":["TwistedFunnel","Snake Skull","Footwork+1","Nunchaku"],"campfire_rested":5,"item_purchase_floors":[20,20,31,39],"current_hp_per_floor":[66,66,64,57,51,47,47,42,42,44,42,37,32,31,54,36,71,70,71,71,71,40,29,13,15,15,17,19,19,55,55,67,31,69,67,56,56,48,48,82,31,70,70,36,15,1,8,4,58,0,0],"gold":247,"neow_bonus":"TEN_PERCENT_HP_BONUS","is_daily":false,"chose_seed":false,"campfire_upgraded":2,"win_rate":0.0,"timestamp":1611134419,"path_taken":["M","?","M","M","M","E","R","M","T","M","M","E","?","M","R","BOSS","M","M","$","?","M","E","?","E","T","E","M","?","R","$","R","BOSS","M","M","?","M","$","R","E","R","T","M","M","M","M","M","R","BOSS"],"items_purchased_type":["Relic","Relic","Card","Relic"],"build_version":"2020-12-22","purchased_purges":1,"victory":false,"max_hp_per_floor":[77,77,77,77,77,77,77,77,77,77,77,77,77,77,77,82,82,82,82,82,82,82,82,82,82,82,82,82,82,82,82,82,82,82,82,82,82,82,82,82,82,82,82,82,82,82,82,82,82,82,82],"card_choices":[{"not_picked":["Deadly Poison","Sucker Punch","Prepared"],"picked":"SKIP","floor":1.0},{"not_picked":["Slice","Blade Dance","Cloak And Dagger"],"picked":"SKIP","floor":3.0},{"not_picked":["Blur","Prepared"],"picked":"Blade Dance","floor":4.0},{"not_picked":["Predator","Underhanded Strike"],"picked":"Blade Dance","floor":5.0},{"not_picked":["Calculated Gamble","Caltrops"],"picked":"A Thousand Cuts","floor":6.0},{"not_picked":["Finisher","Sucker Punch"],"picked":"Dagger Throw","floor":8.0},{"not_picked":["Deadly Poison","Deflect","Finisher"],"picked":"SKIP","floor":10.0},{"not_picked":["Sucker Punch","Tactician","Catalyst"],"picked":"SKIP","floor":11.0},{"not_picked":["Wraith Form v2","Flying Knee","Dagger Spray"],"picked":"SKIP","floor":12.0},{"not_picked":["Quick Slash","Masterful Stab","Expertise"],"picked":"SKIP","floor":13.0},{"not_picked":["Poisoned Stab","Deflect","Blur"],"picked":"SKIP","floor":14.0},{"not_picked":["Envenom","Night Terror"],"picked":"A Thousand Cuts","floor":16.0},{"not_picked":["Heel Hook+1","Dodge and Roll","Outmaneuver"],"picked":"SKIP","floor":18.0},{"not_picked":["Dodge and Roll","Slice","Blade Dance+1"],"picked":"SKIP","floor":19.0},{"not_picked":["Infinite Blades","Blade Dance"],"picked":"Dash","floor":22.0},{"not_picked":["Eviscerate","Noxious Fumes"],"picked":"Malaise","floor":23.0},{"not_picked":["Caltrops","Escape Plan+1"],"picked":"PiercingWail","floor":24.0},{"not_picked":["Night Terror","Noxious Fumes+1"],"picked":"Accuracy","floor":25.0},{"not_picked":["Concentrate+1","Bouncing Flask","Dagger Throw"],"picked":"SKIP","floor":27.0},{"not_picked":["Prepared","Heel Hook"],"picked":"Noxious Fumes+1","floor":28.0},{"not_picked":["Storm of Steel","Bullet Time"],"picked":"Venomology","floor":33.0},{"not_picked":["Skewer","Quick Slash+1","Backflip"],"picked":"SKIP","floor":35.0},{"not_picked":["Flying Knee+1","Deadly Poison","Endless Agony"],"picked":"SKIP","floor":36.0},{"not_picked":["Choke+1","Poisoned Stab+1"],"picked":"Caltrops+1","floor":38.0},{"not_picked":["Terror","Concentrate"],"picked":"PiercingWail+1","floor":41.0},{"not_picked":["Prepared+1","Skewer","Deflect+1"],"picked":"SKIP","floor":44.0},{"not_picked":["Concentrate","Flying Knee","Heel Hook+1"],"picked":"SKIP","floor":45.0},{"not_picked":["Blur+1","Outmaneuver"],"picked":"PiercingWail+1","floor":46},{"not_picked":["Bane","Deflect+1"],"picked":"Footwork+1","floor":47},{"not_picked":["Dodge and Roll+1","Bullet Time","Deflect"],"picked":"SKIP","floor":48}],"player_experience":260937,"relics_obtained":[{"floor":6.0,"key":"PreservedInsect"},{"floor":9.0,"key":"Blood Vial"},{"floor":12.0,"key":"Pen Nib"},{"floor":23.0,"key":"Bag of Marbles"},{"floor":25.0,"key":"Anchor"},{"floor":26.0,"key":"Eternal Feather"},{"floor":27.0,"key":"Frozen Egg 2"},{"floor":41.0,"key":"Lizard Tail"},{"floor":43.0,"key":"Regal Pillow"}],"event_choices":[{"damage_healed":0.0,"max_hp_gain":0.0,"max_hp_loss":0.0,"gold_gain":0.0,"event_name":"Match and Keep!","player_choice":"0 cards matched","floor":2.0,"gold_loss":0.0,"damage_taken":0.0,"cards_obtained":[]},{"damage_healed":0.0,"max_hp_gain":0.0,"max_hp_loss":0.0,"gold_gain":0.0,"event_name":"Transmorgrifier","player_choice":"Ignored","floor":21.0,"gold_loss":0.0,"damage_taken":0.0},{"damage_healed":0.0,"max_hp_gain":0.0,"max_hp_loss":0.0,"gold_gain":0.0,"event_name":"Ghosts","player_choice":"Ignored","floor":29.0,"gold_loss":0.0,"damage_taken":0.0},{"damage_healed":0.0,"max_hp_gain":0.0,"max_hp_loss":0.0,"gold_gain":0.0,"event_name":"Tomb of Lord Red Mask","player_choice":"Ignored","floor":37.0,"gold_loss":0.0,"damage_taken":0.0}],"is_beta":false,"boss_relics":[{"not_picked":["Velvet Choker","Ectoplasm"],"picked":"Cursed Key"},{"not_picked":["Astrolabe","Snecko Eye"],"picked":"Ring of the Serpent"}],"items_purged_floors":[31],"is_endless":false,"potions_floor_spawned":[3,4,6,13,14,16,18,22,27,36,41,45,47],"killed_by":"Donu and Deca","ascension_level":6}}