{"host":"urvvf8749ekcxo1a","time":1611186869,"event":{"mods":["AchievementEnabler","BaseMod","Better Sensory Stone","BetterRewards","Colored Powertips","Evolution","Gold Saver","Marisa????????","Minty Spire (QoL Compilation)","Quick Restart","StSLib","SuperFastMode","The Cursed","The Hierophant","The Saiyan","The Servant 0.9.4","The Wild Card"],"gold_per_floor":[271,284,304,150,169,200,200,375,402,402,421,421,111,124,124,221,271,284,209,226,226,253,287,287,287,314,314,314,343,382,410,410,515,515,526,554,554,554],"floor_reached":37,"language":"ENG","playtime":982,"items_purged":["Defend_G"],"score":459,"play_id":"1aefcdb7-887c-4af8-8189-f6c7d57a303e","local_time":"20210120185429","is_ascension_mode":false,"campfire_choices":[{"floor":7.0,"key":"REST"},{"data":"Survivor","floor":12.0,"key":"SMITH"},{"data":"Accuracy","floor":15.0,"key":"SMITH"},{"floor":25,"key":"REST"},{"data":"Blade Dance","floor":27,"key":"SMITH"},{"floor":32,"key":"REST"}],"circlet_count":0,"master_deck":["Flying Knee+1","Flying Knee+1","Flying Knee","Strike_G","Strike_G","Defend_G","Defend_G","Defend_G","Defend_G","Survivor+1","Neutralize+1","Blade Dance+1","Doubt","Accuracy+1","Bullet Time","Distraction","Blade Dance+1","Accuracy","Cloak And Dagger","Blade Dance+1","Malaise","Flying Knee+1"],"relics":["Ring of the Snake","EVO:Axolotl","Sling","Whetstone","Bag of Marbles","Kunai","Tiny House","Ancient Tea Set","The Courier","CeramicFish","Regal Pillow","Frozen Egg 2","Busted Crown"],"acts_visited":["Exordium","TheCity","TheBeyond"],"potions_floor_usage":[23,31,37],"damage_taken":[{"damage":4.0,"enemies":"Cultist","floor":1.0,"turns":4.0},{"damage":3.0,"enemies":"Jaw Worm","floor":2.0,"turns":3.0},{"damage":4.0,"enemies":"2 Louse","floor":3.0,"turns":3.0},{"damage":14.0,"enemies":"Exordium Thugs","floor":5.0,"turns":3.0},{"damage":18.0,"enemies":"3 Sentries","floor":6.0,"turns":6.0},{"damage":5.0,"enemies":"2 Fungi Beasts","floor":11.0,"turns":3.0},{"damage":0.0,"enemies":"3 Louse","floor":14.0,"turns":1.0},{"damage":20.0,"enemies":"Hexaghost","floor":16.0,"turns":8.0},{"damage":9,"enemies":"Chosen","floor":18,"turns":5},{"damage":10,"enemies":"Shell Parasite","floor":20,"turns":2},{"damage":27,"enemies":"Slavers","floor":23,"turns":4},{"damage":8,"enemies":"Sentry and Sphere","floor":29,"turns":4},{"damage":18,"enemies":"Book of Stabbing","floor":30,"turns":4},{"damage":6,"enemies":"3 Cultists","floor":31,"turns":4},{"damage":27,"enemies":"Collector","floor":33,"turns":5},{"damage":18,"enemies":"3 Shapes","floor":35,"turns":3},{"damage":0,"enemies":"3 Darklings","floor":36,"turns":4},{"damage":99,"enemies":"Orin","floor":37,"turns":5}],"seed_played":"-3658590587627026391","potions_obtained":[{"floor":2.0,"key":"SpeedPotion"},{"floor":3.0,"key":"PowerPotion"},{"floor":14.0,"key":"FearPotion"},{"floor":17,"key":"FairyPotion"},{"floor":18,"key":"LiquidBronze"},{"floor":30,"key":"ColorlessPotion"},{"floor":33,"key":"Weak Potion"},{"floor":35,"key":"Dexterity Potion"}],"is_trial":false,"path_per_floor":["M","M","M","$","M","E","R","?","T","?","M","R","$","M","R","B",null,"M","$","M","?","T","E","?","R","T","R","?","M","E","M","R","B",null,"M","M","?"],"character_chosen":"THE_SILENT","items_purchased":["Sling","Kunai","Accuracy"],"campfire_rested":3,"item_purchase_floors":[4,13,13],"current_hp_per_floor":[73,70,66,66,52,34,57,57,57,57,52,52,52,52,52,32,82,73,73,63,63,63,36,20,46,46,46,46,38,20,14,55,28,87,69,69,0,0],"gold":554,"neow_bonus":"TEN_PERCENT_HP_BONUS","is_daily":false,"chose_seed":false,"campfire_upgraded":3,"win_rate":0.0,"timestamp":1611186869,"path_taken":["M","?","M","?","M","E","R","?","T","?","M","R","$","M","R","BOSS","M","$","M","?","?","E","?","R","T","R","?","?","E","M","R","BOSS","M","M","?"],"items_purchased_type":["Relic","Relic","Card"],"build_version":"2020-12-22","purchased_purges":1,"victory":false,"max_hp_per_floor":[77,77,77,77,77,77,77,77,77,77,77,77,77,77,77,77,82,82,82,82,82,82,82,87,87,87,87,87,87,87,87,87,87,87,87,87,87,87],"card_choices":[{"not_picked":["Backflip","Footwork","Dagger Spray"],"picked":"SKIP","floor":1.0},{"not_picked":["Poisoned Stab","Escape Plan","Dodge and Roll"],"picked":"SKIP","floor":2.0},{"not_picked":["Prepared","Slice"],"picked":"Blade Dance","floor":3.0},{"not_picked":["Sucker Punch","Backflip","Blur"],"picked":"SKIP","floor":5.0},{"not_picked":["Night Terror","Deflect","Catalyst"],"picked":"SKIP","floor":6.0},{"not_picked":["Acrobatics","Escape Plan","Dodge and Roll"],"picked":"SKIP","floor":11.0},{"not_picked":["Outmaneuver","Prepared","Underhanded Strike"],"picked":"SKIP","floor":14.0},{"not_picked":["Wraith Form v2","Unload"],"picked":"Bullet Time","floor":16.0},{"not_picked":["Underhanded Strike","Sucker Punch"],"picked":"Distraction","floor":17},{"not_picked":["Quick Slash+1","Tactician"],"picked":"Blade Dance","floor":18},{"not_picked":["Escape Plan+1","Poisoned Stab","All Out Attack+1"],"picked":"SKIP","floor":20},{"not_picked":["Slice","Prepared","Dagger Spray"],"picked":"SKIP","floor":23},{"not_picked":["Skewer","Calculated Gamble"],"picked":"Accuracy","floor":29},{"not_picked":["Flying Knee+1","Expertise"],"picked":"Cloak And Dagger","floor":30},{"not_picked":["Poisoned Stab","Acrobatics+1"],"picked":"Blade Dance+1","floor":31},{"not_picked":["Wraith Form v2+1","Venomology"],"picked":"Malaise","floor":33},{"not_picked":["Poisoned Stab"],"picked":"SKIP","floor":35},{"not_picked":[],"picked":"Flying Knee+1","floor":36}],"player_experience":125921,"relics_obtained":[{"floor":6.0,"key":"Whetstone"},{"floor":9.0,"key":"Bag of Marbles"},{"floor":23,"key":"The Courier"},{"floor":26,"key":"CeramicFish"},{"floor":28,"key":"Regal Pillow"},{"floor":30,"key":"Frozen Egg 2"}],"event_choices":[{"damage_healed":0.0,"max_hp_gain":0.0,"max_hp_loss":0.0,"gold_gain":175.0,"event_name":"Liars Game","player_choice":"AGREE","floor":8.0,"gold_loss":0.0,"damage_taken":0.0,"cards_obtained":["Doubt"]},{"damage_healed":0.0,"max_hp_gain":0.0,"max_hp_loss":0.0,"gold_gain":0.0,"event_name":"Living Wall","player_choice":"Grow","floor":10.0,"gold_loss":0.0,"damage_taken":0.0,"cards_upgraded":["Neutralize"]},{"damage_healed":0,"gold_gain":0,"player_choice":"Opened","damage_taken":0,"relics_obtained":["Ancient Tea Set"],"max_hp_gain":0,"max_hp_loss":0,"event_name":"The Mausoleum","floor":21,"gold_loss":0},{"damage_healed":0,"gold_gain":0,"player_choice":"Shed Blood","damage_taken":21,"max_hp_gain":5,"max_hp_loss":0,"event_name":"Forgotten Altar","floor":24,"gold_loss":0},{"damage_healed":0,"gold_gain":0,"player_choice":"Relic","damage_taken":0,"max_hp_gain":0,"max_hp_loss":0,"event_name":"Wheel of Change","floor":28,"gold_loss":0},{"damage_healed":0,"gold_gain":0,"player_choice":"Fight","damage_taken":0,"max_hp_gain":0,"max_hp_loss":0,"event_name":"OrinTheCat","floor":37,"gold_loss":0}],"is_beta":false,"boss_relics":[{"not_picked":["SlaversCollar","Runic Pyramid"],"picked":"Tiny House"},{"not_picked":["WristBlade","Astrolabe"],"picked":"Busted Crown"}],"items_purged_floors":[19],"is_endless":false,"potions_floor_spawned":[2,3,14,18,30,33,35],"killed_by":"Orin","ascension_level":0}}