{"host":"9hmnsypyq1c5u7i3","time":1611118607,"event":{"mods":["BaseMod","Bestiary","Hermit","Marisa????????","Minty Spire (QoL Compilation)","Permanent Neow","Quick Restart","Relic Stats","StSLib","The Cursed","The Hierophant"],"gold_per_floor":[368,381,79,98,110,110,128,128,151,176,193,268,40,62,62,150,150,187,187,198,231,231,287,287,323,349,0,11,11,11,49,49,49,49],"floor_reached":33,"language":"ENG","playtime":2766,"items_purged":["Strike_G"],"score":598,"play_id":"9de661d3-202d-44db-87d1-585a7851a33e","local_time":"20210119235647","is_ascension_mode":true,"campfire_choices":[{"data":"Neutralize","floor":6.0,"key":"SMITH"},{"floor":8.0,"key":"REST"},{"floor":15.0,"key":"REST"},{"floor":24.0,"key":"REST"},{"floor":29.0,"key":"REST"},{"floor":32.0,"key":"REST"}],"circlet_count":0,"master_deck":["AscendersBane","Strike_G","Strike_G","Strike_G","Strike_G","Defend_G","Defend_G+1","Defend_G","Defend_G","Defend_G+1","Survivor","Neutralize+1","Poisoned Stab","Endless Agony","Bane","Masterful Stab","Caltrops","Deflect","Leg Sweep","Dagger Spray","HandOfGreed","PiercingWail","Footwork","Glass Knife","Acrobatics","Cloak And Dagger+1"],"relics":["Ring of the Snake","Omamori","War Paint","Regal Pillow","CeramicFish","Busted Crown","Potion Belt","Juzu Bracelet","Vajra","Bronze Scales"],"acts_visited":["Exordium","TheCity"],"potions_floor_usage":[33],"damage_taken":[{"damage":3.0,"enemies":"Cultist","floor":1.0,"turns":5.0},{"damage":0.0,"enemies":"2 Louse","floor":2.0,"turns":2.0},{"damage":7.0,"enemies":"Small Slimes","floor":4.0,"turns":3.0},{"damage":9.0,"enemies":"3 Louse","floor":5.0,"turns":3.0},{"damage":6.0,"enemies":"Blue Slaver","floor":7.0,"turns":4.0},{"damage":8.0,"enemies":"Lagavulin","floor":10.0,"turns":9.0},{"damage":0.0,"enemies":"Looter","floor":11.0,"turns":3.0},{"damage":7.0,"enemies":"3 Sentries","floor":12.0,"turns":7.0},{"damage":0.0,"enemies":"Lots of Slimes","floor":14.0,"turns":1.0},{"damage":23.0,"enemies":"The Guardian","floor":16.0,"turns":15.0},{"damage":8.0,"enemies":"Shell Parasite","floor":18.0,"turns":5.0},{"damage":1.0,"enemies":"Spheric Guardian","floor":20.0,"turns":7.0},{"damage":1.0,"enemies":"Centurion and Healer","floor":21.0,"turns":11.0},{"damage":59.0,"enemies":"Slavers","floor":23.0,"turns":8.0},{"damage":19.0,"enemies":"Book of Stabbing","floor":25.0,"turns":7.0},{"damage":14.0,"enemies":"Snake Plant","floor":28.0,"turns":4.0},{"damage":21.0,"enemies":"Shelled Parasite and Fungi","floor":31.0,"turns":5.0},{"damage":68,"enemies":"Collector","floor":33,"turns":8}],"seed_played":"-3818290109686106595","potions_obtained":[{"floor":4.0,"key":"Block Potion"},{"floor":5.0,"key":"Block Potion"},{"floor":10.0,"key":"ColorlessPotion"},{"floor":12.0,"key":"EssenceOfSteel"},{"floor":16.0,"key":"SpeedPotion"},{"floor":18.0,"key":"Regen Potion"},{"floor":19.0,"key":"Block Potion"},{"floor":23.0,"key":"Weak Potion"},{"floor":25.0,"key":"CultistPotion"}],"is_trial":false,"path_per_floor":["M","M","$","M","M","R","M","R","T","E","M","E","$","M","R","B",null,"M","?","M","M","?","E","R","E","T","?","M","R","$","M","R","B"],"character_chosen":"THE_SILENT","items_purchased":["Bane","Omamori","HandOfGreed","PiercingWail"],"campfire_rested":5,"item_purchase_floors":[3,3,13,13],"current_hp_per_floor":[41,41,41,34,25,25,19,38,38,30,30,23,23,23,57,34,58,50,50,64,63,63,4,38,19,19,19,5,39,39,18,52,0,0],"gold":49,"neow_bonus":"TWO_FIFTY_GOLD","is_daily":false,"chose_seed":false,"campfire_upgraded":1,"win_rate":0.0,"timestamp":1611118607,"path_taken":["M","?","$","M","M","R","M","R","T","E","M","E","$","M","R","BOSS","M","?","M","?","?","E","R","E","T","?","M","R","?","M","R","BOSS"],"items_purchased_type":["Card","Relic","Card","Card"],"build_version":"2020-12-22","purchased_purges":1,"victory":false,"max_hp_per_floor":[66,66,66,66,66,66,66,66,66,66,66,66,66,66,66,66,66,66,66,66,66,66,66,66,66,66,66,66,66,66,66,66,66,66],"relic_stats":{"Regal Pillow":60,"Busted Crown":14,"counters":[18,107],"CeramicFish":63,"Bronze Scales":[60],"Juzu Bracelet":0,"War Paint":["Defend_G","Defend_G"],"obtain_stats":[{"Potion Belt":22,"Regal Pillow":10,"Busted Crown":17,"CeramicFish":12,"Bronze Scales":26,"Vajra":25,"Omamori":3,"Juzu Bracelet":23,"War Paint":9,"Ring of the Snake":0},{"Potion Belt":13,"Regal Pillow":6,"Busted Crown":10,"CeramicFish":8,"Bronze Scales":15,"Vajra":15,"Omamori":2,"Juzu Bracelet":14,"War Paint":5,"Ring of the Snake":0},{"Potion Belt":75,"Regal Pillow":26,"Busted Crown":52,"CeramicFish":36,"Bronze Scales":90,"Vajra":90,"Omamori":7,"Juzu Bracelet":83,"War Paint":17,"Ring of the Snake":0}],"Ring of the Snake":[36]},"card_choices":[{"not_picked":["Prepared","Underhanded Strike"],"picked":"Poisoned Stab","floor":1.0},{"not_picked":["Choke","Reflex"],"picked":"Endless Agony","floor":2.0},{"not_picked":["Underhanded Strike","Bane","Heel Hook"],"picked":"SKIP","floor":4.0},{"not_picked":["Underhanded Strike","Deflect"],"picked":"Masterful Stab","floor":5.0},{"not_picked":["Dodge and Roll","Deadly Poison"],"picked":"Caltrops","floor":7.0},{"not_picked":["Noxious Fumes","Dodge and Roll"],"picked":"Deflect","floor":10.0},{"not_picked":["Finisher","Bullet Time"],"picked":"Leg Sweep","floor":11.0},{"not_picked":["Heel Hook","Deflect"],"picked":"Dagger Spray","floor":12.0},{"not_picked":["Tactician","Underhanded Strike"],"picked":"Footwork","floor":14.0},{"not_picked":["Envenom","Bullet Time"],"picked":"Glass Knife","floor":16.0},{"not_picked":["Concentrate"],"picked":"SKIP","floor":18.0},{"not_picked":["Deadly Poison"],"picked":"SKIP","floor":20.0},{"not_picked":["Poisoned Stab"],"picked":"SKIP","floor":21.0},{"not_picked":[],"picked":"Acrobatics","floor":23.0},{"not_picked":[],"picked":"Cloak And Dagger+1","floor":25.0},{"not_picked":["Skewer"],"picked":"SKIP","floor":28.0},{"not_picked":["Choke+1"],"picked":"SKIP","floor":31.0}],"player_experience":900294,"relics_obtained":[{"floor":9.0,"key":"War Paint"},{"floor":10.0,"key":"Regal Pillow"},{"floor":12.0,"key":"CeramicFish"},{"floor":23.0,"key":"Juzu Bracelet"},{"floor":25.0,"key":"Vajra"},{"floor":26.0,"key":"Bronze Scales"}],"event_choices":[{"damage_healed":0.0,"max_hp_gain":0.0,"max_hp_loss":0.0,"gold_gain":0.0,"event_name":"Lab","player_choice":"Got Potions","floor":19.0,"gold_loss":0.0,"damage_taken":0.0},{"damage_healed":0.0,"max_hp_gain":0.0,"max_hp_loss":0.0,"gold_gain":0.0,"event_name":"The Mausoleum","player_choice":"Opened","floor":22.0,"gold_loss":0.0,"damage_taken":0.0,"relics_obtained":["Potion Belt"],"cards_obtained":["Writhe"]},{"damage_healed":0.0,"max_hp_gain":0.0,"max_hp_loss":0.0,"gold_gain":0.0,"event_name":"Masked Bandits","player_choice":"Paid Fearfully","floor":27.0,"gold_loss":349.0,"damage_taken":0.0}],"is_beta":false,"boss_relics":[{"not_picked":["Velvet Choker","Astrolabe"],"picked":"Busted Crown"}],"items_purged_floors":[3],"is_endless":false,"potions_floor_spawned":[4,5,10,12,16,18,23,25],"killed_by":"Collector","ascension_level":20}}