{"host":"a1eatafr7pisesky","time":1611160675,"event":{"mods":["AchievementEnabler","BaseMod","Colored Map","Keyboard Shortcuts","Minty Spire (QoL Compilation)","Say the Spire","StSLib","SuperFastMode","everything is the same but u backflip on backflip"],"gold_per_floor":[119,133,133,153,1,27,38,52,79,29,64,64,76,76,76,174,174,190,200,219,119,131,131,131,131],"floor_reached":24,"language":"KOR","playtime":684,"items_purged":["Strike_G","Strike_G"],"score":305,"play_id":"ef3c5016-7378-4157-ba7f-b04b3dfc08d3","local_time":"20210121013755","is_ascension_mode":true,"campfire_choices":[{"data":"Cloak And Dagger","floor":12.0,"key":"SMITH"},{"floor":15.0,"key":"REST"},{"floor":23.0,"key":"REST"}],"circlet_count":0,"master_deck":["Strike_G","Defend_G+1","Defend_G","Defend_G+1","Survivor","Neutralize","PiercingWail","Dash+1","Noxious Fumes","Cloak And Dagger+1","Footwork","A Thousand Cuts","Quick Slash+1","Venomology+1","Storm of Steel+1","Cloak And Dagger+1","Cloak And Dagger"],"relics":["Ring of the Snake","NeowsBlessing","White Beast Statue","Vajra","Bag of Preparation","War Paint","Astrolabe"],"acts_visited":["Exordium","TheCity"],"potions_floor_usage":[24,24,24],"damage_taken":[{"damage":0.0,"enemies":"2 Louse","floor":1.0,"turns":1.0},{"damage":0.0,"enemies":"Cultist","floor":2.0,"turns":1.0},{"damage":0.0,"enemies":"Jaw Worm","floor":4.0,"turns":1.0},{"damage":13.0,"enemies":"Gremlin Nob","floor":6.0,"turns":4.0},{"damage":3.0,"enemies":"Looter","floor":7.0,"turns":4.0},{"damage":7.0,"enemies":"Gremlin Gang","floor":8.0,"turns":5.0},{"damage":22.0,"enemies":"Lagavulin","floor":11.0,"turns":7.0},{"damage":1.0,"enemies":"Large Slime","floor":13.0,"turns":6.0},{"damage":19.0,"enemies":"Slime Boss","floor":16.0,"turns":14.0},{"damage":17.0,"enemies":"Shell Parasite","floor":18.0,"turns":7.0},{"damage":6.0,"enemies":"3 Byrds","floor":19.0,"turns":3.0},{"damage":13.0,"enemies":"Snake Plant","floor":20.0,"turns":5.0},{"damage":18.0,"enemies":"Cultist and Chosen","floor":22.0,"turns":6.0},{"damage":38,"enemies":"Gremlin Leader","floor":24,"turns":4}],"seed_played":"-4313137191655521430","potions_obtained":[{"floor":4.0,"key":"CunningPotion"},{"floor":6.0,"key":"Poison Potion"},{"floor":7.0,"key":"Weak Potion"},{"floor":8.0,"key":"SkillPotion"},{"floor":11.0,"key":"CunningPotion"},{"floor":13.0,"key":"Block Potion"},{"floor":16.0,"key":"SteroidPotion"},{"floor":18.0,"key":"PowerPotion"},{"floor":19.0,"key":"LiquidMemories"},{"floor":22.0,"key":"EssenceOfSteel"}],"is_trial":false,"path_per_floor":["M","M","?","M","$","E","M","M","T","?","E","R","M","?","R","B",null,"M","M","M","$","M","R","E"],"character_chosen":"THE_SILENT","items_purchased":["CunningPotion"],"campfire_rested":2,"item_purchase_floors":[5],"current_hp_per_floor":[63,63,63,63,63,50,47,40,40,40,18,18,17,17,38,19,57,40,34,35,35,17,38,0,0],"gold":131,"neow_bonus":"THREE_ENEMY_KILL","is_daily":false,"chose_seed":false,"campfire_upgraded":1,"win_rate":0.0,"timestamp":1611160675,"path_taken":["M","M","?","M","$","E","?","M","T","?","E","R","M","?","R","BOSS","M","?","M","$","M","R","E"],"items_purchased_type":["Potion"],"build_version":"2020-12-22","purchased_purges":2,"victory":false,"max_hp_per_floor":[70,70,70,70,70,70,70,70,70,70,70,70,70,70,70,70,70,70,70,70,70,70,70,70,70],"card_choices":[{"not_picked":["Underhanded Strike","Cloak And Dagger"],"picked":"PiercingWail","floor":1.0},{"not_picked":["Bane","Underhanded Strike"],"picked":"Catalyst","floor":2.0},{"not_picked":["Masterful Stab","Acrobatics","Deflect"],"picked":"SKIP","floor":4.0},{"not_picked":["Storm of Steel","Underhanded Strike","Doppelganger"],"picked":"SKIP","floor":6.0},{"not_picked":["Predator","Blur"],"picked":"Dash","floor":7.0},{"not_picked":["Sucker Punch","Deflect"],"picked":"Noxious Fumes","floor":8.0},{"not_picked":["Leg Sweep","Poisoned Stab"],"picked":"Cloak And Dagger","floor":11.0},{"not_picked":["Slice","Leg Sweep"],"picked":"Footwork","floor":13.0},{"not_picked":["Malaise","Glass Knife"],"picked":"A Thousand Cuts","floor":16.0},{"not_picked":["Expertise","Underhanded Strike","Deflect"],"picked":"SKIP","floor":18.0},{"not_picked":["Underhanded Strike","Well Laid Plans+1"],"picked":"Cloak And Dagger+1","floor":19.0},{"not_picked":["Deadly Poison","Quick Slash"],"picked":"Cloak And Dagger","floor":20.0},{"not_picked":["Slice","Prepared","Poisoned Stab+1"],"picked":"SKIP","floor":22.0}],"player_experience":329427,"relics_obtained":[{"floor":6.0,"key":"Vajra"},{"floor":9.0,"key":"Bag of Preparation"},{"floor":11.0,"key":"War Paint"}],"event_choices":[{"cards_removed":["Catalyst"],"damage_healed":0.0,"max_hp_gain":0.0,"max_hp_loss":0.0,"gold_gain":0.0,"event_name":"WeMeetAgain","player_choice":"Gave Card","floor":3.0,"gold_loss":0.0,"damage_taken":0.0,"relics_obtained":["White Beast Statue"]},{"cards_removed":["Strike_G"],"damage_healed":0.0,"max_hp_gain":0.0,"max_hp_loss":0.0,"gold_gain":0.0,"event_name":"The Cleric","player_choice":"Card Removal","floor":10.0,"gold_loss":50.0,"damage_taken":0.0},{"damage_healed":0.0,"max_hp_gain":0.0,"max_hp_loss":0.0,"gold_gain":0.0,"event_name":"Upgrade Shrine","player_choice":"Upgraded","floor":14.0,"gold_loss":0.0,"damage_taken":0.0,"cards_upgraded":["Dash"]}],"is_beta":false,"boss_relics":[{"not_picked":["Fusion Hammer","Velvet Choker"],"picked":"Astrolabe"}],"items_purged_floors":[5,21],"is_endless":false,"potions_floor_spawned":[4,6,7,8,11,13,16,18,19,20,22],"killed_by":"Gremlin Leader","ascension_level":9}}