{"host":"y3h3n3f7seyagppx","time":1611184180,"event":{"mods":["AlwaysNeverKeys","BaseMod","Better Vampires","Colored Powertips","DeckTracker","Emptier Cage","Minty Spire (QoL Compilation)","Permanent Neow","Quick Restart","Rare Cards Sparkle","Relic Sorter","Relic Stats","StSLib","Transform Curses"],"gold_per_floor":[112,112,123,88,101,130,130,157,157,157,186,186,211,232,232,321,321,344,362,277,301,314,314,345,370,394,10,51,65,65,83,83,179,179,192,216,216,237,22,53,65,0,12,24,72,84,432,459,471,483,495,507,519,68,99,99,99],"floor_reached":56,"language":"ENG","playtime":8972,"items_purged":["Strike_P","Eruption","Wallop+1"],"score":2115,"play_id":"488c79a1-1f36-4605-9e1c-5fb7edffed45","local_time":"20210120180940","is_ascension_mode":true,"campfire_choices":[{"data":"PathToVictory","floor":7.0,"key":"SMITH"},{"data":"PathToVictory","floor":10.0,"key":"SMITH"},{"data":"Vigilance","floor":15.0,"key":"SMITH"},{"floor":23.0,"key":"REST"},{"data":"EmptyBody","floor":32.0,"key":"SMITH"},{"data":"Scrawl","floor":41.0,"key":"SMITH"},{"data":"Perseverance","floor":49.0,"key":"SMITH"},{"floor":53.0,"key":"REST"}],"circlet_count":0,"master_deck":["AscendersBane","Defend_P+1","Defend_P+1","Defend_P+1","Vigilance+1","PathToVictory+1","PathToVictory+1","EmptyBody+1","DeceiveReality+1","Wireheading+1","PathToVictory+1","Scrawl+1","Master of Strategy","Wireheading+1","Perseverance+1","InnerPeace","Establishment+1"],"relics":["Velvet Choker","Art of War","StrikeDummy","Matryoshka","Centennial Puzzle","TeardropLocket","Blood Vial","Golden Idol","Odd Mushroom","Black Star","Dead Branch","Happy Flower","Potion Belt","Juzu Bracelet","Akabeko","War Paint","Smiling Mask","Mummified Hand","Empty Cage","Melange","MawBank","Ancient Tea Set","Red Mask","Meat on the Bone","Frozen Egg 2","Dream Catcher","Old Coin","Cauldron","Boot","Lantern","Letter Opener"],"acts_visited":["Exordium","TheCity","TheBeyond","TheEnding"],"potions_floor_usage":[55,56,56,56],"damage_taken":[{"damage":0.0,"enemies":"Jaw Worm","floor":1.0,"turns":4.0},{"damage":4.0,"enemies":"2 Louse","floor":3.0,"turns":2.0},{"damage":0.0,"enemies":"Small Slimes","floor":5.0,"turns":3.0},{"damage":19.0,"enemies":"3 Sentries","floor":6.0,"turns":11.0},{"damage":12.0,"enemies":"Lagavulin","floor":8.0,"turns":5.0},{"damage":27.0,"enemies":"3 Sentries","floor":11.0,"turns":7.0},{"damage":1.0,"enemies":"The Mushroom Lair","floor":13.0,"turns":3.0},{"damage":3.0,"enemies":"Gremlin Gang","floor":14.0,"turns":3.0},{"damage":8.0,"enemies":"The Guardian","floor":16.0,"turns":7.0},{"damage":14.0,"enemies":"Shell Parasite","floor":18.0,"turns":3.0},{"damage":3.0,"enemies":"Chosen","floor":19.0,"turns":3.0},{"damage":29.0,"enemies":"Sentry and Sphere","floor":21.0,"turns":9.0},{"damage":1.0,"enemies":"Snake Plant","floor":22.0,"turns":3.0},{"damage":2.0,"enemies":"Book of Stabbing","floor":24.0,"turns":5.0},{"damage":7.0,"enemies":"Chosen and Byrds","floor":25.0,"turns":7.0},{"damage":14.0,"enemies":"Slavers","floor":28.0,"turns":3.0},{"damage":12.0,"enemies":"Cultist and Chosen","floor":29.0,"turns":3.0},{"damage":5.0,"enemies":"Snake Plant","floor":31.0,"turns":2.0},{"damage":38.0,"enemies":"Automaton","floor":33.0,"turns":7.0},{"damage":0.0,"enemies":"3 Shapes","floor":35.0,"turns":3.0},{"damage":0.0,"enemies":"Orb Walker","floor":36.0,"turns":2.0},{"damage":0.0,"enemies":"Transient","floor":38.0,"turns":6.0},{"damage":6.0,"enemies":"Reptomancer","floor":40.0,"turns":3.0},{"damage":2.0,"enemies":"Nemesis","floor":45.0,"turns":3.0},{"damage":0.0,"enemies":"Giant Head","floor":47.0,"turns":5.0},{"damage":0.0,"enemies":"Spire Growth","floor":48.0,"turns":4.0},{"damage":16.0,"enemies":"Donu and Deca","floor":50.0,"turns":16.0},{"damage":26.0,"enemies":"Awakened One","floor":51.0,"turns":18.0},{"damage":15,"enemies":"Shield and Spear","floor":55,"turns":7},{"damage":64,"enemies":"The Heart","floor":56,"turns":9}],"seed_played":"-7029795848541970245","potions_obtained":[{"floor":1.0,"key":"SneckoOil"},{"floor":5.0,"key":"FearPotion"},{"floor":11.0,"key":"EssenceOfSteel"},{"floor":14.0,"key":"GamblersBrew"},{"floor":21.0,"key":"FearPotion"},{"floor":28.0,"key":"EssenceOfSteel"},{"floor":29.0,"key":"Fire Potion"},{"floor":31.0,"key":"Fruit Juice"},{"floor":36.0,"key":"SpeedPotion"},{"floor":40.0,"key":"Dexterity Potion"},{"floor":48.0,"key":"Fire Potion"},{"floor":54.0,"key":"Block Potion"},{"floor":54.0,"key":"Dexterity Potion"}],"is_trial":false,"path_per_floor":["M","?","M","?","M","E","R","E","T","R","E","?","?","M","R","B",null,"M","M","?","M","M","R","E","M","T","$","E","M","?","M","R","B",null,"M","M","?","M","$","E","R","?","T","?","E","?","E","M","R","B","B",null,"R","$","E","B"],"character_chosen":"WATCHER","items_purchased":["War Paint","LiquidMemories","Weak Potion","Melange","Cauldron","InnerPeace","Boot"],"campfire_rested":2,"item_purchase_floors":[27,27,27,39,54,54,54],"current_hp_per_floor":[61,66,62,73,73,54,54,42,42,42,15,15,16,15,15,9,52,40,39,39,12,13,32,32,27,27,27,15,5,76,71,71,35,66,68,75,65,67,67,63,63,63,63,63,63,63,65,67,67,53,41,68,77,77,62,0,0],"gold":99,"neow_bonus":"BOSS_RELIC","is_daily":false,"chose_seed":false,"campfire_upgraded":6,"win_rate":0.0,"timestamp":1611184180,"path_taken":["M","?","M","?","M","E","R","E","T","R","E","?","?","M","R","BOSS","M","M","?","M","M","R","E","M","T","$","E","M","?","M","R","BOSS","M","M","?","M","$","E","R","?","T","?","E","?","E","M","R","BOSS","BOSS","R","$","E","BOSS"],"items_purchased_type":["Relic","Potion","Potion","Relic","Relic","Card","Relic"],"build_version":"2020-12-22","purchased_purges":3,"victory":false,"max_hp_per_floor":[68,73,73,73,73,73,73,73,73,73,73,66,66,66,66,66,66,66,66,66,66,66,66,66,66,66,66,66,66,76,76,76,76,76,76,81,81,81,81,81,81,81,81,81,81,77,77,77,77,77,77,77,77,77,77,77,77],"relic_stats":{"Happy Flower":[32],"counters":[30,166],"Golden Idol":169,"Dead Branch":[101],"Melange":[105],"Juzu Bracelet":2,"Letter Opener":[50],"War Paint":["DeceiveReality","Defend_P"],"Smiling Mask":125,"MawBank":168,"Boot":[0],"Blood Vial":44,"Centennial Puzzle":[60],"Dream Catcher":1,"Mummified Hand":[26],"Art of War":[42],"Black Star":6,"obtain_stats":[{"Lantern":55,"Melange":39,"Juzu Bracelet":26,"TeardropLocket":9,"Smiling Mask":28,"Empty Cage":34,"Ancient Tea Set":40,"Boot":54,"Old Coin":47,"Blood Vial":11,"Centennial Puzzle":9,"Dream Catcher":45,"Matryoshka":8,"Mummified Hand":28,"Red Mask":42,"Potion Belt":24,"Happy Flower":24,"Golden Idol":12,"Dead Branch":20,"Velvet Choker":0,"Letter Opener":55,"Odd Mushroom":13,"War Paint":27,"Frozen Egg 2":45,"MawBank":40,"Akabeko":26,"Cauldron":54,"Black Star":17,"Art of War":47,"PureWater":0,"StrikeDummy":6,"Meat on the Bone":43},{"Lantern":29,"Melange":22,"Juzu Bracelet":15,"TeardropLocket":5,"Smiling Mask":16,"Empty Cage":19,"Ancient Tea Set":23,"Boot":28,"Old Coin":25,"Blood Vial":6,"Centennial Puzzle":5,"Dream Catcher":24,"Matryoshka":5,"Mummified Hand":16,"Red Mask":23,"Potion Belt":14,"Happy Flower":14,"Golden Idol":6,"Dead Branch":11,"Velvet Choker":0,"Letter Opener":29,"Odd Mushroom":7,"War Paint":15,"Frozen Egg 2":24,"MawBank":23,"Akabeko":15,"Cauldron":28,"Black Star":9,"Art of War":25,"PureWater":0,"StrikeDummy":4,"Meat on the Bone":23},{"Lantern":157,"Melange":101,"Juzu Bracelet":75,"TeardropLocket":25,"Smiling Mask":78,"Empty Cage":90,"Ancient Tea Set":104,"Boot":150,"Old Coin":112,"Blood Vial":32,"Centennial Puzzle":25,"Dream Catcher":107,"Matryoshka":25,"Mummified Hand":78,"Red Mask":104,"Potion Belt":68,"Happy Flower":68,"Golden Idol":32,"Dead Branch":51,"Velvet Choker":0,"Letter Opener":157,"Odd Mushroom":35,"War Paint":75,"Frozen Egg 2":107,"MawBank":104,"Akabeko":75,"Cauldron":150,"Black Star":45,"Art of War":112,"PureWater":0,"StrikeDummy":20,"Meat on the Bone":104}],"Meat on the Bone":12},"card_choices":[{"not_picked":["Fasting2","Crescendo"],"picked":"PathToVictory","floor":1.0},{"not_picked":["Evaluate","Collect","Vengeance"],"picked":"SKIP","floor":3.0},{"not_picked":["Consecrate","Prostrate"],"picked":"PathToVictory","floor":5.0},{"not_picked":["Crescendo","DeusExMachina","Swivel"],"picked":"SKIP","floor":6.0},{"not_picked":["ClearTheMind","LikeWater","Wish"],"picked":"SKIP","floor":8.0},{"not_picked":["FlyingSleeves","TalkToTheHand","EmptyFist"],"picked":"SKIP","floor":11.0},{"not_picked":["Crescendo","Consecrate","EmptyBody"],"picked":"SKIP","floor":14.0},{"not_picked":["Crescendo","Consecrate"],"picked":"EmptyBody","floor":14.0},{"not_picked":["Alpha","Brilliance"],"picked":"LessonLearned","floor":16.0},{"not_picked":["JustLucky","BowlingBash"],"picked":"Wallop","floor":18.0},{"not_picked":["FlurryOfBlows","Consecrate+1"],"picked":"DeceiveReality","floor":19.0},{"not_picked":["Pray","Halt"],"picked":"Wireheading","floor":21.0},{"not_picked":["PathToVictory","MentalFortress","Consecrate"],"picked":"SKIP","floor":22.0},{"not_picked":["FlyingSleeves","Wallop","Pray"],"picked":"SKIP","floor":24.0},{"not_picked":["Consecrate","Perseverance","EmptyBody"],"picked":"SKIP","floor":25.0},{"not_picked":["FlyingSleeves","Tantrum"],"picked":"PathToVictory+1","floor":28.0},{"not_picked":["Study","Halt","CrushJoints"],"picked":"SKIP","floor":29.0},{"not_picked":["Alpha","WheelKick","EmptyFist"],"picked":"SKIP","floor":31.0},{"not_picked":["Wish","Brilliance"],"picked":"Scrawl","floor":33.0},{"not_picked":["CutThroughFate","WindmillStrike","SashWhip+1"],"picked":"SKIP","floor":35.0},{"not_picked":["Protect","Crescendo","EmptyFist+1"],"picked":"SKIP","floor":36.0},{"not_picked":["Mayhem","Panache"],"picked":"Master of Strategy","floor":37.0},{"not_picked":["Crescendo","FlurryOfBlows+1"],"picked":"Wireheading+1","floor":38.0},{"not_picked":["FollowUp+1","SashWhip","Evaluate+1"],"picked":"SKIP","floor":40.0},{"not_picked":["Alpha","Prostrate","LessonLearned"],"picked":"SKIP","floor":45.0},{"not_picked":["FlyingSleeves","Crescendo","Swivel"],"picked":"SKIP","floor":47.0},{"not_picked":["ThirdEye","Protect"],"picked":"Perseverance","floor":48.0},{"not_picked":["Consecrate","FlyingSleeves"],"picked":"Establishment+1","floor":55}],"player_experience":21401314,"relics_obtained":[{"floor":6.0,"key":"StrikeDummy"},{"floor":8.0,"key":"Matryoshka"},{"floor":9.0,"key":"Centennial Puzzle"},{"floor":9.0,"key":"TeardropLocket"},{"floor":11.0,"key":"Blood Vial"},{"floor":13.0,"key":"Odd Mushroom"},{"floor":24.0,"key":"Happy Flower"},{"floor":24.0,"key":"Potion Belt"},{"floor":26.0,"key":"Juzu Bracelet"},{"floor":26.0,"key":"Akabeko"},{"floor":28.0,"key":"Smiling Mask"},{"floor":28.0,"key":"Mummified Hand"},{"floor":40.0,"key":"MawBank"},{"floor":40.0,"key":"Ancient Tea Set"},{"floor":43.0,"key":"Meat on the Bone"},{"floor":45.0,"key":"Frozen Egg 2"},{"floor":45.0,"key":"Dream Catcher"},{"floor":47.0,"key":"Art of War"},{"floor":47.0,"key":"Old Coin"},{"floor":55,"key":"Lantern"},{"floor":55,"key":"Letter Opener"}],"event_choices":[{"damage_healed":0.0,"max_hp_gain":5.0,"max_hp_loss":0.0,"gold_gain":0.0,"event_name":"Big Fish","player_choice":"Donut","floor":2.0,"gold_loss":0.0,"damage_taken":0.0},{"damage_healed":18.0,"max_hp_gain":0.0,"max_hp_loss":0.0,"gold_gain":0.0,"event_name":"The Cleric","player_choice":"Healed","floor":4.0,"gold_loss":35.0,"damage_taken":0.0},{"damage_healed":0.0,"max_hp_gain":0.0,"max_hp_loss":7.0,"gold_gain":0.0,"event_name":"Golden Idol","player_choice":"Lose Max HP","floor":12.0,"gold_loss":0.0,"damage_taken":0.0,"relics_obtained":["Golden Idol"]},{"damage_healed":0.0,"max_hp_gain":0.0,"max_hp_loss":0.0,"gold_gain":0.0,"event_name":"Mushrooms","player_choice":"Fought Mushrooms","floor":13.0,"gold_loss":0.0,"damage_taken":0.0},{"damage_healed":0.0,"max_hp_gain":0.0,"max_hp_loss":0.0,"gold_gain":0.0,"event_name":"Addict","player_choice":"Obtained Relic","floor":20.0,"gold_loss":85.0,"damage_taken":0.0,"relics_obtained":["Dead Branch"]},{"cards_removed":["LessonLearned"],"damage_healed":61.0,"max_hp_gain":10.0,"max_hp_loss":0.0,"gold_gain":0.0,"event_name":"Bonfire Elementals","player_choice":"Offered Rare","floor":30.0,"gold_loss":0.0,"damage_taken":0.0},{"damage_healed":0.0,"max_hp_gain":0.0,"max_hp_loss":0.0,"gold_gain":0.0,"event_name":"SensoryStone","player_choice":"Memory 3","floor":37.0,"gold_loss":0.0,"damage_taken":10.0},{"damage_healed":0.0,"max_hp_gain":0.0,"max_hp_loss":0.0,"gold_gain":0.0,"event_name":"Tomb of Lord Red Mask","player_choice":"Paid","floor":42.0,"gold_loss":77.0,"damage_taken":0.0,"relics_obtained":["Red Mask"]},{"cards_removed":["Strike_P"],"damage_healed":0.0,"max_hp_gain":0.0,"max_hp_loss":0.0,"gold_gain":0.0,"event_name":"Purifier","player_choice":"Purged","floor":44.0,"gold_loss":0.0,"damage_taken":0.0},{"damage_healed":0.0,"max_hp_gain":0.0,"max_hp_loss":4.0,"gold_gain":0.0,"event_name":"Winding Halls","player_choice":"Max HP","floor":46.0,"gold_loss":0.0,"damage_taken":0.0}],"is_beta":false,"boss_relics":[{"not_picked":["Calling Bell","Astrolabe"],"picked":"Black Star"},{"not_picked":["SacredBark","Runic Dome"],"picked":"Empty Cage"}],"items_purged_floors":[27,39,54],"is_endless":false,"potions_floor_spawned":[1,5,11,14,21,22,28,29,31,36,40,48],"killed_by":"The Heart","ascension_level":20}}