{"host":"cfluht5kr2kfk9p9","time":1611122355,"event":{"mods":["BaseMod","Downfall","Minty Spire (QoL Compilation)","Quick Restart","Rare Cards Sparkle","Relic Stats","StSLib"],"gold_per_floor":[99,116,116,128,38,52,52,52,67,52,152,152,152,169,185,185,185,185],"floor_reached":16,"language":"ZHS","playtime":1167,"items_purged":["downfall:Haunted"],"score":92,"play_id":"07f7428f-f502-49e9-9831-6be35b2f14cf","local_time":"20210120135915","is_ascension_mode":false,"campfire_choices":[{"data":"champ:Taunt","floor":1,"key":"SMITH"},{"data":"champ:StanceDance","floor":8,"key":"SMITH"},{"floor":13,"key":"RECALL"}],"circlet_count":0,"master_deck":["champ:Strike","champ:Defend","champ:Defend","champ:Execute","champ:Taunt+1","champ:StanceDance+1","champ:BerserkerStyle","champ:DefensiveStyle","champ:SteelEdge+1","champ:VampiricStrike","champ:IronFortress","champ:FanOfKnives","champ:GladiatorForm","champ:StanceDance+1"],"relics":["champ:ChampionCrown","Matryoshka"],"acts_visited":["Exordium"],"potions_floor_usage":[9],"damage_taken":[{"damage":14,"enemies":"Jaw Worm","floor":2,"turns":4},{"damage":21,"enemies":"Cultist","floor":4,"turns":3},{"damage":17,"enemies":"downfall:FleeingMerchant","floor":5,"turns":4},{"damage":0,"enemies":"2 Louse","floor":6,"turns":1},{"damage":23,"enemies":"Gremlin Gang","floor":9,"turns":4},{"damage":17,"enemies":"downfall:FleeingMerchant","floor":10,"turns":4},{"damage":63,"enemies":"downfall:Heads","floor":11,"turns":7},{"damage":10,"enemies":"Large Slime","floor":14,"turns":4},{"damage":10,"enemies":"2 Fungi Beasts","floor":15,"turns":2},{"damage":41,"enemies":"SI_SHIV_ARCHETYPE","floor":16,"turns":7}],"seed_played":"5783813988478883564","potions_obtained":[{"floor":6,"key":"AttackPotion"},{"floor":9,"key":"champ:CounterPotion"},{"floor":14,"key":"Slimebound:ThreeZeroPotion"}],"is_trial":false,"path_per_floor":["R","M","?","M","$","M","T","R","M","$","?","?","R","M","M","B"],"character_chosen":"THE_CHAMP","items_purchased":[],"campfire_rested":0,"item_purchase_floors":[],"current_hp_per_floor":[99,95,95,91,91,91,91,91,78,78,40,40,40,40,40,0,0,0],"gold":185,"neow_bonus":"TEN_PERCENT_HP_BONUS","is_daily":false,"chose_seed":false,"campfire_upgraded":2,"win_rate":0.0,"timestamp":1611122355,"path_taken":["R","M","?","M","$","?","T","R","M","$","?","?","R","M","M","BOSS"],"items_purchased_type":[],"build_version":"2020-12-22","purchased_purges":1,"victory":false,"max_hp_per_floor":[99,99,99,99,99,99,99,99,99,99,99,99,99,99,99,99,99,99],"relic_stats":{"counters":[10,40],"obtain_stats":[{"Matryoshka":7,"champ:ChampionCrown":0},{"Matryoshka":4,"champ:ChampionCrown":0},{"Matryoshka":12,"champ:ChampionCrown":0}]},"card_choices":[{"not_picked":["champ:PerfectedStrike","champ:Circumvent"],"picked":"champ:StanceDance","floor":2},{"not_picked":["champ:DefensiveShout","champ:PerfectedStrike","champ:ViciousMockery"],"picked":"SKIP","floor":4},{"not_picked":["champ:ArenaPreparation","champ:BladeFlurry"],"picked":"champ:VampiricStrike","floor":5},{"not_picked":["champ:Shatter","champ:PreemptiveStrike"],"picked":"champ:IronFortress","floor":6},{"not_picked":["champ:IronFortress","champ:GutPunch","champ:Shatter"],"picked":"SKIP","floor":9},{"not_picked":["champ:FalseCounter","champ:FanOfKnives","champ:Devastate"],"picked":"SKIP","floor":10},{"not_picked":["champ:IronFortress","champ:FocusedDefense"],"picked":"champ:GladiatorForm","floor":11},{"not_picked":["champ:EnGarde","champ:HeartStrike","champ:FanOfKnives"],"picked":"SKIP","floor":14},{"not_picked":["champ:RecklessLeap","champ:FanOfKnives","champ:Shatter"],"picked":"SKIP","floor":15}],"player_experience":50992,"relics_obtained":[{"floor":7,"key":"Matryoshka"}],"event_choices":[],"is_beta":false,"boss_relics":[],"items_purged_floors":[5],"is_endless":false,"potions_floor_spawned":[6,9,14],"killed_by":"SI_SHIV_ARCHETYPE","ascension_level":0}}