{"host":"1a3cjta80tad0aqj","time":1611140036,"event":{"mods":["2.2 Compatiblity","AchievementEnabler","BaseMod","Colored Map","DeckTracker","KOR Keyword Fix","Keyboard Shortcuts","Minty Spire (QoL Compilation)","Permanent Neow","Quick Restart","Random Character Button","StSLib","SuperFastMode","everything is the same but u backflip on backflip"],"gold_per_floor":[19,19,19,42,42,42,7,7,30,30,49,79,120,63,63,156,219,239,262,262,281,15,44,44,60,87,97,97,97],"floor_reached":28,"language":"KOR","playtime":1086,"items_purged":["Injury"],"score":472,"play_id":"c3b9c787-3298-4713-ab3a-94da3df0d8fa","local_time":"20210120195356","is_ascension_mode":true,"campfire_choices":[{"data":"Eruption","floor":6.0,"key":"SMITH"},{"data":"BowlingBash","floor":10.0,"key":"SMITH"},{"data":"Vigilance","floor":15.0,"key":"SMITH"},{"floor":24.0,"key":"REST"}],"circlet_count":0,"master_deck":["AscendersBane","Strike_P+1","Strike_P","Defend_P","Defend_P","Defend_P","Eruption+1","Vigilance+1","CrushJoints+1","Evaluate","BowlingBash+1","Halt","FlurryOfBlows","CutThroughFate+1","Scrawl","MentalFortress","MentalFortress+1","InnerPeace","Wallop+1","EmptyMind","Ragnarok"],"relics":["PureWater","Bloody Idol","Whetstone","TeardropLocket","Pen Nib","Tiny House","Gambling Chip","PreservedInsect"],"acts_visited":["Exordium","TheCity"],"potions_floor_usage":[],"damage_taken":[{"damage":5.0,"enemies":"2 Louse","floor":1.0,"turns":2.0},{"damage":3.0,"enemies":"Small Slimes","floor":4.0,"turns":4.0},{"damage":4.0,"enemies":"Jaw Worm","floor":11.0,"turns":2.0},{"damage":18.0,"enemies":"Lagavulin","floor":13.0,"turns":5.0},{"damage":32.0,"enemies":"The Guardian","floor":16.0,"turns":6.0},{"damage":15.0,"enemies":"3 Byrds","floor":18.0,"turns":5.0},{"damage":0.0,"enemies":"Spheric Guardian","floor":19.0,"turns":1.0},{"damage":8.0,"enemies":"Cultist and Chosen","floor":21.0,"turns":7.0},{"damage":32.0,"enemies":"Slavers","floor":23.0,"turns":4.0},{"damage":18.0,"enemies":"3 Cultists","floor":25.0,"turns":5.0},{"damage":0,"enemies":"Sentry and Sphere","floor":27,"turns":2},{"damage":29,"enemies":"Cultist and Chosen","floor":28,"turns":6}],"seed_played":"-3206605213993008411","potions_obtained":[{"floor":1.0,"key":"Dexterity Potion"},{"floor":11.0,"key":"CultistPotion"},{"floor":13.0,"key":"FearPotion"},{"floor":17.0,"key":"LiquidMemories"},{"floor":23.0,"key":"BlessingOfTheForge"}],"is_trial":false,"path_per_floor":["M","?","?","M","$","R","?","$","T","R","M","?","E","$","R","B",null,"M","M","?","M","$","E","R","M","T","M","M"],"character_chosen":"WATCHER","items_purchased":["CutThroughFate","InnerPeace","EntropicBrew"],"campfire_rested":1,"item_purchase_floors":[14,22,22],"current_hp_per_floor":[56,56,49,46,46,46,63,63,63,63,59,59,41,41,41,9,58,43,43,43,40,40,13,34,21,26,31,2,2],"gold":97,"neow_bonus":"TRANSFORM_TWO_CARDS","is_daily":false,"chose_seed":false,"campfire_upgraded":3,"win_rate":0.0,"timestamp":1611140036,"path_taken":["M","?","?","M","$","R","?","?","T","R","?","?","E","$","R","BOSS","M","M","?","M","$","E","R","M","T","M","M"],"items_purchased_type":["Card","Card","Potion"],"build_version":"2020-12-22","purchased_purges":1,"victory":false,"max_hp_per_floor":[68,68,68,68,68,68,68,68,68,68,68,68,68,68,68,68,73,73,73,73,73,73,73,73,73,73,73,73,73],"card_choices":[{"not_picked":["Prostrate","FollowUp"],"picked":"BowlingBash","floor":1.0},{"not_picked":["Conclude","FollowUp"],"picked":"Halt","floor":4.0},{"not_picked":["Swivel","Evaluate"],"picked":"FlurryOfBlows","floor":11.0},{"not_picked":["EmptyBody","BowlingBash","EmptyFist"],"picked":"SKIP","floor":13.0},{"not_picked":["Wish","LessonLearned"],"picked":"Scrawl","floor":16.0},{"not_picked":["ForeignInfluence","Evaluate"],"picked":"MentalFortress","floor":17.0},{"not_picked":["LikeWater","Fasting2"],"picked":"MentalFortress+1","floor":18.0},{"not_picked":["EmptyFist","Crescendo+1","JustLucky"],"picked":"SKIP","floor":19.0},{"not_picked":["JustLucky+1","WindmillStrike","FlyingSleeves"],"picked":"SKIP","floor":21.0},{"not_picked":["CrushJoints","FlyingSleeves"],"picked":"Wallop+1","floor":23.0},{"not_picked":["FlurryOfBlows","Fasting2"],"picked":"EmptyMind","floor":25.0},{"not_picked":["Consecrate","Pray"],"picked":"Ragnarok","floor":27}],"player_experience":809262,"relics_obtained":[{"floor":9.0,"key":"Whetstone"},{"floor":13.0,"key":"Pen Nib"},{"floor":23.0,"key":"Gambling Chip"},{"floor":26.0,"key":"PreservedInsect"}],"event_choices":[{"damage_healed":0.0,"max_hp_gain":0.0,"max_hp_loss":0.0,"gold_gain":0.0,"event_name":"Golden Idol","player_choice":"Take Wound","floor":2.0,"gold_loss":0.0,"damage_taken":0.0,"relics_obtained":["Golden Idol"],"cards_obtained":["Injury"]},{"cards_removed":["Strike_P"],"damage_healed":0.0,"max_hp_gain":0.0,"max_hp_loss":0.0,"gold_gain":0.0,"event_name":"Golden Wing","player_choice":"Card Removal","floor":3.0,"gold_loss":0.0,"damage_taken":7.0},{"damage_healed":17.0,"max_hp_gain":0.0,"max_hp_loss":0.0,"gold_gain":0.0,"event_name":"The Cleric","player_choice":"Healed","floor":7.0,"gold_loss":35.0,"damage_taken":0.0},{"damage_healed":0.0,"max_hp_gain":0.0,"max_hp_loss":0.0,"gold_gain":30.0,"event_name":"Dead Adventurer","player_choice":"Searched \u00272\u0027 times","floor":12.0,"gold_loss":0.0,"damage_taken":0.0,"relics_obtained":["TeardropLocket"]},{"damage_healed":0.0,"max_hp_gain":0.0,"max_hp_loss":0.0,"gold_gain":0.0,"event_name":"Forgotten Altar","player_choice":"Gave Idol","floor":20.0,"relics_lost":["Golden Idol"],"gold_loss":0.0,"damage_taken":0.0,"relics_obtained":["Bloody Idol"]}],"is_beta":false,"boss_relics":[{"not_picked":["SacredBark","Busted Crown"],"picked":"Tiny House"}],"items_purged_floors":[22],"is_endless":false,"potions_floor_spawned":[1,11,13,23,27],"killed_by":"Cultist and Chosen","ascension_level":20}}