{"host":"i0avyit1s6jb1siw","time":1611174990,"event":{"mods":["BaseMod","DeckTracker","Dota2Spire","Downfall","Highlight Path","Minty Spire (QoL Compilation)","Quick Restart","StSLib","SuperFastMode"],"gold_per_floor":[99,111,122,272,291,301,301,301,320,320,320,320,338,370,53,71,71,71,71],"floor_reached":17,"language":"ENG","playtime":987,"items_purged":["downfall:Icky"],"score":109,"play_id":"7598620a-ae22-4c86-bd75-0b48db4c3d1c","local_time":"20210120213630","is_ascension_mode":false,"campfire_choices":[{"data":"Guardian:TwinSlam","floor":1.0,"key":"SMITH"},{"data":"Guardian:RollAttack","floor":12.0,"key":"SMITH"}],"circlet_count":0,"master_deck":["Guardian:Strike_Guardian","Guardian:Strike_Guardian","Guardian:Strike_Guardian","Guardian:Defend_Guardian","Guardian:Defend_Guardian","Guardian:Defend_Guardian","Guardian:Defend_Guardian","Guardian:CurlUp","Guardian:TwinSlam+1","Guardian:PiercingHide","Guardian:RollAttack+1","Guardian:StasisField","Guardian:PolyBeam","Guardian:DonusPower","Guardian:Planning","Guardian:ArmoredProtocol","Guardian:Clone","Guardian:Gem_Cyan"],"relics":["Guardian:ModeShifter","Dota2Spire:AghanimScepter","Dota2Spire:Desolator","Medical Kit"],"acts_visited":["Exordium"],"potions_floor_usage":[],"damage_taken":[{"damage":10.0,"enemies":"Small Slimes","floor":2.0,"turns":4.0},{"damage":2.0,"enemies":"2 Louse","floor":3.0,"turns":3.0},{"damage":1.0,"enemies":"Cultist","floor":5.0,"turns":5.0},{"damage":6.0,"enemies":"Lots of Slimes","floor":6.0,"turns":6.0},{"damage":0.0,"enemies":"Large Slime","floor":9.0,"turns":10.0},{"damage":2.0,"enemies":"Red Slaver","floor":13.0,"turns":4.0},{"damage":8.0,"enemies":"3 Sentries","floor":14.0,"turns":7.0},{"damage":3,"enemies":"downfall:FleeingMerchant","floor":15,"turns":4},{"damage":14,"enemies":"Gremlin Gang","floor":16,"turns":4},{"damage":40,"enemies":"DF_ARCHETYPE_STREAMLINE","floor":17,"turns":14}],"seed_played":"-6774408384544688806","potions_obtained":[{"floor":5.0,"key":"SteroidPotion"},{"floor":9.0,"key":"ColorlessPotion"},{"floor":13.0,"key":"SkillPotion"}],"is_trial":false,"path_per_floor":["R","M","M","?","M","M","T","T","M","?","?","R","M","E","$","M","B"],"character_chosen":"GUARDIAN","items_purchased":["Guardian:Clone","Medical Kit"],"campfire_rested":0,"item_purchase_floors":[15,15],"current_hp_per_floor":[88,78,76,76,75,69,69,69,69,69,61,61,59,51,48,34,0,0,0],"gold":71,"neow_bonus":"TEN_PERCENT_HP_BONUS","is_daily":false,"chose_seed":false,"campfire_upgraded":2,"win_rate":0.0,"timestamp":1611174990,"path_taken":["R","M","M","?","M","M","T","T","M","?","?","R","M","E","$","M","BOSS"],"items_purchased_type":["Card","Relic"],"build_version":"2020-12-22","purchased_purges":1,"victory":false,"max_hp_per_floor":[88,88,88,88,88,88,88,88,88,88,88,88,88,88,88,88,88,88,88],"card_choices":[{"not_picked":["Guardian:Suspension","Guardian:Harden"],"picked":"Guardian:PiercingHide","floor":2.0},{"not_picked":["Guardian:WalkerClaw","Guardian:Gem_Lightblue"],"picked":"Guardian:Gem_Purple","floor":3.0},{"not_picked":["Guardian:Suspension","Guardian:Incinerate"],"picked":"Guardian:RollAttack","floor":5.0},{"not_picked":["Guardian:FloatingOrbs","Guardian:RollAttack"],"picked":"Guardian:StasisField","floor":6.0},{"not_picked":["Guardian:PiercingHide","Guardian:Gem_Cyan"],"picked":"Guardian:PolyBeam","floor":9.0},{"not_picked":["Guardian:RollAttack","Guardian:TemporalShield"],"picked":"Guardian:DonusPower","floor":13.0},{"not_picked":["Guardian:Gem_Fragmented","Guardian:ShieldCharger"],"picked":"Guardian:Planning","floor":14.0},{"not_picked":["Guardian:PiercingHide","Guardian:RollAttack"],"picked":"Guardian:ArmoredProtocol","floor":15},{"not_picked":["Guardian:RollAttack","Guardian:FloatingOrbs"],"picked":"Guardian:Gem_Cyan","floor":16}],"player_experience":2311461,"relics_obtained":[{"floor":7.0,"key":"Dota2Spire:AghanimScepter"},{"floor":14.0,"key":"Dota2Spire:Desolator"}],"event_choices":[{"damage_healed":0.0,"max_hp_gain":0.0,"max_hp_loss":0.0,"gold_gain":0.0,"event_name":"Wheel of Change","player_choice":"Damaged","floor":11.0,"gold_loss":0.0,"damage_taken":8.0}],"is_beta":false,"boss_relics":[],"items_purged_floors":[15],"is_endless":false,"potions_floor_spawned":[5,9,13],"killed_by":"DF_ARCHETYPE_STREAMLINE","ascension_level":0}}