{"host":"mg3e76uznu9x14du","time":1611124730,"event":{"mods":["BaseMod","Colored Map","Downfall","Minty Spire (QoL Compilation)","Permanent Neow","Relic Stats","StSLib","everything is the same but u backflip on backflip"],"gold_per_floor":[99,112,212,268,268,281,334,334,334,352,352,370,370,9,25,25,25,25],"floor_reached":16,"language":"ENG","playtime":775,"items_purged":["bronze:Strike"],"score":90,"play_id":"51be0a7c-f229-40df-b7eb-5c1362a0176a","local_time":"20210120013850","is_ascension_mode":false,"campfire_choices":[{"data":"bronze:Replicate","floor":1,"key":"SMITH"},{"data":"bronze:Iterate","floor":8,"key":"SMITH"},{"floor":13,"key":"REST"}],"circlet_count":0,"master_deck":["bronze:Strike+1","bronze:Strike","bronze:Strike+1","bronze:Defend+1","bronze:Defend+1","bronze:Defend+1","bronze:Defend","bronze:Replicate+1","bronze:Goto+1","bronze:DelayedGuard","bronze:FineTuning+1","bronze:Iterate+1","bronze:DigitalCarnage","bronze:CloningBeam","bronze:Branch","bronze:Optimize","bronze:Overload+1"],"relics":["bronze:BronzeCore","War Paint","Matryoshka","Smiling Mask","Whetstone","downfall:BrokenWingStatue","Toxic Egg 2"],"acts_visited":["Exordium"],"potions_floor_usage":[16,16],"damage_taken":[{"damage":0,"enemies":"Small Slimes","floor":2,"turns":3},{"damage":33,"enemies":"Lagavulin Event","floor":4,"turns":10},{"damage":0,"enemies":"2 Louse","floor":6,"turns":3},{"damage":0,"enemies":"Jaw Worm","floor":10,"turns":3},{"damage":7,"enemies":"Exordium Wildlife","floor":12,"turns":3},{"damage":5,"enemies":"downfall:FleeingMerchant","floor":14,"turns":4},{"damage":0,"enemies":"3 Louse","floor":15,"turns":2},{"damage":89,"enemies":"DF_ARCHETYPE_STREAMLINE","floor":16,"turns":14}],"seed_played":"-8400002004089577197","potions_obtained":[{"floor":10,"key":"bronze:BurnAndBuffPotion"},{"floor":15,"key":"Fire Potion"}],"is_trial":false,"path_per_floor":["R","M","?","?","?","M","T","R","?","M","?","M","R","$","M","B"],"character_chosen":"THE_AUTOMATON","items_purchased":["Toxic Egg 2","bronze:Optimize"],"campfire_rested":1,"item_purchase_floors":[14,14],"current_hp_per_floor":[70,70,70,37,37,37,37,37,37,37,37,30,51,46,46,0,0,0],"gold":25,"neow_bonus":"RANDOM_COMMON_RELIC","is_daily":false,"chose_seed":false,"campfire_upgraded":2,"win_rate":0.0,"timestamp":1611124730,"path_taken":["R","M","?","?","?","?","T","R","?","M","?","?","R","?","M","BOSS"],"items_purchased_type":["Relic","Card"],"build_version":"2020-12-22","purchased_purges":1,"victory":false,"max_hp_per_floor":[70,70,70,70,70,70,70,70,70,70,70,70,70,70,70,70,70,70],"relic_stats":{"counters":[8,42],"Whetstone":["bronze:Strike","bronze:Strike"],"War Paint":["bronze:Defend","bronze:Defend"],"Smiling Mask":25,"obtain_stats":[{"bronze:BronzeCore":0,"Matryoshka":4,"downfall:BrokenWingStatue":9,"Whetstone":7,"War Paint":0,"Toxic Egg 2":14,"Smiling Mask":7},{"bronze:BronzeCore":0,"Matryoshka":2,"downfall:BrokenWingStatue":3,"Whetstone":3,"War Paint":0,"Toxic Egg 2":6,"Smiling Mask":3},{"bronze:BronzeCore":0,"Matryoshka":13,"downfall:BrokenWingStatue":16,"Whetstone":16,"War Paint":0,"Toxic Egg 2":26,"Smiling Mask":16}]},"card_choices":[{"not_picked":["bronze:Overheat","bronze:Turbo"],"picked":"bronze:DelayedGuard","floor":2},{"not_picked":["bronze:Deprecate","bronze:Overheat"],"picked":"bronze:FineTuning","floor":4},{"not_picked":["bronze:BuggyMess","bronze:Safeguard"],"picked":"bronze:Iterate","floor":6},{"not_picked":["bronze:Return","bronze:Overheat"],"picked":"bronze:DigitalCarnage","floor":10},{"not_picked":["bronze:Deprecate","bronze:Invalidate"],"picked":"bronze:CloningBeam","floor":12},{"not_picked":["bronze:BuggyMess","bronze:Flail"],"picked":"bronze:Branch","floor":14},{"not_picked":["bronze:BugBarrage","bronze:BitShift+1"],"picked":"bronze:Overload+1","floor":15}],"player_experience":454196,"relics_obtained":[{"floor":4,"key":"Matryoshka"},{"floor":7,"key":"Smiling Mask"},{"floor":7,"key":"Whetstone"}],"event_choices":[],"is_beta":false,"boss_relics":[],"items_purged_floors":[14],"is_endless":false,"potions_floor_spawned":[10,15],"killed_by":"DF_ARCHETYPE_STREAMLINE","ascension_level":0}}