{"host":"19r1ww88x2tc73i0","time":1611123757,"event":{"mods":["BaseMod","BetterRewards","Colored Map","Minty Spire (QoL Compilation)","Relic Stats","StSLib","SuperFastMode","slay the spire mod where everything is the same but ironclad has a cowboy hat"],"gold_per_floor":[116,127,142,67,67,67,98,98,98,98,125,142,142,159,159,234,234,244,244,87,12,22,22,55,55,55,84,99,117,117,131,131,208,208,224,238,238,255,268,293,293,293],"floor_reached":41,"language":"ENG","playtime":1859,"items_purged":["Strike_B"],"score":946,"play_id":"bc08fc38-648a-4c45-bae9-e0cc354a6c5a","local_time":"25640120132237","is_ascension_mode":true,"campfire_choices":[{"data":"Streamline","floor":6.0,"key":"SMITH"},{"data":"Tempest","floor":8.0,"key":"SMITH"},{"data":"Beam Cell","floor":15.0,"key":"SMITH"},{"data":"Biased Cognition","floor":23,"key":"SMITH"},{"data":"Consume","floor":25,"key":"SMITH"},{"floor":30,"key":"REST"},{"data":"Coolheaded","floor":32,"key":"SMITH"}],"circlet_count":0,"master_deck":["AscendersBane","Defend_B","Defend_B","Defend_B","Zap+1","Dualcast","Cold Snap","Conserve Battery","Streamline+1","Tempest+1","Beam Cell+1","Static Discharge","Biased Cognition+1","Chill","Undo","Machine Learning","Electrodynamics","Conserve Battery","Consume+1","Conserve Battery","Coolheaded+1","Core Surge","Lockon","Compile Driver+1","Ball Lightning","Go for the Eyes"],"relics":["FrozenCore","Emotion Chip","Lee\u0027s Waffle","Calipers","Dead Branch","Mercury Hourglass","Omamori","Inserter","Vajra","Symbiotic Virus","Turnip","Question Card"],"acts_visited":["Exordium","TheCity","TheBeyond"],"potions_floor_usage":[22,27,29,38,39,41],"damage_taken":[{"damage":0.0,"enemies":"Small Slimes","floor":1.0,"turns":2.0},{"damage":15.0,"enemies":"Jaw Worm","floor":2.0,"turns":4.0},{"damage":6.0,"enemies":"2 Louse","floor":3.0,"turns":3.0},{"damage":12.0,"enemies":"3 Sentries","floor":7.0,"turns":7.0},{"damage":11.0,"enemies":"Gremlin Nob","floor":11.0,"turns":3.0},{"damage":9.0,"enemies":"2 Fungi Beasts","floor":12.0,"turns":2.0},{"damage":1.0,"enemies":"Exordium Wildlife","floor":14.0,"turns":3.0},{"damage":11.0,"enemies":"The Guardian","floor":16.0,"turns":8.0},{"damage":11.0,"enemies":"Spheric Guardian","floor":18.0,"turns":3.0},{"damage":0,"enemies":"Chosen","floor":22,"turns":4},{"damage":2,"enemies":"Gremlin Leader","floor":24,"turns":4},{"damage":27,"enemies":"Book of Stabbing","floor":27,"turns":4},{"damage":0,"enemies":"Snecko","floor":28,"turns":3},{"damage":0,"enemies":"Sentry and Sphere","floor":29,"turns":4},{"damage":6,"enemies":"Shelled Parasite and Fungi","floor":31,"turns":4},{"damage":4,"enemies":"Champ","floor":33,"turns":14},{"damage":0,"enemies":"3 Darklings","floor":35,"turns":5},{"damage":2,"enemies":"Orb Walker","floor":36,"turns":2},{"damage":10,"enemies":"Maw","floor":38,"turns":8},{"damage":14,"enemies":"Writhing Mass","floor":39,"turns":5},{"damage":47,"enemies":"Reptomancer","floor":40,"turns":6},{"damage":8,"enemies":"Spire Growth","floor":41,"turns":3}],"seed_played":"-2816047410935192124","potions_obtained":[{"floor":1.0,"key":"Block Potion"},{"floor":3.0,"key":"BlessingOfTheForge"},{"floor":14.0,"key":"Energy Potion"},{"floor":16.0,"key":"PowerPotion"},{"floor":22,"key":"Fire Potion"},{"floor":27,"key":"Strength Potion"},{"floor":28,"key":"Swift Potion"},{"floor":36,"key":"LiquidMemories"},{"floor":39,"key":"SteroidPotion"},{"floor":40,"key":"Swift Potion"}],"is_trial":false,"path_per_floor":["M","M","M","$","?","R","E","R","T","?","E","M","?","M","R","B",null,"M","?","$","?","M","R","E","R","T","E","M","M","R","M","R","B",null,"M","M","?","M","M","E","M"],"character_chosen":"DEFECT","items_purchased":["Emotion Chip","Lee\u0027s Waffle","Electrodynamics"],"campfire_rested":1,"item_purchase_floors":[0,0,20],"current_hp_per_floor":[78,63,57,57,50,50,38,38,38,38,27,18,18,17,17,6,60,49,49,49,49,49,49,47,47,47,20,20,20,43,37,37,33,67,67,65,78,68,54,7,0,0],"gold":293,"neow_bonus":"","is_daily":false,"chose_seed":false,"campfire_upgraded":6,"win_rate":0.0,"timestamp":1611123757,"path_taken":["M","M","M","$","?","R","E","R","T","?","E","M","?","M","R","BOSS","M","?","$","?","M","R","E","R","T","E","M","M","R","M","R","BOSS","M","M","?","M","M","E","M"],"items_purchased_type":["Relic","Relic","Card"],"build_version":"2020-12-22","purchased_purges":1,"victory":false,"max_hp_per_floor":[78,78,78,78,78,78,78,78,78,78,78,78,78,78,78,78,78,78,78,78,78,78,78,78,78,78,78,78,78,78,78,78,78,78,78,78,78,78,78,78,78,78],"relic_stats":{"Emotion Chip":[77,51,24,2,0],"Lee\u0027s Waffle":46,"Inserter":[34],"counters":[37,186],"Dead Branch":[52],"Turnip":[20],"Question Card":0,"obtain_stats":[{"Lee\u0027s Waffle":0,"Inserter":17,"Pear":9,"Calipers":0,"Singing Bowl":0,"Dead Branch":0,"Vajra":24,"Omamori":11,"Odd Mushroom":14,"PrismaticShard":21,"Question Card":40,"Mercury Hourglass":9,"FrozenCore":34,"Anchor":0,"Emotion Chip":0,"HornCleat":9,"Shuriken":0,"Turnip":27,"Cracked Core":0,"Symbiotic Virus":26,"Pocketwatch":0},{"Lee\u0027s Waffle":15,"Inserter":7,"Pear":14,"Calipers":15,"Singing Bowl":0,"Dead Branch":10,"Vajra":26,"Omamori":20,"Odd Mushroom":6,"PrismaticShard":9,"Question Card":36,"Mercury Hourglass":19,"FrozenCore":31,"Anchor":10,"Emotion Chip":15,"HornCleat":4,"Shuriken":0,"Turnip":27,"Cracked Core":0,"Symbiotic Virus":26,"Pocketwatch":10},{"Lee\u0027s Waffle":85,"Inserter":43,"Pear":82,"Calipers":85,"Singing Bowl":0,"Dead Branch":70,"Vajra":128,"Omamori":104,"Odd Mushroom":29,"PrismaticShard":62,"Question Card":183,"Mercury Hourglass":101,"FrozenCore":157,"Anchor":70,"Emotion Chip":85,"HornCleat":18,"Shuriken":0,"Turnip":132,"Cracked Core":0,"Symbiotic Virus":128,"Pocketwatch":70}],"FrozenCore":[8],"Mercury Hourglass":[266]},"card_choices":[{"not_picked":["Darkness","FTL"],"picked":"Cold Snap","floor":1.0},{"not_picked":["Beam Cell","Consume"],"picked":"Conserve Battery","floor":2.0},{"not_picked":["Steam","FTL"],"picked":"Streamline","floor":3.0},{"not_picked":["Recycle","Seek"],"picked":"Tempest","floor":7.0},{"not_picked":["Hyperbeam","Reprogram"],"picked":"Beam Cell","floor":11.0},{"not_picked":["Fusion","Redo","Steam"],"picked":"SKIP","floor":12.0},{"not_picked":["Steam Power","Force Field"],"picked":"Static Discharge","floor":14.0},{"not_picked":["Amplify","Multi-Cast"],"picked":"Biased Cognition","floor":16.0},{"not_picked":["Rebound","Steam"],"picked":"Chill","floor":18.0},{"not_picked":["Sweeping Beam","Stack"],"picked":"Conserve Battery","floor":22},{"not_picked":["Reinforced Body","Beam Cell"],"picked":"Consume","floor":24},{"not_picked":["Undo","Beam Cell","Chaos"],"picked":"SKIP","floor":27},{"not_picked":["Doom and Gloom","Sweeping Beam+1"],"picked":"Conserve Battery","floor":28},{"not_picked":["Hello World","Sweeping Beam","Barrage"],"picked":"SKIP","floor":29},{"not_picked":["Storm","Barrage"],"picked":"Coolheaded","floor":31},{"not_picked":["Multi-Cast","Rainbow"],"picked":"Core Surge","floor":33},{"not_picked":["FTL","Blizzard"],"picked":"Lockon","floor":35},{"not_picked":["Chill","Coolheaded"],"picked":"Compile Driver+1","floor":36},{"not_picked":["Hello World","Barrage"],"picked":"Ball Lightning","floor":38},{"not_picked":["Genetic Algorithm","Fission"],"picked":"Go for the Eyes","floor":39},{"not_picked":["Auto Shields+1","Leap","Heatsinks"],"picked":"SKIP","floor":40}],"player_experience":917978,"relics_obtained":[{"floor":7.0,"key":"Dead Branch"},{"floor":9.0,"key":"Mercury Hourglass"},{"floor":11.0,"key":"Omamori"},{"floor":24,"key":"Vajra"},{"floor":26,"key":"Symbiotic Virus"},{"floor":27,"key":"Turnip"},{"floor":40,"key":"Question Card"}],"event_choices":[{"cards_removed":["Strike_B"],"damage_healed":0.0,"max_hp_gain":0.0,"max_hp_loss":0.0,"gold_gain":0.0,"event_name":"Golden Wing","player_choice":"Card Removal","floor":5.0,"gold_loss":0.0,"damage_taken":7.0},{"damage_healed":0.0,"max_hp_gain":0.0,"max_hp_loss":0.0,"gold_gain":0.0,"event_name":"Living Wall","player_choice":"Grow","floor":10.0,"gold_loss":0.0,"damage_taken":0.0,"cards_upgraded":["Zap"]},{"damage_healed":0.0,"max_hp_gain":0.0,"max_hp_loss":0.0,"gold_gain":0.0,"event_name":"Shining Light","player_choice":"Ignored","floor":13.0,"gold_loss":0.0,"damage_taken":0.0},{"damage_healed":0.0,"max_hp_gain":0.0,"max_hp_loss":0.0,"gold_gain":0.0,"cards_transformed":["Strike_B","Strike_B"],"event_name":"Drug Dealer","player_choice":"Became Test Subject","floor":19.0,"gold_loss":0.0,"damage_taken":0.0,"cards_obtained":["Undo","Machine Learning"]},{"cards_removed":["Defend_B"],"damage_healed":0.0,"max_hp_gain":0.0,"max_hp_loss":0.0,"gold_gain":0.0,"event_name":"Beggar","player_choice":"Gave Gold","floor":21.0,"gold_loss":75.0,"damage_taken":0.0},{"damage_healed":16,"gold_gain":0,"player_choice":"Writhe","damage_taken":0,"max_hp_gain":0,"max_hp_loss":0,"event_name":"Winding Halls","floor":37,"gold_loss":0,"cards_obtained":["Writhe"]}],"is_beta":false,"boss_relics":[{"not_picked":["Busted Crown","Nuclear Battery"],"picked":"Inserter"},{"not_picked":["SacredBark","Pandora\u0027s Box"],"picked":"FrozenCore"}],"items_purged_floors":[4],"is_endless":false,"potions_floor_spawned":[1,3,14,16,22,27,28,36,39,40],"killed_by":"Spire Growth","ascension_level":20}}