{"host":"0fmi5fguj5lvt8pf","time":1611131010,"event":{"mods":["BaseMod","Colored Map","Curses Come First","Downfall","Minty Spire (QoL Compilation)","Permanent Neow","StSLib"],"gold_per_floor":[349,369,385,395,395,395,395,406,424,874,874,874,884,895,895,990,990,990,1004,1017,1028,1028,1028,1028],"floor_reached":22,"language":"ENG","playtime":1064,"items_purged":[],"score":182,"play_id":"50ac7c3e-91e3-4cc3-90d5-f1e69e87e8ac","local_time":"20210120002330","is_ascension_mode":false,"campfire_choices":[{"data":"bronze:Goto","floor":1.0,"key":"SMITH"},{"data":"bronze:SpaghettiCode","floor":18.0,"key":"SMITH"}],"circlet_count":0,"master_deck":["bronze:Strike+1","bronze:Strike","bronze:Strike","bronze:Defend","bronze:Defend","bronze:Defend","bronze:Defend","bronze:Replicate+1","bronze:Goto+1","bronze:BugBarrage+1","bronze:Optimize","bronze:WhirlingStrike","bronze:MaxOutput","bronze:SpaghettiCode+1","downfall:Icky","downfall:Icky","downfall:Icky","bronze:Philosophize","bronze:BurnOut","bronze:HyperBeam","bronze:GetLatest+1","bronze:MaxOutput","bronze:Repair"],"relics":["bronze:BronzeCore","Pear","Question Card","bronze:MakeshiftBattery"],"acts_visited":["Exordium","TheCity"],"potions_floor_usage":[],"damage_taken":[{"damage":1.0,"enemies":"Cultist","floor":2.0,"turns":4.0},{"damage":6.0,"enemies":"Jaw Worm","floor":3.0,"turns":3.0},{"damage":2.0,"enemies":"2 Louse","floor":4.0,"turns":3.0},{"damage":3.0,"enemies":"Exordium Wildlife","floor":8.0,"turns":3.0},{"damage":5.0,"enemies":"Gremlin Gang","floor":9.0,"turns":3.0},{"damage":0.0,"enemies":"Blue Slaver","floor":13.0,"turns":1.0},{"damage":3.0,"enemies":"Red Slaver","floor":14.0,"turns":3.0},{"damage":0.0,"enemies":"2 Fungi Beasts","floor":15.0,"turns":1.0},{"damage":20.0,"enemies":"WA_ARCHETYPE_RETAIN","floor":16.0,"turns":5.0},{"damage":27.0,"enemies":"Spheric Guardian","floor":19.0,"turns":4.0},{"damage":25.0,"enemies":"Snake Plant","floor":20.0,"turns":5.0},{"damage":25.0,"enemies":"Cultist and Chosen","floor":21.0,"turns":5.0},{"damage":14,"enemies":"Cultist and Chosen","floor":22,"turns":2}],"seed_played":"-1594168314719799379","potions_obtained":[{"floor":2.0,"key":"EntropicBrew"},{"floor":8.0,"key":"bronze:CleanCodePotion"},{"floor":13.0,"key":"SmokeBomb"}],"is_trial":false,"path_per_floor":["R","M","M","M","?","T","T","M","M","?","?","?","M","M","M","B",null,"R","M","M","M","?"],"character_chosen":"THE_AUTOMATON","items_purchased":[],"campfire_rested":0,"item_purchase_floors":[],"current_hp_per_floor":[49,48,42,40,40,50,50,47,42,42,42,42,42,39,39,19,80,80,53,28,3,0,0,0],"gold":1028,"neow_bonus":"TWO_FIFTY_GOLD","is_daily":false,"chose_seed":false,"campfire_upgraded":2,"win_rate":0.0,"timestamp":1611131010,"path_taken":["R","M","M","M","?","?","T","M","?","?","?","?","?","M","M","BOSS","R","M","?","M","?"],"items_purchased_type":[],"build_version":"2020-12-22","purchased_purges":0,"victory":false,"max_hp_per_floor":[70,70,70,70,70,80,80,80,80,80,80,80,80,80,80,80,80,80,80,80,80,80,80,80],"card_choices":[{"not_picked":["bronze:FollowUp","bronze:Overheat"],"picked":"bronze:BugBarrage","floor":2.0},{"not_picked":["bronze:DelayedSlice","bronze:ItsAFeature"],"picked":"bronze:Optimize","floor":3.0},{"not_picked":["bronze:BitShift","bronze:CutThrough"],"picked":"bronze:WhirlingStrike","floor":4.0},{"not_picked":["bronze:NullPointer","bronze:DelayedGuard","bronze:Iterate"],"picked":"bronze:MaxOutput","floor":8.0},{"not_picked":["bronze:BuggyMess","bronze:BronzeArmor","bronze:WildBeam"],"picked":"bronze:SpaghettiCode","floor":9.0},{"not_picked":["bronze:Branch","bronze:Separator","bronze:CloningBeam"],"picked":"bronze:Philosophize","floor":13.0},{"not_picked":["bronze:Repair","bronze:Branch","bronze:WhirlingStrike"],"picked":"bronze:BurnOut","floor":14.0},{"not_picked":["bronze:ThunderWave","bronze:Library","bronze:Format"],"picked":"bronze:HyperBeam","floor":16.0},{"not_picked":["bronze:Deprecate+1","bronze:Shield","bronze:Iterate"],"picked":"bronze:GetLatest+1","floor":19.0},{"not_picked":["bronze:Overload+1","bronze:Frontload","bronze:Shield"],"picked":"bronze:MaxOutput","floor":20.0},{"not_picked":["bronze:DelayedSlice+1","bronze:WildBeam","bronze:Turbo+1"],"picked":"bronze:Repair","floor":21.0}],"player_experience":1378545,"relics_obtained":[{"floor":6.0,"key":"Pear"},{"floor":7.0,"key":"Question Card"}],"event_choices":[{"cards_removed":["downfall:Malfunctioning"],"damage_healed":0.0,"max_hp_gain":0.0,"max_hp_loss":0.0,"gold_gain":0.0,"event_name":"The Cleric","player_choice":"Card Removal","floor":12.0,"gold_loss":0.0,"damage_taken":0.0}],"is_beta":false,"boss_relics":[{"not_picked":["Fusion Hammer","bronze:ElectromagneticCoil"],"picked":"bronze:MakeshiftBattery"}],"items_purged_floors":[],"is_endless":false,"potions_floor_spawned":[2,8,13,15],"killed_by":"Cultist and Chosen","ascension_level":0}}