{"host":"0fmi5fguj5lvt8pf","time":1611132366,"event":{"mods":["BaseMod","Colored Map","Curses Come First","Downfall","Minty Spire (QoL Compilation)","Permanent Neow","StSLib"],"gold_per_floor":[99,117,567,149,149,149,175,175,175,175,175,201,301,331,343,343,343,343],"floor_reached":16,"language":"ENG","playtime":706,"items_purged":["downfall:Bewildered"],"score":104,"play_id":"aaed6728-4b63-4cde-bb83-671c2f9bbc56","local_time":"20210120004606","is_ascension_mode":false,"campfire_choices":[{"floor":1,"key":"RECALL"},{"data":"bronze:TinkerersToolbox","floor":8,"key":"SMITH"},{"data":"bronze:Goto","floor":10,"key":"SMITH"}],"circlet_count":0,"master_deck":["bronze:Strike","bronze:Strike","bronze:Strike","bronze:Defend+1","bronze:Defend","bronze:Defend+1","bronze:Defend+1","bronze:Replicate","bronze:Goto+1","bronze:HyperBeam","bronze:Shell","downfall:Icky","downfall:Icky","downfall:Icky","bronze:ChildClass","bronze:TinkerersToolbox+1","bronze:Boost","bronze:Shell","bronze:Fortify"],"relics":["bronze:BronzeCore","Sling","Anchor","Bottled Lightning","Orichalcum"],"acts_visited":["Exordium"],"potions_floor_usage":[12,16],"damage_taken":[{"damage":0,"enemies":"Small Slimes","floor":2,"turns":3},{"damage":0,"enemies":"downfall:FleeingMerchant","floor":4,"turns":4},{"damage":2,"enemies":"3 Sentries","floor":12,"turns":4},{"damage":16,"enemies":"Gremlin Nob","floor":14,"turns":5},{"damage":0,"enemies":"2 Louse","floor":15,"turns":3},{"damage":54,"enemies":"SI_SHIV_ARCHETYPE","floor":16,"turns":8}],"seed_played":"3411836259793619237","potions_obtained":[{"floor":2,"key":"PowerPotion"},{"floor":14,"key":"FearPotion"},{"floor":15,"key":"SpeedPotion"}],"is_trial":false,"path_per_floor":["R","M","?","$","?","?","T","R","?","R","T","E","?","E","M","B"],"character_chosen":"THE_AUTOMATON","items_purchased":["bronze:ChildClass","bronze:TinkerersToolbox","Sling"],"campfire_rested":0,"item_purchase_floors":[4,4,4],"current_hp_per_floor":[70,70,70,70,70,70,70,70,70,70,70,68,68,52,52,0,0,0],"gold":343,"neow_bonus":"THREE_RARE_CARDS","is_daily":false,"chose_seed":false,"campfire_upgraded":2,"win_rate":0.0,"timestamp":1611132366,"path_taken":["R","M","?","$","?","?","T","R","?","R","?","E","?","E","M","BOSS"],"items_purchased_type":["Card","Card","Relic"],"build_version":"2020-12-22","purchased_purges":1,"victory":false,"max_hp_per_floor":[70,70,70,70,70,70,70,70,70,70,70,70,70,70,70,70,70,70],"card_choices":[{"not_picked":["bronze:Mutator","bronze:Break"],"picked":"bronze:HyperBeam","floor":0},{"not_picked":["bronze:Turbo","bronze:CutThrough"],"picked":"bronze:Shell","floor":2},{"not_picked":["bronze:BitShift","bronze:WhirlingStrike","bronze:Frontload"],"picked":"SKIP","floor":4},{"not_picked":["bronze:Overheat","bronze:Invalidate"],"picked":"bronze:Boost","floor":12},{"not_picked":["bronze:DarkDash","bronze:BitShift"],"picked":"bronze:Shell","floor":14},{"not_picked":["bronze:Turbo","bronze:Safeguard"],"picked":"bronze:Fortify","floor":15}],"player_experience":1380154,"relics_obtained":[{"floor":7,"key":"Anchor"},{"floor":12,"key":"Bottled Lightning"},{"floor":14,"key":"Orichalcum"}],"event_choices":[{"cards_removed":["downfall:Malfunctioning"],"damage_healed":0,"gold_gain":0,"player_choice":"Card Removal","damage_taken":0,"max_hp_gain":0,"max_hp_loss":0,"event_name":"The Cleric","floor":6,"gold_loss":0}],"is_beta":false,"boss_relics":[],"items_purged_floors":[4],"is_endless":false,"potions_floor_spawned":[2,14,15],"killed_by":"SI_SHIV_ARCHETYPE","ascension_level":0}}