{"host":"lyzyr6cv4ove76ms","time":1611103708,"event":{"mods":["BaseMod","Colored Map","Infinite Spire","Minty Spire (QoL Compilation)","Replay The Spire","Robot Space Explorer","StSLib"],"gold_per_floor":[113,113,113,133,133,133,163,163,163,163,182,195,195,214,214,311,311,322,322,333,146,161,191,191,191,191],"floor_reached":25,"language":"ENG","playtime":1825,"items_purged":["RobotSpaceExplorer:FreezeRay"],"score":246,"play_id":"fe04bc7f-db5c-4da7-834a-a6ebb88d51e8","local_time":"20210120014828","is_ascension_mode":false,"campfire_choices":[{"data":"RobotSpaceExplorer:PlasmaMissile","floor":6,"key":"SMITH"},{"data":"RobotSpaceExplorer:MiniLasers","floor":8,"key":"SMITH"},{"floor":24,"key":"REST"}],"circlet_count":0,"master_deck":["RobotSpaceExplorer:Strike","RobotSpaceExplorer:Strike","RobotSpaceExplorer:Strike","RobotSpaceExplorer:Strike","RobotSpaceExplorer:Defend","RobotSpaceExplorer:Defend","RobotSpaceExplorer:Defend","RobotSpaceExplorer:Defend","RobotSpaceExplorer:Scan","RobotSpaceExplorer:MiniLasers+1","RobotSpaceExplorer:PlasmaMissile+1","RobotSpaceExplorer:Pulsar","RobotSpaceExplorer:DroneSwarm","RobotSpaceExplorer:IronShell","RobotSpaceExplorer:TrailblazerForm","RobotSpaceExplorer:TrailblazerForm","RobotSpaceExplorer:IronShell"],"relics":["RobotSpaceExplorer:RoboCore","NeowsBlessing","RobotSpaceExplorer:RingOfTheNewt","Tiny Chest","The Courier","Mango","infinitespire:Lychee Nut"],"acts_visited":["Exordium","TheCity"],"potions_floor_usage":[23,23,23],"damage_taken":[{"damage":0,"enemies":"Jaw Worm","floor":1,"turns":1},{"damage":0,"enemies":"Cultist","floor":4,"turns":1},{"damage":0,"enemies":"3 Sentries","floor":7,"turns":1},{"damage":0,"enemies":"Small Slimes","floor":11,"turns":2},{"damage":0,"enemies":"Gremlin Gang","floor":12,"turns":5},{"damage":2,"enemies":"Red Slaver","floor":14,"turns":3},{"damage":47,"enemies":"The Guardian","floor":16,"turns":17},{"damage":3,"enemies":"Chosen","floor":18,"turns":5},{"damage":9,"enemies":"3 Byrds","floor":20,"turns":5},{"damage":18,"enemies":"Shelled Parasite and Fungi","floor":22,"turns":9},{"damage":38,"enemies":"Book of Stabbing","floor":23,"turns":11},{"damage":5,"enemies":"Snake Plant","floor":25,"turns":2}],"seed_played":"5240444585288384184","potions_obtained":[{"floor":1,"key":"AttackPotion"},{"floor":3,"key":"Toxic Potion"},{"floor":3,"key":"ColorlessPotion"},{"floor":4,"key":"Fire Potion"},{"floor":14,"key":"RobotSpaceExplorer:PlasmaFlask"}],"is_trial":false,"path_per_floor":["M","$","?","M","$","R","E","R","T","?","M","M","$","M","R_BF","B",null,"M","T","M","$","M","E","R","M"],"character_chosen":"RobotSpaceExplorer","items_purchased":["RobotSpaceExplorer:TrailblazerForm"],"campfire_rested":1,"item_purchase_floors":[21],"current_hp_per_floor":[75,75,75,75,75,75,75,75,75,75,75,75,75,73,61,14,75,72,86,77,77,59,21,40,38,38],"gold":191,"neow_bonus":"THREE_ENEMY_KILL","is_daily":false,"chose_seed":false,"campfire_upgraded":2,"win_rate":0.0,"timestamp":1611103708,"path_taken":["M","$","?","M","?","R","E","R","T","?","?","M","?","M","R_BF","BOSS","M","?","M","$","?","E","R","M"],"items_purchased_type":["Card"],"build_version":"2020-12-22","purchased_purges":1,"victory":false,"max_hp_per_floor":[75,75,75,75,75,75,75,75,75,75,75,75,75,75,75,75,75,75,89,89,89,89,66,66,66,66],"card_choices":[{"not_picked":["RobotSpaceExplorer:GlueShot","RobotSpaceExplorer:TurboDodge"],"picked":"RobotSpaceExplorer:PlasmaMissile","floor":1},{"not_picked":["RobotSpaceExplorer:SurgingStrike","RobotSpaceExplorer:ImprovisedAttack","RobotSpaceExplorer:MetalStrike"],"picked":"SKIP","floor":4},{"not_picked":["RobotSpaceExplorer:ShovelStrike","RobotSpaceExplorer:SwiftStep","RobotSpaceExplorer:MiniDrones"],"picked":"SKIP","floor":7},{"not_picked":["RobotSpaceExplorer:HighVoltage","RobotSpaceExplorer:ToxicBomb","RobotSpaceExplorer:SurgingShield"],"picked":"SKIP","floor":11},{"not_picked":["RobotSpaceExplorer:ToxicBomb","RobotSpaceExplorer:Discharger"],"picked":"RobotSpaceExplorer:Pulsar","floor":12},{"not_picked":["RobotSpaceExplorer:SurgingStrike","RobotSpaceExplorer:ScrapToss"],"picked":"RobotSpaceExplorer:FreezeRay","floor":14},{"not_picked":["RobotSpaceExplorer:Multitool","RobotSpaceExplorer:Accelerator"],"picked":"RobotSpaceExplorer:DroneSwarm","floor":16},{"not_picked":["RobotSpaceExplorer:SurgingStrike+1","RobotSpaceExplorer:FranticSearch+1"],"picked":"RobotSpaceExplorer:IronShell","floor":18},{"not_picked":["RobotSpaceExplorer:Ammunition","RobotSpaceExplorer:FranticSearch+1","RobotSpaceExplorer:Counterblock"],"picked":"SKIP","floor":20},{"not_picked":["RobotSpaceExplorer:SurgingShield","RobotSpaceExplorer:ImprovisedAttack"],"picked":"RobotSpaceExplorer:TrailblazerForm","floor":22},{"not_picked":["RobotSpaceExplorer:JunkDive","RobotSpaceExplorer:PowerGlove"],"picked":"RobotSpaceExplorer:IronShell","floor":23}],"player_experience":600030,"relics_obtained":[{"floor":7,"key":"RobotSpaceExplorer:RingOfTheNewt"},{"floor":9,"key":"Tiny Chest"},{"floor":19,"key":"Mango"},{"floor":23,"key":"infinitespire:Lychee Nut"}],"event_choices":[{"damage_healed":0,"gold_gain":0,"player_choice":"Got Potions","damage_taken":0,"max_hp_gain":0,"max_hp_loss":0,"event_name":"Lab","floor":3,"gold_loss":0},{"damage_healed":0,"gold_gain":0,"player_choice":"0 cards matched","damage_taken":0,"max_hp_gain":0,"max_hp_loss":0,"event_name":"Match and Keep!","floor":10,"gold_loss":0,"cards_obtained":[]},{"damage_healed":0,"gold_gain":0,"player_choice":"Success","damage_taken":12,"relics_obtained":["The Courier"],"max_hp_gain":0,"max_hp_loss":0,"event_name":"Scrap Ooze","floor":15,"gold_loss":0}],"is_beta":false,"boss_relics":[{"not_picked":["Runic Pyramid","Coffee Dripper","Busted Crown"]}],"items_purged_floors":[21],"is_endless":false,"potions_floor_spawned":[1,4,14,16],"killed_by":"Snake Plant","ascension_level":0}}