{"host":"f5n4tidiz2n5sooh","time":1611151536,"event":{"mods":["BaseMod","Colored Map","Minty Spire (QoL Compilation)","Relic Stats","Slay the Relics Exporter","StSLib"],"gold_per_floor":[114,125,143,14,24,24,24,52,77,77,97,110,110,110,110],"floor_reached":14,"language":"ENG","playtime":369,"items_purged":[],"score":184,"play_id":"4000699e-53a2-4134-8cdc-6e33fe0226c5","local_time":"20210120080536","is_ascension_mode":true,"campfire_choices":[{"data":"Defragment","floor":6,"key":"SMITH"},{"data":"Sunder","floor":10,"key":"SMITH"},{"data":"Beam Cell","floor":13,"key":"SMITH"}],"circlet_count":0,"master_deck":["AscendersBane","Strike_B","Strike_B","Strike_B","Strike_B","Defend_B","Defend_B","Defend_B","Defend_B","Zap","Dualcast","Sunder+1","Beam Cell+1","Defragment+1","Coolheaded","Ball Lightning","Ball Lightning","Cold Snap"],"relics":["Cracked Core","Regal Pillow","Bag of Marbles"],"acts_visited":["Exordium"],"potions_floor_usage":[8,14],"damage_taken":[{"damage":6,"enemies":"Cultist","floor":1,"turns":3},{"damage":0,"enemies":"2 Louse","floor":2,"turns":1},{"damage":2,"enemies":"Jaw Worm","floor":3,"turns":3},{"damage":7,"enemies":"Looter","floor":5,"turns":3},{"damage":22,"enemies":"Lagavulin","floor":8,"turns":5},{"damage":7,"enemies":"Lots of Slimes","floor":11,"turns":4},{"damage":14,"enemies":"3 Louse","floor":12,"turns":2},{"damage":22,"enemies":"3 Sentries","floor":14,"turns":3}],"seed_played":"88661735159232000","potions_obtained":[{"floor":2,"key":"PowerPotion"},{"floor":3,"key":"Weak Potion"},{"floor":11,"key":"GamblersBrew"}],"is_trial":false,"path_per_floor":["M","M","M","$","M","R","?","E","T","R","M","M","R","E"],"character_chosen":"DEFECT","items_purchased":["Defragment","Coolheaded"],"campfire_rested":0,"item_purchase_floors":[4,4],"current_hp_per_floor":[65,65,63,63,56,56,61,39,39,39,32,18,18,0,0],"gold":110,"neow_bonus":"TEN_PERCENT_HP_BONUS","is_daily":false,"chose_seed":false,"campfire_upgraded":3,"win_rate":0.0,"timestamp":1611151536,"path_taken":["M","M","M","$","?","R","?","E","T","R","M","M","R","E"],"items_purchased_type":["Card","Card"],"build_version":"2020-12-22","purchased_purges":0,"victory":false,"max_hp_per_floor":[78,78,78,78,78,78,83,83,83,83,83,83,83,83,83],"relic_stats":{"Regal Pillow":0,"counters":[8,24],"obtain_stats":[{"Regal Pillow":8,"Bag of Marbles":9,"Cracked Core":0},{"Regal Pillow":5,"Bag of Marbles":5,"Cracked Core":0},{"Regal Pillow":15,"Bag of Marbles":15,"Cracked Core":0}]},"card_choices":[{"not_picked":["Hologram","Capacitor"],"picked":"Sunder","floor":1},{"not_picked":["Redo","Sweeping Beam","Recycle"],"picked":"SKIP","floor":2},{"not_picked":["Melter","Turbo"],"picked":"Beam Cell","floor":3},{"not_picked":["Stack","Melter"],"picked":"Ball Lightning","floor":5},{"not_picked":["Tempest","Sweeping Beam"],"picked":"Ball Lightning","floor":8},{"not_picked":["Stack","Redo"],"picked":"Cold Snap","floor":11},{"not_picked":["Rip and Tear","Force Field","Rebound"],"picked":"SKIP","floor":12}],"player_experience":2024084,"relics_obtained":[{"floor":8,"key":"Regal Pillow"},{"floor":9,"key":"Bag of Marbles"}],"event_choices":[{"damage_healed":0,"gold_gain":0,"player_choice":"Donut","damage_taken":0,"max_hp_gain":5,"max_hp_loss":0,"event_name":"Big Fish","floor":7,"gold_loss":0}],"is_beta":false,"boss_relics":[],"items_purged_floors":[],"is_endless":false,"potions_floor_spawned":[2,3,5,11],"killed_by":"3 Sentries","ascension_level":20}}