{"host":"sy26bfguqtls01um","time":1611151862,"event":{"mods":["BaseMod","DeckTracker","Hermit","Minty Spire (QoL Compilation)","Random Character Button","StSLib","SuperFastMode","The Hierophant","The Necromancer","The Servant 0.9.4","The Wild Card"],"gold_per_floor":[212,229,229,243,260,260,260,260],"floor_reached":7,"language":"KOR","playtime":202,"items_purged":[],"score":86,"play_id":"8ee0de8f-4f14-452e-8f55-d3265de306f7","local_time":"20210120231102","is_ascension_mode":true,"campfire_choices":[{"data":"Ricochet","floor":6.0,"key":"SMITH"}],"circlet_count":0,"master_deck":["AscendersBane","Strike_S","Strike_S","Strike_S","Strike_S","Defend_S","Defend_S","Defend_S","Defend_S","KidneyShot","Exchange","SpecialFormula","Ricochet+1","StarChef"],"relics":["Uniform"],"acts_visited":["Exordium"],"potions_floor_usage":[7],"damage_taken":[{"damage":9.0,"enemies":"Small Slimes","floor":1.0,"turns":4.0},{"damage":13.0,"enemies":"Jaw Worm","floor":2.0,"turns":6.0},{"damage":4.0,"enemies":"2 Louse","floor":4.0,"turns":2.0},{"damage":14.0,"enemies":"Exordium Thugs","floor":5.0,"turns":5.0},{"damage":43,"enemies":"Gremlin Nob","floor":7,"turns":4}],"seed_played":"6045895960084173496","potions_obtained":[{"floor":1.0,"key":"Block Potion"},{"floor":5.0,"key":"PowerPotion"}],"is_trial":false,"path_per_floor":["M","M","?","M","M","R","E"],"character_chosen":"THE_SERVANT","items_purchased":[],"campfire_rested":0,"item_purchase_floors":[],"current_hp_per_floor":[45,37,42,38,24,24,0,0],"gold":260,"neow_bonus":"HUNDRED_GOLD","is_daily":false,"chose_seed":false,"campfire_upgraded":1,"win_rate":0.0,"timestamp":1611151862,"path_taken":["M","M","?","M","M","R","E"],"items_purchased_type":[],"build_version":"2020-12-22","purchased_purges":0,"victory":false,"max_hp_per_floor":[60,60,65,65,65,65,65,65],"card_choices":[{"not_picked":["Shuttle","Rearm"],"picked":"SpecialFormula","floor":1.0},{"not_picked":["FastForward","Alleviate"],"picked":"Ricochet","floor":2.0},{"not_picked":["Revamp","Replace","Unruled"],"picked":"SKIP","floor":4.0},{"not_picked":["Starlight","Foresight"],"picked":"StarChef","floor":5.0}],"player_experience":1867656,"relics_obtained":[],"event_choices":[{"damage_healed":0.0,"max_hp_gain":5.0,"max_hp_loss":0.0,"gold_gain":0.0,"event_name":"Big Fish","player_choice":"Donut","floor":3.0,"gold_loss":0.0,"damage_taken":0.0}],"is_beta":false,"boss_relics":[],"items_purged_floors":[],"is_endless":false,"potions_floor_spawned":[1,5],"killed_by":"Gremlin Nob","ascension_level":20}}