{"host":"oi6p1guiqfwwvxym","time":1611107254,"event":{"mods":["BaseMod","Colored Map","Minty Spire (QoL Compilation)","Relic Stats"],"gold_per_floor":[114,129,54,54,69,69,99,99,99,129,129,207,222,237,237,337,337,352,352,372,387,87,117,144,171,233,245,34,64,64,79,79,179,179,194,44,344,374,404,434,459,489,514,544,559,559,9,24,24,24],"floor_reached":51,"language":"ENG","playtime":3339,"items_purged":["Grand Finale","Writhe"],"score":1141,"play_id":"7811e479-6d4d-404d-8cec-7d3dfb900a52","local_time":"20210119174734","daily_mods":["Shiny","Red Cards","DeadlyEvents"],"is_ascension_mode":false,"campfire_choices":[{"data":"Wraith Form v2","floor":6,"key":"SMITH"},{"data":"Bullet Time","floor":8,"key":"SMITH"},{"data":"Crippling Poison","floor":11,"key":"SMITH"},{"floor":15,"key":"REST"},{"floor":27,"key":"REST"},{"data":"Well Laid Plans","floor":32,"key":"SMITH"},{"floor":46,"key":"REST"},{"floor":49,"key":"REST"}],"circlet_count":0,"master_deck":["Double Tap","Demon Form","Bludgeon","Feed","Limit Break","Corruption","Barricade","Fiend Fire+1","Berserk","Impervious","Juggernaut","Brutality","Reaper","Exhume","Offering","Immolate","Venomology","Corpse Explosion","Malaise","Phantasmal Killer","Die Die Die","Adrenaline","Envenom","Doppelganger","Burst","Wraith Form v2+1","Tools of the Trade","Night Terror","Unload+1","After Image","Bullet Time+1","Storm of Steel","Glass Knife","A Thousand Cuts","Spot Weakness","Calculated Gamble","Crippling Poison+1","Caltrops","Catalyst","Dodge and Roll+1","Outmaneuver+1","Dagger Spray+1","Whirlwind","Dash+1","Footwork","Well Laid Plans+1"],"relics":["Ring of the Snake","Regal Pillow","Bronze Scales","Akabeko","SlaversCollar","MealTicket","Red Mask","Boot","MawBank","Centennial Puzzle","ClockworkSouvenir","InkBottle","Fusion Hammer","Vajra","Ancient Tea Set","Bottled Tornado","Anchor","CeramicFish","Toy Ornithopter","Nunchaku","Pen Nib","Medical Kit","Incense Burner"],"acts_visited":["Exordium","TheCity","TheBeyond"],"potions_floor_usage":[7,16,21,21,23,25,25,29,33,33,38,40,40,40,40,42,50,50,50,50],"damage_taken":[{"damage":0,"enemies":"2 Louse","floor":1,"turns":1},{"damage":0,"enemies":"Small Slimes","floor":2,"turns":2},{"damage":0,"enemies":"Cultist","floor":5,"turns":1},{"damage":9,"enemies":"3 Sentries","floor":7,"turns":4},{"damage":0,"enemies":"Lagavulin","floor":10,"turns":5},{"damage":0,"enemies":"3 Louse","floor":13,"turns":1},{"damage":6,"enemies":"Red Slaver","floor":14,"turns":1},{"damage":6,"enemies":"Slime Boss","floor":16,"turns":5},{"damage":12,"enemies":"Spheric Guardian","floor":18,"turns":6},{"damage":7,"enemies":"Masked Bandits","floor":20,"turns":2},{"damage":29,"enemies":"2 Thieves","floor":21,"turns":4},{"damage":4,"enemies":"Slavers","floor":23,"turns":2},{"damage":6,"enemies":"Cultist and Chosen","floor":24,"turns":3},{"damage":8,"enemies":"Snecko","floor":25,"turns":3},{"damage":8,"enemies":"Book of Stabbing","floor":29,"turns":4},{"damage":8,"enemies":"3 Cultists","floor":31,"turns":3},{"damage":19,"enemies":"Automaton","floor":33,"turns":6},{"damage":13,"enemies":"Orb Walker","floor":35,"turns":2},{"damage":6,"enemies":"Giant Head","floor":38,"turns":5},{"damage":16,"enemies":"Nemesis","floor":39,"turns":5},{"damage":44,"enemies":"Giant Head","floor":40,"turns":6},{"damage":29,"enemies":"Nemesis","floor":42,"turns":5},{"damage":6,"enemies":"Giant Head","floor":44,"turns":5},{"damage":32,"enemies":"3 Darklings","floor":45,"turns":4},{"damage":12,"enemies":"4 Shapes","floor":48,"turns":5},{"damage":74,"enemies":"Donu and Deca","floor":50,"turns":5}],"seed_played":"-1760728548950895142","potions_obtained":[{"floor":1,"key":"Fire Potion"},{"floor":2,"key":"Fire Potion"},{"floor":13,"key":"BlessingOfTheForge"},{"floor":18,"key":"Weak Potion"},{"floor":25,"key":"ColorlessPotion"},{"floor":31,"key":"GamblersBrew"},{"floor":35,"key":"Dexterity Potion"},{"floor":39,"key":"LiquidMemories"},{"floor":42,"key":"Energy Potion"},{"floor":44,"key":"ColorlessPotion"},{"floor":45,"key":"LiquidBronze"}],"is_trial":false,"path_per_floor":["M","M","$","?","M","R","E","R","T","E","R","?","M","M","R","B",null,"M","?","?","M","$","E","M","M","T","R","$","E","$","M","R","B",null,"M","$","?","E","E","E","T","E","T","E","M","R","$","M","R","B",null],"character_chosen":"THE_SILENT","items_purchased":["Boot","Regen Potion","DistilledChaos","ClockworkSouvenir","Footwork","Vajra","Medical Kit","Incense Burner"],"campfire_rested":4,"item_purchase_floors":[22,22,22,28,28,36,47,47],"current_hp_per_floor":[70,70,70,56,56,56,47,47,47,47,47,47,50,44,73,70,76,64,64,57,34,49,48,42,37,37,76,82,82,82,77,77,58,85,75,88,88,88,77,57,57,79,79,91,59,91,91,82,94,20],"gold":24,"neow_bonus":"","is_daily":true,"chose_seed":false,"campfire_upgraded":4,"win_rate":0.0,"timestamp":1611107254,"path_taken":["M","M","$","?","M","R","E","R","T","E","R","?","?","M","R","BOSS","M","?","?","M","$","E","M","M","T","R","$","E","?","M","R","BOSS","M","?","?","?","?","E","?","E","T","?","?","R","$","M","R","BOSS"],"items_purchased_type":["Relic","Potion","Potion","Relic","Card","Relic","Relic","Relic"],"build_version":"2020-12-22","purchased_purges":2,"victory":true,"max_hp_per_floor":[70,70,70,70,70,70,70,70,70,70,70,70,73,73,73,76,76,76,76,76,76,76,79,79,82,82,82,82,82,82,85,85,85,85,88,88,88,88,88,88,88,91,91,91,91,91,91,94,94,94],"relic_stats":{"Regal Pillow":28,"counters":[26,95],"CeramicFish":0,"Pen Nib":[1],"Boot":[9],"MawBank":60,"Medical Kit":[0],"Centennial Puzzle":[36],"Nunchaku":[2],"Bronze Scales":[162],"MealTicket":34,"obtain_stats":[{"Regal Pillow":7,"CeramicFish":41,"Vajra":36,"Pen Nib":44,"Incense Burner":47,"Bottled Tornado":39,"Boot":22,"MawBank":23,"Ancient Tea Set":38,"Medical Kit":47,"Akabeko":10,"ClockworkSouvenir":28,"SlaversCollar":17,"Centennial Puzzle":26,"Anchor":40,"Nunchaku":43,"Bronze Scales":9,"MealTicket":19,"Fusion Hammer":34,"Red Mask":20,"InkBottle":29,"Toy Ornithopter":42,"Ring of the Snake":0},{"Regal Pillow":4,"CeramicFish":21,"Vajra":18,"Pen Nib":23,"Incense Burner":24,"Bottled Tornado":20,"Boot":11,"MawBank":12,"Ancient Tea Set":19,"Medical Kit":24,"Akabeko":5,"ClockworkSouvenir":14,"SlaversCollar":8,"Centennial Puzzle":14,"Anchor":21,"Nunchaku":22,"Bronze Scales":4,"MealTicket":9,"Fusion Hammer":17,"Red Mask":10,"InkBottle":15,"Toy Ornithopter":22,"Ring of the Snake":0},{"Regal Pillow":8,"CeramicFish":71,"Vajra":55,"Pen Nib":81,"Incense Burner":85,"Bottled Tornado":65,"Boot":32,"MawBank":34,"Ancient Tea Set":60,"Medical Kit":85,"Akabeko":13,"ClockworkSouvenir":40,"SlaversCollar":20,"Centennial Puzzle":40,"Anchor":71,"Nunchaku":76,"Bronze Scales":8,"MealTicket":26,"Fusion Hammer":53,"Red Mask":28,"InkBottle":44,"Toy Ornithopter":76,"Ring of the Snake":0}],"InkBottle":[24],"Toy Ornithopter":0,"Ring of the Snake":[52]},"card_choices":[{"not_picked":["Carnage","Dagger Throw","Infernal Blade"],"picked":"SKIP","floor":1},{"not_picked":["Wild Strike","Armaments"],"picked":"Spot Weakness","floor":2},{"not_picked":["Warcry","Clothesline"],"picked":"Calculated Gamble","floor":5},{"not_picked":["Berserk","Thunderclap"],"picked":"Crippling Poison","floor":7},{"not_picked":["Thunderclap","Perfected Strike"],"picked":"Caltrops","floor":10},{"not_picked":["Shrug It Off","Cleave"],"picked":"Catalyst","floor":13},{"not_picked":["Quick Slash","Backflip","Barricade"],"picked":"SKIP","floor":14},{"not_picked":["All Out Attack","Dagger Throw"],"picked":"Dodge and Roll+1","floor":18},{"not_picked":["Clothesline","Twin Strike+1"],"picked":"Outmaneuver+1","floor":20},{"not_picked":["Dual Wield","Flying Knee"],"picked":"Dagger Spray+1","floor":21},{"not_picked":["Sword Boomerang","Flying Knee","Accuracy"],"picked":"SKIP","floor":23},{"not_picked":["Clash","Combust"],"picked":"Whirlwind","floor":24},{"not_picked":["Seeing Red","Dodge and Roll"],"picked":"Dash+1","floor":25},{"not_picked":["Intimidate+1","Fire Breathing","Wild Strike"],"picked":"SKIP","floor":29},{"not_picked":["Feel No Pain","Flying Knee"],"picked":"Well Laid Plans","floor":31},{"not_picked":["Backflip+1","Catalyst+1","Acrobatics"],"picked":"SKIP","floor":35},{"not_picked":["Adrenaline","Accuracy","Shockwave"],"picked":"SKIP","floor":38},{"not_picked":["Calculated Gamble+1","Deflect+1","Poisoned Stab+1"],"picked":"SKIP","floor":39},{"not_picked":["Shrug It Off","Pommel Strike+1","Havoc+1"],"picked":"SKIP","floor":40},{"not_picked":["Clash+1","Setup+1","Thunderclap"],"picked":"SKIP","floor":42},{"not_picked":["Outmaneuver+1","Twin Strike+1","Clash+1"],"picked":"SKIP","floor":44},{"not_picked":["Warcry+1","Underhanded Strike+1","Dagger Throw+1"],"picked":"SKIP","floor":45},{"not_picked":["Pommel Strike","Setup","Tactician"],"picked":"SKIP","floor":48}],"player_experience":375576,"relics_obtained":[{"floor":7,"key":"Regal Pillow"},{"floor":9,"key":"Bronze Scales"},{"floor":10,"key":"Akabeko"},{"floor":20,"key":"Red Mask"},{"floor":23,"key":"MawBank"},{"floor":26,"key":"Centennial Puzzle"},{"floor":29,"key":"InkBottle"},{"floor":38,"key":"Ancient Tea Set"},{"floor":39,"key":"Bottled Tornado"},{"floor":40,"key":"Anchor"},{"floor":41,"key":"CeramicFish"},{"floor":42,"key":"Toy Ornithopter"},{"floor":43,"key":"Nunchaku"},{"floor":44,"key":"Pen Nib"}],"event_choices":[{"damage_healed":0,"gold_gain":0,"player_choice":"Entered Light","damage_taken":14,"max_hp_gain":0,"max_hp_loss":0,"event_name":"Shining Light","floor":4,"gold_loss":0,"cards_upgraded":["Fiend Fire","Unload"]},{"damage_healed":0,"gold_gain":78,"player_choice":"Gained Gold","damage_taken":0,"max_hp_gain":0,"max_hp_loss":0,"event_name":"Golden Wing","floor":12,"gold_loss":0},{"damage_healed":0,"gold_gain":0,"player_choice":"Opened","damage_taken":0,"relics_obtained":["MealTicket"],"max_hp_gain":0,"max_hp_loss":0,"event_name":"The Mausoleum","floor":19,"gold_loss":0,"cards_obtained":["Writhe"]},{"damage_healed":0,"gold_gain":0,"player_choice":"Fought Bandits","damage_taken":0,"max_hp_gain":0,"max_hp_loss":0,"event_name":"Masked Bandits","floor":20,"gold_loss":0},{"damage_healed":0,"gold_gain":300,"player_choice":"Gold","damage_taken":0,"max_hp_gain":0,"max_hp_loss":0,"event_name":"Wheel of Change","floor":37,"gold_loss":0}],"is_beta":false,"boss_relics":[{"not_picked":["Tiny House","Runic Pyramid"],"picked":"SlaversCollar"},{"not_picked":["Velvet Choker","Black Star"],"picked":"Fusion Hammer"}],"items_purged_floors":[3,47],"is_endless":false,"potions_floor_spawned":[1,2,13,14,18,20,25,31,35,39,42,44,45],"ascension_level":0}}