{"host":"xetj7e4h1njmphhb","time":1611116614,"event":{"mods":["BaseMod","Minty Spire (QoL Compilation)","SuperFastMode"],"gold_per_floor":[111,121,121,121,20,20,33,33,56,75,118,118,138,6,6,130,130,151,151,151,167,167,167,201,217,269,269,269,292,292,292],"floor_reached":30,"language":"ENG","playtime":990,"items_purged":["Defend_B"],"score":248,"play_id":"c0a25a23-c9b7-4c18-b95f-be828c577e30","local_time":"20210119232334","is_ascension_mode":false,"campfire_choices":[{"floor":6,"key":"REST"},{"floor":12,"key":"REST"},{"floor":15,"key":"REST"},{"floor":23,"key":"REST"},{"floor":27,"key":"REST"}],"circlet_count":0,"master_deck":["Strike_B","Strike_B","Defend_B+1","Defend_B","Defend_B","Zap","Dualcast+1","Static Discharge","Sweeping Beam","Barrage","Gash","Double Energy","Streamline","All For One","Self Repair","Capacitor","Ball Lightning","Multi-Cast","Gash","Reinforced Body","Necronomicurse","BootSequence","Conserve Battery","Chaos+1"],"relics":["Cracked Core","NeowsBlessing","Golden Idol","War Paint","Darkstone Periapt","Sozu","Necronomicon","InkBottle","Oddly Smooth Stone","Centennial Puzzle"],"acts_visited":["Exordium","TheCity"],"potions_floor_usage":[],"damage_taken":[{"damage":0,"enemies":"2 Louse","floor":1,"turns":1},{"damage":0,"enemies":"Small Slimes","floor":2,"turns":1},{"damage":0,"enemies":"Jaw Worm","floor":7,"turns":1},{"damage":4,"enemies":"3 Louse","floor":10,"turns":2},{"damage":31,"enemies":"3 Sentries","floor":11,"turns":5},{"damage":16,"enemies":"Exordium Wildlife","floor":13,"turns":3},{"damage":44,"enemies":"Hexaghost","floor":16,"turns":7},{"damage":16,"enemies":"Shell Parasite","floor":18,"turns":5},{"damage":21,"enemies":"3 Byrds","floor":21,"turns":4},{"damage":35,"enemies":"Slavers","floor":24,"turns":4},{"damage":19,"enemies":"Centurion and Healer","floor":25,"turns":6},{"damage":48,"enemies":"3 Cultists","floor":29,"turns":6},{"damage":7,"enemies":"Shelled Parasite and Fungi","floor":30,"turns":1}],"seed_played":"-2046640299013580294","potions_obtained":[{"floor":1,"key":"FocusPotion"},{"floor":2,"key":"Explosive Potion"},{"floor":16,"key":"SpeedPotion"}],"is_trial":false,"path_per_floor":["M","M","?","?","$","R","M","?","T","M","E","R","M","$","R","B",null,"M","?","?","M","?","R","E","M","T","R","T","M","M"],"character_chosen":"DEFECT","items_purchased":["Barrage","Capacitor","Ball Lightning"],"campfire_rested":5,"item_purchase_floors":[5,14,14],"current_hp_per_floor":[75,75,68,50,50,72,72,72,72,68,37,59,43,43,65,21,75,66,66,66,52,42,66,38,26,26,50,50,2,0,0],"gold":292,"neow_bonus":"THREE_ENEMY_KILL","is_daily":false,"chose_seed":false,"campfire_upgraded":0,"win_rate":0.0,"timestamp":1611116614,"path_taken":["M","M","?","?","?","R","M","?","T","?","E","R","M","$","R","BOSS","M","?","?","M","?","R","E","M","T","R","?","M","M"],"items_purchased_type":["Card","Card","Card"],"build_version":"2020-12-22","purchased_purges":1,"victory":false,"max_hp_per_floor":[75,75,75,75,75,75,75,75,75,75,75,75,75,75,75,75,75,75,75,75,75,81,81,81,81,81,81,81,81,81,81],"card_choices":[{"not_picked":["Undo","Go for the Eyes"],"picked":"Static Discharge","floor":1},{"not_picked":["Stack","Steam"],"picked":"Sweeping Beam","floor":2},{"not_picked":["Stack","Consume"],"picked":"Gash","floor":7},{"not_picked":["Conserve Battery","Gash"],"picked":"Streamline","floor":10},{"not_picked":["Coolheaded","Rebound"],"picked":"All For One","floor":11},{"not_picked":["Coolheaded","Steam"],"picked":"Self Repair","floor":13},{"not_picked":["Thunder Strike","Buffer"],"picked":"Multi-Cast","floor":16},{"not_picked":["Rebound+1","Chill"],"picked":"Gash","floor":18},{"not_picked":["Cold Snap","Ball Lightning"],"picked":"Reinforced Body","floor":21},{"not_picked":["Leap","Heatsinks"],"picked":"BootSequence","floor":24},{"not_picked":["Beam Cell","Melter"],"picked":"Conserve Battery","floor":25},{"not_picked":["Streamline","Barrage"],"picked":"Chaos+1","floor":29}],"player_experience":9327,"relics_obtained":[{"floor":9,"key":"War Paint"},{"floor":11,"key":"Darkstone Periapt"},{"floor":22,"key":"Necronomicon"},{"floor":24,"key":"InkBottle"},{"floor":26,"key":"Oddly Smooth Stone"},{"floor":28,"key":"Centennial Puzzle"}],"event_choices":[{"cards_removed":["Strike_B"],"damage_healed":0,"gold_gain":0,"player_choice":"Card Removal","damage_taken":7,"max_hp_gain":0,"max_hp_loss":0,"event_name":"Golden Wing","floor":3,"gold_loss":0},{"damage_healed":0,"gold_gain":0,"player_choice":"Take Damage","damage_taken":18,"relics_obtained":["Golden Idol"],"max_hp_gain":0,"max_hp_loss":0,"event_name":"Golden Idol","floor":4,"gold_loss":0},{"damage_healed":0,"gold_gain":0,"cards_transformed":["Strike_B"],"player_choice":"Change","damage_taken":0,"max_hp_gain":0,"max_hp_loss":0,"event_name":"Living Wall","floor":8,"gold_loss":0,"cards_obtained":["Double Energy"]},{"damage_healed":0,"gold_gain":0,"player_choice":"Ignored","damage_taken":0,"max_hp_gain":0,"max_hp_loss":0,"event_name":"The Mausoleum","floor":19,"gold_loss":0},{"damage_healed":0,"gold_gain":0,"player_choice":"Ignored","damage_taken":0,"max_hp_gain":0,"max_hp_loss":0,"event_name":"Ghosts","floor":20,"gold_loss":0},{"damage_healed":0,"gold_gain":0,"player_choice":"Obtained Book","damage_taken":16,"max_hp_gain":0,"max_hp_loss":0,"event_name":"Cursed Tome","floor":22,"gold_loss":0}],"is_beta":false,"boss_relics":[{"not_picked":["SacredBark","Black Star"],"picked":"Sozu"}],"items_purged_floors":[5],"is_endless":false,"potions_floor_spawned":[1,2,16,21,25],"killed_by":"Shelled Parasite and Fungi","ascension_level":0}}