{"host":"0vobf7lgf552vogm","time":1611183879,"event":{"mods":["AchievementEnabler","Act Like it!","BaseMod","Better Sensory Stone","Colored Map","DeckTracker","Downfall","Jorbs\u0027s Wanderer Trilogy","Minty Spire (QoL Compilation)","Pale of the Ancients","Rare Cards Sparkle","Relic Stats","StSLib","Synergy Search","The Blackbeard","The Marked","Unceasing Turn Reminder"],"gold_per_floor":[119,130,143,143,156,156,231,246,246,246,271,271,287,307,307,404,404,423,68,83,83,98,98,98,113,113,113,123,132,167,24,24,128,128,154,154,181,252,274,274,333,233,233,266,285,330,348,68,68,68,68,68,68],"floor_reached":52,"language":"ENG","playtime":4340,"items_purged":["stsjorbsmod:Strike_Wanderer","stsjorbsmod:Defend_Wanderer","stsjorbsmod:Defend_Wanderer"],"score":762,"play_id":"d6bb4632-6dae-4568-9341-92c4b2f3a177","local_time":"20210121000439","is_ascension_mode":false,"campfire_choices":[{"data":"stsjorbsmod:Prestidigitation","floor":6,"key":"SMITH"},{"data":"stsjorbsmod:MistyStep","floor":15,"key":"SMITH"},{"data":"stsjorbsmod:TollTheDead","floor":24,"key":"SMITH"},{"data":"stsjorbsmod:DeathThroes","floor":27,"key":"SMITH"},{"data":"stsjorbsmod:Channel","floor":32,"key":"SMITH"},{"floor":40,"key":"REST"},{"floor":49,"key":"RECALL"}],"circlet_count":0,"master_deck":["stsjorbsmod:ForbiddenGrimoire+1","stsjorbsmod:Strike_Wanderer","stsjorbsmod:Strike_Wanderer+1","stsjorbsmod:FreshAdventure","stsjorbsmod:EyeOfTheStorm+1","stsjorbsmod:Prestidigitation+1","stsjorbsmod:ParryingBlow","stsjorbsmod:Materialize","stsjorbsmod:TinyHut","stsjorbsmod:SiphonEnergy+1","stsjorbsmod:FaerieFire+1","stsjorbsmod:Channel","stsjorbsmod:MistyStep+1","stsjorbsmod:DeathThroes+1","stsjorbsmod:TollTheDead+1","stsjorbsmod:Thorns+1","stsjorbsmod:Hibernate","stsjorbsmod:Channel+1","stsjorbsmod:BurningFlask+1","downfall:Bewildered","stsjorbsmod:LocateObject+1","stsjorbsmod:MagicMirror","stsjorbsmod:Firebolt","stsjorbsmod:Index+1","stsjorbsmod:Channel+1","stsjorbsmod:ChainLightning","Madness","Madness"],"relics":["stsjorbsmod:GrimoireRelic","TungstenRod","stsjorbsmod:MindGlassRelic","Odd Mushroom","Busted Crown","Meat on the Bone","CeramicFish","sneckomod:BabySnecko","StrikeDummy","Lee\u0027s Waffle","SlaversCollar","Unceasing Top","Bird Faced Urn","MealTicket","Gambling Chip","War Paint","paleoftheancients:Timepiece","paleoftheancients:KeyRelic","Letter Opener","CultistMask"],"acts_visited":["Exordium","TheCity","TheBeyond","paleoftheancients:PaleOfTheAncients"],"potions_floor_usage":[13,16,25,30,37,38,39,39,51,52],"damage_taken":[{"damage":0,"enemies":"Cultist","floor":1,"turns":4},{"damage":0,"enemies":"Jaw Worm","floor":2,"turns":2},{"damage":0,"enemies":"Small Slimes","floor":3,"turns":3},{"damage":6,"enemies":"Gremlin Gang","floor":5,"turns":5},{"damage":0,"enemies":"2 Fungi Beasts","floor":8,"turns":4},{"damage":0,"enemies":"The Mushroom Lair","floor":11,"turns":4},{"damage":0,"enemies":"3 Louse","floor":13,"turns":4},{"damage":0,"enemies":"Exordium Wildlife","floor":14,"turns":3},{"damage":15,"enemies":"The Guardian","floor":16,"turns":10},{"damage":9,"enemies":"Spheric Guardian","floor":18,"turns":6},{"damage":2,"enemies":"Chosen","floor":20,"turns":4},{"damage":11,"enemies":"Sentry and Sphere","floor":22,"turns":5},{"damage":0,"enemies":"3 Cultists","floor":25,"turns":3},{"damage":1,"enemies":"Snecko","floor":28,"turns":6},{"damage":5,"enemies":"Gremlin Leader","floor":30,"turns":3},{"damage":36,"enemies":"Champ","floor":33,"turns":9},{"damage":24,"enemies":"3 Darklings","floor":35,"turns":5},{"damage":0,"enemies":"3 Shapes","floor":37,"turns":2},{"damage":27,"enemies":"2 Orb Walkers","floor":38,"turns":5},{"damage":8,"enemies":"Transient","floor":39,"turns":5},{"damage":0,"enemies":"Mind Bloom Boss Battle","floor":41,"turns":4},{"damage":0,"enemies":"Reptomancer","floor":44,"turns":4},{"damage":0,"enemies":"3 Darklings","floor":45,"turns":5},{"damage":10,"enemies":"Nemesis","floor":46,"turns":5},{"damage":22,"enemies":"Time Eater","floor":50,"turns":7},{"damage":84,"enemies":"Time Eater","floor":51,"turns":2},{"damage":79,"enemies":"Time Eater","floor":52,"turns":5}],"seed_played":"8322427095587867610","potions_obtained":[{"floor":3,"key":"stsjorbsmod:LiquidClarity"},{"floor":8,"key":"stsjorbsmod:LiquidVirtue"},{"floor":11,"key":"Regen Potion"},{"floor":14,"key":"SpeedPotion"},{"floor":20,"key":"bronze:BurnAndBuffPotion"},{"floor":22,"key":"Explosive Potion"},{"floor":28,"key":"SkillPotion"},{"floor":35,"key":"Strength Potion"},{"floor":38,"key":"EntropicBrew"},{"floor":39,"key":"LiquidBronze"}],"is_trial":false,"path_per_floor":["M","M","M","?","M","R","?","M","T","?","?","?","M","M","R","B",null,"M","$","M","?","M","?","R","M","T","R","M","?","E","$","R","B",null,"M","?","M","?","M","R","?","$","T","E","M","E","?","$","R","B","M","M"],"character_chosen":"WANDERER","items_purchased":["Meat on the Bone","stsjorbsmod:Thorns","Lee\u0027s Waffle","War Paint"],"campfire_rested":1,"item_purchase_floors":[19,19,31,48],"current_hp_per_floor":[68,68,68,62,58,58,53,56,56,56,59,46,60,62,62,47,68,61,61,62,62,55,55,55,57,57,57,58,58,58,75,75,39,75,54,54,58,47,41,63,66,66,66,75,75,71,63,75,75,75,75,0,0],"gold":68,"neow_bonus":"ONE_RARE_RELIC","is_daily":false,"chose_seed":false,"campfire_upgraded":5,"win_rate":0.0,"timestamp":1611183879,"path_taken":["M","?","M","?","M","R","?","?","T","?","?","?","M","M","R","BOSS","M","$","M","?","M","?","R","M","T","R","M","?","E","?","R","BOSS","M","?","M","?","M","R","?","?","T","E","M","E","?","$","R","BOSS","M","M"],"items_purchased_type":["Relic","Card","Relic","Relic"],"build_version":"2020-12-22","purchased_purges":3,"victory":false,"max_hp_per_floor":[68,68,68,68,68,68,68,68,68,68,68,68,68,68,68,68,68,68,68,68,68,68,68,68,68,68,68,68,68,68,75,75,75,75,75,75,75,75,75,75,75,75,75,75,75,75,75,75,75,75,75,75,75],"relic_stats":{"Lee\u0027s Waffle":17,"counters":[27,124],"CeramicFish":81,"Letter Opener":[55],"War Paint":["stsjorbsmod:FaerieFire","stsjorbsmod:LocateObject"],"Busted Crown":30,"Bird Faced Urn":[12],"Gambling Chip":[3],"MealTicket":12,"obtain_stats":[{"Lee\u0027s Waffle":31,"paleoftheancients:KeyRelic":50,"CeramicFish":26,"stsjorbsmod:GrimoireRelic":0,"Letter Opener":50,"Odd Mushroom":11,"War Paint":48,"paleoftheancients:Timepiece":50,"sneckomod:BabySnecko":29,"SlaversCollar":34,"Busted Crown":17,"Bird Faced Urn":41,"Gambling Chip":46,"MealTicket":44,"CultistMask":50,"stsjorbsmod:MindGlassRelic":9,"StrikeDummy":30,"TungstenRod":0,"Unceasing Top":38,"Meat on the Bone":19},{"Lee\u0027s Waffle":15,"paleoftheancients:KeyRelic":25,"CeramicFish":13,"stsjorbsmod:GrimoireRelic":0,"Letter Opener":25,"Odd Mushroom":6,"War Paint":24,"paleoftheancients:Timepiece":25,"sneckomod:BabySnecko":14,"SlaversCollar":16,"Busted Crown":9,"Bird Faced Urn":21,"Gambling Chip":24,"MealTicket":22,"CultistMask":25,"stsjorbsmod:MindGlassRelic":5,"StrikeDummy":15,"TungstenRod":0,"Unceasing Top":19,"Meat on the Bone":10},{"Lee\u0027s Waffle":66,"paleoftheancients:KeyRelic":117,"CeramicFish":57,"stsjorbsmod:GrimoireRelic":0,"Letter Opener":117,"Odd Mushroom":22,"War Paint":110,"paleoftheancients:Timepiece":117,"sneckomod:BabySnecko":63,"SlaversCollar":75,"Busted Crown":39,"Bird Faced Urn":96,"Gambling Chip":110,"MealTicket":100,"CultistMask":117,"stsjorbsmod:MindGlassRelic":18,"StrikeDummy":66,"TungstenRod":0,"Unceasing Top":87,"Meat on the Bone":45}],"TungstenRod":58,"Unceasing Top":[22],"Meat on the Bone":12},"card_choices":[{"not_picked":["stsjorbsmod:Firebolt","stsjorbsmod:ChainLightning"],"picked":"stsjorbsmod:Prestidigitation","floor":1},{"not_picked":["stsjorbsmod:TollTheDead","stsjorbsmod:BurningFlask"],"picked":"stsjorbsmod:ParryingBlow","floor":2},{"not_picked":["stsjorbsmod:TrueStrike","stsjorbsmod:Firebolt"],"picked":"stsjorbsmod:Materialize","floor":3},{"not_picked":["stsjorbsmod:MagicMirror","stsjorbsmod:LocateObject"],"picked":"stsjorbsmod:TinyHut","floor":5},{"not_picked":["stsjorbsmod:DoubleCheck","stsjorbsmod:RayOfFrost"],"picked":"stsjorbsmod:SiphonEnergy","floor":8},{"not_picked":["stsjorbsmod:TrueStrike","stsjorbsmod:FracturedMind"],"picked":"stsjorbsmod:FaerieFire","floor":11},{"not_picked":["stsjorbsmod:WanderingMind","stsjorbsmod:Prepare"],"picked":"stsjorbsmod:Channel","floor":13},{"not_picked":["stsjorbsmod:FaerieFire","stsjorbsmod:Introspection"],"picked":"stsjorbsmod:MistyStep","floor":14},{"not_picked":["stsjorbsmod:ThirstingSword","stsjorbsmod:IvoryTower"],"picked":"stsjorbsmod:DeathThroes","floor":16},{"not_picked":[],"picked":"stsjorbsmod:TollTheDead","floor":18},{"not_picked":[],"picked":"stsjorbsmod:Hibernate","floor":20},{"not_picked":[],"picked":"stsjorbsmod:Channel","floor":22},{"not_picked":[],"picked":"stsjorbsmod:BurningFlask+1","floor":25},{"not_picked":["stsjorbsmod:DisguiseSelf"],"picked":"SKIP","floor":28},{"not_picked":[],"picked":"stsjorbsmod:LocateObject","floor":30},{"not_picked":[],"picked":"stsjorbsmod:MagicMirror","floor":35},{"not_picked":[],"picked":"stsjorbsmod:Firebolt","floor":37},{"not_picked":[],"picked":"stsjorbsmod:Index+1","floor":39},{"not_picked":[],"picked":"stsjorbsmod:Channel+1","floor":41},{"not_picked":["stsjorbsmod:BurningFlask+1"],"picked":"SKIP","floor":44},{"not_picked":[],"picked":"stsjorbsmod:ChainLightning","floor":45},{"not_picked":["stsjorbsmod:ChatteringStrike"],"picked":"SKIP","floor":46}],"player_experience":913979,"relics_obtained":[{"floor":9,"key":"stsjorbsmod:MindGlassRelic"},{"floor":11,"key":"Odd Mushroom"},{"floor":26,"key":"CeramicFish"},{"floor":30,"key":"StrikeDummy"},{"floor":38,"key":"Unceasing Top"},{"floor":41,"key":"Bird Faced Urn"},{"floor":44,"key":"MealTicket"},{"floor":46,"key":"Gambling Chip"}],"event_choices":[{"cards_removed":["downfall:Bewildered"],"damage_healed":0,"gold_gain":0,"player_choice":"Card Removal","damage_taken":7,"max_hp_gain":0,"max_hp_loss":0,"event_name":"Golden Wing","floor":4,"gold_loss":0},{"damage_healed":0,"gold_gain":75,"player_choice":"Touch","damage_taken":6,"max_hp_gain":0,"max_hp_loss":0,"event_name":"FaceTrader","floor":7,"gold_loss":0},{"cards_removed":["stsjorbsmod:Strike_Wanderer"],"damage_healed":0,"gold_gain":0,"player_choice":"Forget","damage_taken":0,"max_hp_gain":0,"max_hp_loss":0,"event_name":"Living Wall","floor":10,"gold_loss":0},{"damage_healed":0,"gold_gain":0,"player_choice":"Fought Mushrooms","damage_taken":0,"max_hp_gain":0,"max_hp_loss":0,"event_name":"Mushrooms","floor":11,"gold_loss":0},{"damage_healed":0,"gold_gain":0,"player_choice":"Entered Light","damage_taken":14,"max_hp_gain":0,"max_hp_loss":0,"event_name":"Shining Light","floor":12,"gold_loss":0,"cards_upgraded":["stsjorbsmod:Strike_Wanderer","stsjorbsmod:EyeOfTheStorm"]},{"cards_removed":["stsjorbsmod:Defend_Wanderer"],"damage_healed":0,"gold_gain":0,"player_choice":"Elegance","damage_taken":0,"max_hp_gain":0,"max_hp_loss":0,"event_name":"Back to Basics","floor":21,"gold_loss":0},{"cards_removed":["stsjorbsmod:Defend_Wanderer"],"damage_healed":0,"gold_gain":0,"player_choice":"Removed Skill","damage_taken":0,"max_hp_gain":0,"max_hp_loss":0,"event_name":"Falling","floor":36,"gold_loss":0},{"damage_healed":0,"gold_gain":0,"player_choice":"Fight","damage_taken":0,"max_hp_gain":0,"max_hp_loss":0,"event_name":"Mysterious Sphere","floor":38,"gold_loss":0},{"damage_healed":0,"gold_gain":0,"player_choice":"Fight","damage_taken":0,"max_hp_gain":0,"max_hp_loss":0,"event_name":"MindBloom","floor":41,"gold_loss":0},{"damage_healed":0,"gold_gain":0,"player_choice":"Embrace Madness","damage_taken":9,"max_hp_gain":0,"max_hp_loss":0,"event_name":"Winding Halls","floor":47,"gold_loss":0,"cards_obtained":["Madness","Madness"]}],"is_beta":false,"boss_relics":[{"not_picked":["Sozu","Runic Pyramid"],"picked":"Busted Crown"},{"not_picked":["bronze:MakeshiftBattery","Philosopher\u0027s Stone"],"picked":"SlaversCollar"}],"items_purged_floors":[19,42,48],"is_endless":false,"potions_floor_spawned":[3,8,11,14,20,22,28,35,38,39],"killed_by":"Time Eater","ascension_level":0}}