{"host":"ftwnpa9ceeptmrn1","time":1611172822,"event":{"mods":["Aspiration","BaseMod","Colored Map","Colored Powertips","Conspire","Downfall","Hubris","Infinite Spire","Minty Spire (QoL Compilation)","Relic Stats","StSLib","Waifu the Spire","vexMod"],"gold_per_floor":[113,127,77,91,91,91,91,91],"floor_reached":7,"language":"ENG","playtime":426,"items_purged":[],"score":43,"play_id":"e4f032dc-8449-4c3f-8dc3-fe80664dd77c","local_time":"20210120140022","is_ascension_mode":true,"campfire_choices":[{"floor":6.0,"key":"RECALL"}],"circlet_count":0,"master_deck":["Strike_G","Strike_G","Strike_G","Strike_G","Defend_G","Defend_G","Defend_G","Defend_G","Defend_G","Survivor","Neutralize","Flying Knee","Setup","Prepared"],"relics":["Ring of the Snake"],"acts_visited":["Exordium"],"potions_floor_usage":[7],"damage_taken":[{"damage":1.0,"enemies":"2 Louse","floor":1.0,"turns":4.0},{"damage":0.0,"enemies":"Small Slimes","floor":2.0,"turns":3.0},{"damage":4.0,"enemies":"Jaw Worm","floor":4.0,"turns":6.0},{"damage":89,"enemies":"Gremlin Nob","floor":7,"turns":6}],"seed_played":"2792171474248202809","potions_obtained":[{"floor":1.0,"key":"LiquidBronze"},{"floor":4.0,"key":"bronze:BurnAndBuffPotion"}],"is_trial":false,"path_per_floor":["M","M","?","M","?","R","E"],"character_chosen":"THE_SILENT","items_purchased":[],"campfire_rested":0,"item_purchase_floors":[],"current_hp_per_floor":[76,76,76,72,72,72,0,0],"gold":91,"neow_bonus":"TEN_PERCENT_HP_BONUS","is_daily":false,"chose_seed":false,"campfire_upgraded":0,"win_rate":0.0,"timestamp":1611172822,"path_taken":["M","M","?","M","?","R","E"],"items_purchased_type":[],"build_version":"2020-12-22","purchased_purges":0,"victory":false,"max_hp_per_floor":[77,77,77,77,77,77,77,77],"relic_stats":{"counters":[4,19],"obtain_stats":[{"Ring of the Snake":0},{"Ring of the Snake":0},{"Ring of the Snake":0}],"Ring of the Snake":[8]},"card_choices":[{"not_picked":["Slice","Deflect"],"picked":"Flying Knee","floor":1.0},{"not_picked":["Flechettes","Quick Slash"],"picked":"Setup","floor":2.0},{"not_picked":["Bane","Blade Dance"],"picked":"Prepared","floor":4.0}],"player_experience":243900,"relics_obtained":[],"event_choices":[{"cards_removed":["Strike_G"],"damage_healed":0.0,"max_hp_gain":0.0,"max_hp_loss":0.0,"gold_gain":0.0,"event_name":"The Cleric","player_choice":"Card Removal","floor":3.0,"gold_loss":50.0,"damage_taken":0.0}],"is_beta":false,"boss_relics":[],"items_purged_floors":[],"is_endless":false,"potions_floor_spawned":[1,4],"killed_by":"Gremlin Nob","ascension_level":1}}