{"host":"bczg3e1yq3rp3pkk","time":1611145354,"event":{"mods":["BaseMod","Conspire","Hermit","Marisa£¨ìFÓê¡¡Ä§ÀíÉ³£©","Minty Spire (QoL Compilation)","Quick Restart","Replay The Spire","RumiaBox-Â¶Ã×æ«µÄÉñÃØºÐ×Ó","Shop Mod","StSLib","The Construct","The Hierophant","The Servant 0.9.4","[GremlinLeader]The Maniac","vexMod","¡¾ÒÅÎï¿¨ÅÆ¡¿REMEMod"],"gold_per_floor":[118,132,307,319,334,369,379,379,403,417,417,417,473,473,473,590,590,606,626,646,664,199,244,268,268,268,284,300,314,324,359,359,473,473,488,463,463,490,517,545,139,163,163,182,182,226,242,261,261,279],"floor_reached":51,"language":"ZHS","playtime":2062,"items_purged":["Strike_R","Perfected Strike+1"],"score":966,"play_id":"f207304e-25b8-4b95-b13c-4c04f4f06836","local_time":"20210120202234","is_ascension_mode":false,"campfire_choices":[{"data":"Perfected Strike","floor":8.0,"key":"SMITH"},{"data":"Armaments","floor":12.0,"key":"SMITH"},{"data":"Sword Boomerang","floor":15.0,"key":"SMITH"},{"data":"Whirlwind","floor":25.0,"key":"SMITH"},{"data":"Wild Strike","floor":32.0,"key":"SMITH"},{"data":"REME_ACTH","floor":45,"key":"SMITH"},{"data":"ReplayTheSpireMod:Limb From Limb","floor":49,"key":"SMITH"}],"circlet_count":0,"master_deck":["Defend_R","Defend_R","Defend_R","Defend_R","Bash","Genetic Algorithm+1","Offering","Feel No Pain","Second Wind","conspire:Charge","Armaments+1","Sword Boomerang+1","conspire:Purge","ReplayTheSpireMod:Strike From Hell","Cleave","Whirlwind+1","REME_Cut+1","Shrug It Off","Fire Breathing","Wild Strike+1","REME_ACTH+1","Pummel","Burning Pact+1","ReplayTheSpireMod:Limb From Limb+1","Body Slam"],"relics":["Burning Blood","REME_ComplimentaryCards","White Beast Statue","Centennial Puzzle","REME_ArchaeologicalTools","ChewingGum","Pen Nib","Bag of Marbles","Happy Flower","GodSword3","conspire:SpecialSausage","vexMod:FocusSash","REME_HandOfSuture","Orichalcum","Boot","Akabeko","Nunchaku","ReplayTheSpireMod:Spearhead"],"acts_visited":["Exordium","TheCity","TheBeyond"],"potions_floor_usage":[47,50,50,50],"damage_taken":[{"damage":10.0,"enemies":"Jaw Worm","floor":1.0,"turns":3.0},{"damage":12.0,"enemies":"Cultist","floor":2.0,"turns":4.0},{"damage":1.0,"enemies":"2 Louse","floor":4.0,"turns":4.0},{"damage":0.0,"enemies":"Lots of Slimes","floor":5.0,"turns":1.0},{"damage":44.0,"enemies":"Gremlin Nob","floor":6.0,"turns":5.0},{"damage":10.0,"enemies":"Looter","floor":7.0,"turns":3.0},{"damage":12.0,"enemies":"Exordium Wildlife","floor":10.0,"turns":3.0},{"damage":4.0,"enemies":"Exordium Thugs","floor":13.0,"turns":4.0},{"damage":6.0,"enemies":"Slime Boss","floor":16.0,"turns":7.0},{"damage":16.0,"enemies":"Shell Parasite","floor":18.0,"turns":3.0},{"damage":5.0,"enemies":"Chosen","floor":19.0,"turns":3.0},{"damage":8.0,"enemies":"Snecko","floor":20.0,"turns":4.0},{"damage":29.0,"enemies":"Snake Plant","floor":21.0,"turns":5.0},{"damage":14.0,"enemies":"Gremlin Leader","floor":23.0,"turns":4.0},{"damage":11.0,"enemies":"Sentry and Sphere","floor":24.0,"turns":4.0},{"damage":6.0,"enemies":"Chosen and Byrds","floor":27.0,"turns":1.0},{"damage":19.0,"enemies":"Snecko","floor":28.0,"turns":4.0},{"damage":0.0,"enemies":"Snake Plant","floor":29.0,"turns":2.0},{"damage":0.0,"enemies":"Centurion and Healer","floor":30.0,"turns":1.0},{"damage":11.0,"enemies":"Chosen and Byrds","floor":31.0,"turns":4.0},{"damage":11.0,"enemies":"Champ","floor":33.0,"turns":6.0},{"damage":0.0,"enemies":"3 Shapes","floor":35.0,"turns":2.0},{"damage":0.0,"enemies":"Orb Walker","floor":38.0,"turns":2.0},{"damage":16.0,"enemies":"4 Shapes","floor":39.0,"turns":4.0},{"damage":6.0,"enemies":"Reptomancer","floor":40.0,"turns":2.0},{"damage":6,"enemies":"Spire Growth","floor":44,"turns":2},{"damage":6,"enemies":"Nemesis","floor":46,"turns":4},{"damage":0,"enemies":"Jaw Worm Horde","floor":47,"turns":1},{"damage":16,"enemies":"4 Shapes","floor":48,"turns":2},{"damage":54,"enemies":"Awakened One","floor":50,"turns":6}],"seed_played":"6370052776474394632","potions_obtained":[{"floor":1.0,"key":"Block Potion"},{"floor":2.0,"key":"Explosive Potion"},{"floor":7.0,"key":"Fire Potion"},{"floor":10.0,"key":"AttackPotion"},{"floor":13.0,"key":"AttackPotion"},{"floor":16.0,"key":"ColorlessPotion"},{"floor":23.0,"key":"ElixirPotion"},{"floor":24.0,"key":"AttackPotion"},{"floor":27.0,"key":"Regen Potion"},{"floor":30.0,"key":"EntropicBrew"},{"floor":33.0,"key":"BloodPotion"},{"floor":35.0,"key":"Fire Potion"},{"floor":39.0,"key":"REME_GoldPotion"},{"floor":40.0,"key":"GamblersBrew"},{"floor":44,"key":"EssenceOfSteel"},{"floor":46,"key":"BloodPotion"},{"floor":47,"key":"FearPotion"}],"is_trial":false,"path_per_floor":["M","M","?","M","M","E","M","R","T","M","T","R","M","?","R","B",null,"M","M","M","M","$","E","M","R","T","M","M","M","M","M","R","B",null,"M","?","?","M","M","E","$","T","T","M","R","E","M","M","R","B",null],"character_chosen":"IRONCLAD","items_purchased":["Pen Nib","Bag of Marbles","REME_Cut+1","Shrug It Off","Orichalcum","Boot"],"campfire_rested":0,"item_purchase_floors":[22,22,22,22,41,41],"current_hp_per_floor":[76,70,70,75,80,42,38,38,38,32,32,32,34,34,34,34,80,70,71,69,46,46,38,33,33,33,33,20,26,32,27,27,22,80,80,80,80,80,70,70,70,70,70,70,70,70,76,66,66,34],"gold":279,"neow_bonus":"ONE_RANDOM_RARE_CARD","is_daily":false,"chose_seed":false,"campfire_upgraded":7,"win_rate":0.0,"timestamp":1611145354,"path_taken":["M","M","?","M","M","E","M","R","T","M","?","R","?","?","R","BOSS","M","M","M","M","$","E","?","R","T","M","M","M","M","M","R","BOSS","M","?","?","M","M","E","$","?","T","M","R","E","M","?","R","BOSS"],"items_purchased_type":["Relic","Relic","Card","Card","Relic","Relic"],"build_version":"2020-12-22","purchased_purges":2,"victory":true,"max_hp_per_floor":[80,80,80,80,80,80,80,80,80,80,80,80,80,80,80,80,80,80,80,80,80,80,80,80,80,80,80,80,80,80,80,80,80,80,80,80,80,80,80,80,80,80,80,80,80,80,80,80,80,80],"card_choices":[{"not_picked":["Run Through","Disarm"],"picked":"Perfected Strike","floor":1.0},{"not_picked":["Sword Boomerang","Intimidate"],"picked":"Feel No Pain","floor":2.0},{"not_picked":["Havoc","Iron Wave","Heavy Blade"],"picked":"SKIP","floor":4.0},{"not_picked":["Metallicize","Headbutt"],"picked":"Second Wind","floor":5.0},{"not_picked":["True Grit","Offering"],"picked":"conspire:Charge","floor":6.0},{"not_picked":["Second Wind","Anger","Flex"],"picked":"SKIP","floor":7.0},{"not_picked":["Cleave","Perfected Strike"],"picked":"Armaments","floor":10.0},{"not_picked":["Disarm","Headbutt"],"picked":"Sword Boomerang","floor":13.0},{"not_picked":["Brutality","Offering"],"picked":"conspire:Purge","floor":16.0},{"not_picked":["Body Slam","Clash"],"picked":"ReplayTheSpireMod:Strike From Hell","floor":18.0},{"not_picked":["Sword Boomerang","Twin Strike"],"picked":"Cleave","floor":19.0},{"not_picked":["Cleave","Iron Wave","Wild Strike+1"],"picked":"SKIP","floor":20.0},{"not_picked":["Rupture","Iron Wave"],"picked":"Whirlwind","floor":21.0},{"not_picked":["Reckless Charge","Havoc","Clash"],"picked":"SKIP","floor":23.0},{"not_picked":["Sentinel","Headbutt+1","Infernal Blade+1"],"picked":"SKIP","floor":24.0},{"not_picked":["Iron Wave","Bloodletting+1","ReplayTheSpireMod:Strike From Hell"],"picked":"SKIP","floor":27.0},{"not_picked":["Battle Trance","Wild Strike"],"picked":"Fire Breathing","floor":28.0},{"not_picked":["Bludgeon","Iron Wave"],"picked":"Wild Strike","floor":29.0},{"not_picked":["Flex","Heavy Blade","Pommel Strike+1"],"picked":"SKIP","floor":30.0},{"not_picked":["Headbutt","Twin Strike","Clash"],"picked":"SKIP","floor":31.0},{"not_picked":["Brutality","Eclipse"],"picked":"REME_ACTH","floor":33.0},{"not_picked":["Reckless Charge","REME_Scribble","Headbutt"],"picked":"SKIP","floor":35.0},{"not_picked":["Sever Soul+1","Shrug It Off"],"picked":"Pummel","floor":38.0},{"not_picked":["Uppercut+1","Wild Strike+1","Sword Boomerang"],"picked":"SKIP","floor":39.0},{"not_picked":["Searing Blow+1","Perfected Strike+1","Rampage"],"picked":"SKIP","floor":40.0},{"not_picked":["Rupture+1","conspire:Purge"],"picked":"Burning Pact+1","floor":44},{"not_picked":["Havoc+1","Thunderclap"],"picked":"ReplayTheSpireMod:Limb From Limb","floor":46},{"not_picked":["Iron Wave","Headbutt+1"],"picked":"Body Slam","floor":47},{"not_picked":["Heavy Blade+1","Defy Death+1","ReplayTheSpireMod:Limb From Limb"],"picked":"SKIP","floor":48}],"player_experience":371889,"relics_obtained":[{"floor":6.0,"key":"White Beast Statue"},{"floor":9.0,"key":"Centennial Puzzle"},{"floor":11.0,"key":"REME_ArchaeologicalTools"},{"floor":23.0,"key":"Happy Flower"},{"floor":26.0,"key":"GodSword3"},{"floor":40.0,"key":"REME_HandOfSuture"},{"floor":42.0,"key":"Akabeko"},{"floor":43.0,"key":"Nunchaku"},{"floor":46,"key":"ReplayTheSpireMod:Spearhead"}],"event_choices":[{"damage_healed":0.0,"max_hp_gain":0.0,"max_hp_loss":0.0,"gold_gain":175.0,"event_name":"Liars Game","player_choice":"AGREE","floor":3.0,"gold_loss":0.0,"damage_taken":0.0,"cards_obtained":["Doubt"]},{"damage_healed":0.0,"max_hp_gain":0.0,"max_hp_loss":0.0,"gold_gain":0.0,"event_name":"Upgrade Shrine","player_choice":"Upgraded","floor":14.0,"gold_loss":0.0,"damage_taken":0.0,"cards_upgraded":["Genetic Algorithm"]},{"cards_removed":["Strike_R"],"damage_healed":0.0,"max_hp_gain":0.0,"max_hp_loss":0.0,"gold_gain":0.0,"event_name":"Falling","player_choice":"Removed Attack","floor":37.0,"gold_loss":0.0,"damage_taken":0.0}],"is_beta":false,"boss_relics":[{"not_picked":["Astrolabe","vexMod:BigBerry"],"picked":"ChewingGum"},{"not_picked":["SlaversCollar","Replay:Wanted Poster"],"picked":"conspire:SpecialSausage"}],"items_purged_floors":[22,41],"is_endless":false,"potions_floor_spawned":[1,2,7,10,13,16,18,19,20,21,23,24,27,28,29,30,31,33,35,38,39,40,44,46,47,48],"ascension_level":0}}