{"host":"mgwrmgf4x3air4cr","time":1611147419,"event":{"mods":["ATMod(阿瑾Mod)","AchievementEnabler","Act Like it!","Arknights The Spire","Aspiration","BaseMod","CapriCore","Downfall","Friendly Minions","HololiveMod","Hunter 猎人","KinomotoSakuraMod(木之本樱)","Kiyohime（清姬）","Minty Spire (QoL Compilation)","MostiFishMod","RumiaBox-露米娅的神秘盒子","Shop Mod","StSLib","TestMod","The Alterego","The Immortal","The Servant 0.9.4","Waifu the Spire","WarShipGirlsR/战舰少女R mod","Yakumo Yukari mod","noobMod","【功能Mod】混沌之环修复补丁","【遗物卡牌】REMEMod","篝火指南"],"gold_per_floor":[119,69,88,42,53,81,91,91,91,106,181,312,332,332,47,142,142,159,28,28,40,57,57,57,57],"floor_reached":23,"language":"ZHS","playtime":2847,"items_purged":["MokouMod:Defend"],"score":303,"play_id":"d23ef769-e96f-467b-9c69-2c5f34ec4015","local_time":"20210120205659","is_ascension_mode":false,"campfire_choices":[{"data":"AT_FamilyPortrait","floor":8,"key":"SMITH"},{"floor":23,"key":"RECALL"}],"circlet_count":0,"master_deck":["MokouMod:Strike","MokouMod:Strike","MokouMod:Strike","MokouMod:Strike","MokouMod:Defend","MokouMod:Defend","MokouMod:Defend","MokouMod:HeatSpark","MostiFishMod:Chiaki","AT_FamilyPortrait+1","MokouMod:FlickeringFlame","MokouMod:Scorch","MokouMod:RisingSunBarrier","MokouMod:Singe","MokouMod:TemporalFireSeal","MokouMod:Firecracker","MokouMod:InfernalWave","MokouMod:TemporalFireSeal","MokouMod:PhoenixFeathers","MokouMod:Ventilation","MokouMod:Rekindle","MokouMod:IllusoryBattlefield+1","Necronomicurse","MokouMod:ImperishableFlame","MokouMod:FlickeringFlame"],"relics":["MokouMod:PhoenixFeather","testmod-TestBox","AT_ATBox","ice","DaveBox","REME_ComplimentaryCards","NeowsBlessing","testmod-Faith","Transparent","SynthV:TestCard","MerchantsRug","hexamod:BolsterEngine","testmod-HeartOfDaVinci","testmod-Nyarlathotep","SynthV","FeatherPendant","Necronomicon"],"acts_visited":["Exordium","TheCity"],"potions_floor_usage":[],"damage_taken":[{"damage":7,"enemies":"Jaw Worm","floor":1,"turns":1},{"damage":7,"enemies":"Small Slimes","floor":3,"turns":1},{"damage":7,"enemies":"Cultist","floor":5,"turns":1},{"damage":35,"enemies":"3 Sentries","floor":6,"turns":5},{"damage":14,"enemies":"Large Slime","floor":7,"turns":2},{"damage":21,"enemies":"Exordium Wildlife","floor":10,"turns":3},{"damage":28,"enemies":"Lagavulin","floor":12,"turns":4},{"damage":24,"enemies":"Exordium Thugs","floor":13,"turns":3},{"damage":35,"enemies":"The Guardian","floor":16,"turns":5},{"damage":7,"enemies":"Spheric Guardian","floor":18,"turns":1},{"damage":7,"enemies":"2 Thieves","floor":21,"turns":1},{"damage":14,"enemies":"Sentry and Sphere","floor":22,"turns":2}],"seed_played":"6224215300655789369","potions_obtained":[{"floor":1,"key":"Fire Potion"},{"floor":3,"key":"Fire Potion"},{"floor":7,"key":"Swift Potion"},{"floor":16,"key":"Dexterity Potion"}],"is_trial":false,"path_per_floor":["M","?","M","$","M","E","M","R","T","M","?","E","M","?","R","B",null,"M","$","?","M","M","R"],"character_chosen":"MKU","items_purchased":["MerchantsRug","MokouMod:RisingSunBarrier","SynthV","MokouMod:Ventilation"],"campfire_rested":0,"item_purchase_floors":[4,4,15,15],"current_hp_per_floor":[75,75,75,75,75,75,75,75,75,75,64,75,75,68,68,75,75,75,75,59,75,75,75,75,75],"gold":57,"neow_bonus":"THREE_ENEMY_KILL","is_daily":false,"chose_seed":false,"campfire_upgraded":1,"win_rate":0.0,"timestamp":1611147419,"path_taken":["M","?","M","$","M","E","M","R","T","M","?","E","M","?","R","BOSS","M","$","?","M","M","R"],"items_purchased_type":["Relic","Card","Relic","Card"],"build_version":"2020-12-22","purchased_purges":1,"victory":false,"max_hp_per_floor":[75,75,75,75,75,75,75,75,75,75,75,75,75,75,75,75,75,75,75,75,75,75,75,75,75],"card_choices":[{"not_picked":["MokouMod:ResoluteFlare","MokouMod:IndiscriminateIgnition"],"picked":"MokouMod:FlickeringFlame","floor":1},{"not_picked":["MokouMod:IgnitionBlast","MokouMod:InfernalWave","MokouMod:FujiyamaVolcano","MokouMod:SubterraneanCore"],"picked":"MokouMod:Scorch","floor":3},{"not_picked":["MokouMod:HeatTransfer","MokouMod:InfernalWave","MokouMod:FusionFlare","MokouMod:SubterraneanCore"],"picked":"MokouMod:Singe","floor":5},{"not_picked":["MokouMod:FusionFlare","MokouMod:ScorchingColumn","MokouMod:Singe","MokouMod:Overheat"],"picked":"MokouMod:TemporalFireSeal","floor":6},{"not_picked":["MokouMod:ScorchingColumn","MokouMod:Fireball","MokouMod:InfernalWave","MokouMod:Ember"],"picked":"MokouMod:Firecracker","floor":7},{"not_picked":["MokouMod:FusionFlare","MokouMod:EternalBurstReactor","MokouMod:IndiscriminateIgnition","MokouMod:Combust"],"picked":"MokouMod:InfernalWave","floor":10},{"not_picked":["MokouMod:FlamingFireTalons","MokouMod:BurningDraft","MokouMod:ThermalPressure","MokouMod:ScorchedEarth"],"picked":"MokouMod:TemporalFireSeal","floor":12},{"not_picked":["MokouMod:InfernalWave","MokouMod:AdaptivePyromancy","MokouMod:Overheat","MokouMod:FlareStarter"],"picked":"MokouMod:PhoenixFeathers","floor":13},{"not_picked":["MokouMod:PhoenixForm","MokouMod:Geothermal","MokouMod:Rebirth","MokouMod:SpontaneousHumanCombustion"],"picked":"MokouMod:Rekindle","floor":16},{"not_picked":["MokouMod:BlazingComet","MokouMod:IgneousBlow","MokouMod:ResoluteFlare","MokouMod:GuidingSmoke"],"picked":"MokouMod:IllusoryBattlefield+1","floor":18},{"not_picked":["MokouMod:ThermalPressure","MokouMod:InfernalWave","MokouMod:Scorch+1","MokouMod:TemporalFireSeal"],"picked":"MokouMod:ImperishableFlame","floor":21},{"not_picked":["MokouMod:ResoluteFlare+1","MokouMod:Ember+1","MokouMod:FujiyamaVolcano+1","MokouMod:Firecracker"],"picked":"MokouMod:FlickeringFlame","floor":22}],"player_experience":105307,"relics_obtained":[{"floor":1,"key":"SynthV:TestCard"},{"floor":6,"key":"hexamod:BolsterEngine"},{"floor":9,"key":"testmod-HeartOfDaVinci"},{"floor":12,"key":"testmod-Nyarlathotep"},{"floor":20,"key":"Necronomicon"}],"event_choices":[{"cards_removed":["MokouMod:Strike"],"damage_healed":0,"gold_gain":0,"player_choice":"Card Removal","damage_taken":0,"max_hp_gain":0,"max_hp_loss":0,"event_name":"The Cleric","floor":2,"gold_loss":50},{"damage_healed":0,"gold_gain":75,"player_choice":"Gather Gold","damage_taken":11,"max_hp_gain":0,"max_hp_loss":0,"event_name":"World of Goop","floor":11,"gold_loss":0},{"damage_healed":0,"gold_gain":0,"player_choice":"Damaged","damage_taken":7,"max_hp_gain":0,"max_hp_loss":0,"event_name":"Wheel of Change","floor":14,"gold_loss":0},{"damage_healed":0,"gold_gain":0,"player_choice":"Obtained Book","damage_taken":16,"max_hp_gain":0,"max_hp_loss":0,"event_name":"Cursed Tome","floor":20,"gold_loss":0}],"is_beta":false,"boss_relics":[{"not_picked":["aspiration:IroncladSkillbook","testmod-BatchProcessingSystem"],"picked":"FeatherPendant"}],"items_purged_floors":[19],"is_endless":false,"potions_floor_spawned":[1,3,7,16],"ascension_level":0}}