{"host":"udyc8f81k2jocuhg","time":1611186022,"event":{"mods":["2.2 Compatiblity","BaseMod","Better Third Choice","Colored Powertips","Conspire","Custom Start","GifTheSpireLib","Hermit","Minty Spire (QoL Compilation)","Permanent Neow","Quick Restart","Relic Filter","Relic Stats","Replay The Spire","Shop Mod","Spikes Relics","StSLib","Stuff the Spire"],"gold_per_floor":[363,15,29,43,63,95,95,95,95],"floor_reached":8,"language":"ENG","playtime":443,"items_purged":[],"score":102,"play_id":"fc1eb1a0-92b2-4383-8fbf-3cd170517950","local_time":"20210121004022","is_ascension_mode":true,"campfire_choices":[{"data":"Footwork","floor":7,"key":"SMITH"}],"circlet_count":0,"master_deck":["AscendersBane","Strike_G","Strike_G","Strike_G","Strike_G","Strike_G","Defend_G","Defend_G","Defend_G","Defend_G","Defend_G","Survivor","Neutralize","Replay:Poison Smokescreen","ReplayUltimateDefense","Footwork+1","PlatinumSkin","A Thousand Cuts","Blade Dance"],"relics":["Ring of the Snake","WingedGreaves"],"acts_visited":["Exordium"],"potions_floor_usage":[6,8],"damage_taken":[{"damage":4,"enemies":"Cultist","floor":1,"turns":6},{"damage":0,"enemies":"2 Louse","floor":3,"turns":4},{"damage":0,"enemies":"Small Slimes","floor":4,"turns":5},{"damage":14,"enemies":"3 Louse","floor":5,"turns":5},{"damage":13,"enemies":"Lagavulin","floor":6,"turns":8},{"damage":22,"enemies":"3 Sentries","floor":8,"turns":6}],"seed_played":"7442580299852311185","potions_obtained":[{"floor":1,"key":"Venom Potion"},{"floor":4,"key":"Adrenaline Potion"}],"is_trial":false,"path_per_floor":["M","$","M","M","M","E","R","E"],"character_chosen":"THE_SILENT","items_purchased":["ReplayUltimateDefense","Footwork","PlatinumSkin"],"campfire_rested":0,"item_purchase_floors":[2,2,2],"current_hp_per_floor":[40,40,40,40,26,13,13,0,0],"gold":95,"neow_bonus":"TWO_FIFTY_GOLD","is_daily":false,"chose_seed":false,"campfire_upgraded":1,"win_rate":0.0,"timestamp":1611186022,"path_taken":["M","$","M","M","M","E","R","E"],"items_purchased_type":["Card","Card","Card"],"build_version":"2020-12-22","purchased_purges":0,"victory":false,"max_hp_per_floor":[66,66,66,66,66,66,66,66,66],"relic_stats":{"counters":[6,34],"obtain_stats":[{"WingedGreaves":6,"Ring of the Snake":0},{"WingedGreaves":5,"Ring of the Snake":0},{"WingedGreaves":28,"Ring of the Snake":0}],"Ring of the Snake":[12]},"card_choices":[{"not_picked":["PiercingWail","Dagger Throw"],"picked":"Replay:Poison Smokescreen","floor":1},{"not_picked":["Underhanded Strike","ReplayTheSpireMod:Exploit Weakness","StuffTheSpire:Repulse"],"picked":"SKIP","floor":3},{"not_picked":["StuffTheSpire:ClusterCrunch","Backflip"],"picked":"A Thousand Cuts","floor":4},{"not_picked":["Backflip","Flying Knee"],"picked":"Blade Dance","floor":5},{"not_picked":["Poisoned Stab","Crippling Poison","StuffTheSpire:Repulse"],"picked":"SKIP","floor":6}],"player_experience":2011255,"relics_obtained":[{"floor":6,"key":"WingedGreaves"}],"event_choices":[],"is_beta":false,"boss_relics":[],"items_purged_floors":[],"is_endless":false,"potions_floor_spawned":[1,4,5],"killed_by":"3 Sentries","ascension_level":15}}