{"host":"545ma68kbj6ggddn","time":1611115000,"event":{"mods":["BaseMod","Colored Powertips","Downfall","Minty Spire (QoL Compilation)","SIMod","StSLib"],"gold_per_floor":[99,99,274,274,274,274,274,303,68,79,111,18,18,18,38,134,134,134,151,165,50,35,46,70,70,95,95,95,95],"floor_reached":27,"language":"ENG","playtime":1928,"items_purged":["Regret","bronze:Iterate"],"score":260,"play_id":"53ed9665-49a0-4ad0-9278-b8c3e0ecd46c","local_time":"20210119215640","is_ascension_mode":false,"campfire_choices":[{"data":"bronze:Replicate","floor":1,"key":"SMITH"},{"data":"bronze:Format","floor":13,"key":"SMITH"},{"data":"bronze:BronzeOrb","floor":18,"key":"SMITH"}],"circlet_count":0,"master_deck":["bronze:Strike","bronze:Strike","bronze:Strike","bronze:Strike","bronze:Defend","bronze:Defend","bronze:Defend","bronze:Defend","bronze:Replicate+1","bronze:Goto","bronze:Fortify","bronze:Turbo","bronze:OilSpill","bronze:Boost","bronze:Format+1","bronze:CleanCode+1","bronze:Branch","bronze:BronzeOrb+1","bronze:Terminator","bronze:GetLatest","bronze:Branch","bronze:Separator","bronze:ItsAFeature+1","bronze:ClassDefault+1","bronze:HardenedForm+1","bronze:Verify+1","bronze:Iterate","bronze:Branch+1"],"relics":["bronze:BronzeCore","downfall:HeartsMalice","Bag of Marbles","bronze:ProtectiveGoggles","Frozen Egg 2","Orrery","WingedGreaves","Runic Dome","Darkstone Periapt"],"acts_visited":["Exordium","TheCity"],"potions_floor_usage":[12,16,16,21],"damage_taken":[{"damage":0,"enemies":"Small Slimes","floor":2,"turns":1},{"damage":0,"enemies":"Jaw Worm","floor":6,"turns":1},{"damage":0,"enemies":"Gremlin Nob","floor":8,"turns":1},{"damage":2,"enemies":"downfall:FleeingMerchant","floor":9,"turns":4},{"damage":0,"enemies":"Cultist","floor":10,"turns":2},{"damage":4,"enemies":"3 Sentries","floor":11,"turns":5},{"damage":5,"enemies":"downfall:FleeingMerchant","floor":12,"turns":4},{"damage":4,"enemies":"Exordium Thugs","floor":15,"turns":4},{"damage":21,"enemies":"SI_SHIV_ARCHETYPE","floor":16,"turns":10},{"damage":5,"enemies":"Shell Parasite","floor":19,"turns":6},{"damage":11,"enemies":"Centurion and Healer","floor":20,"turns":5},{"damage":0,"enemies":"downfall:FleeingMerchant","floor":21,"turns":4},{"damage":20,"enemies":"downfall:FleeingMerchant","floor":22,"turns":4},{"damage":26,"enemies":"Cultist and Chosen","floor":23,"turns":8},{"damage":30,"enemies":"Gremlin Leader","floor":26,"turns":7},{"damage":5,"enemies":"Snake Plant","floor":27,"turns":1}],"seed_played":"-3262020956682653750","potions_obtained":[{"floor":8,"key":"ColorlessPotion"},{"floor":10,"key":"hexamod:SoulburnPotion"},{"floor":15,"key":"DuplicationPotion"},{"floor":19,"key":"bronze:BuildAFunctionPotion"},{"floor":23,"key":"sneckomod:MuddlingPotion"}],"is_trial":false,"path_per_floor":["R","M","?","?","?","M","T","E","$","M","E","$","R","?","M","B",null,"R","M","M","$","$","M","T","?","E","M"],"character_chosen":"THE_AUTOMATON","items_purchased":["Orrery","bronze:ItsAFeature+1"],"campfire_rested":0,"item_purchase_floors":[9,12],"current_hp_per_floor":[70,70,70,70,70,70,70,70,68,68,64,59,59,59,55,34,70,70,65,54,54,34,8,8,31,1,0,0,0],"gold":95,"neow_bonus":"THREE_ENEMY_KILL","is_daily":false,"chose_seed":false,"campfire_upgraded":3,"win_rate":0.0,"timestamp":1611115000,"path_taken":["R","M","?","?","?","?","T","E","$","M","E","?","R","?","M","BOSS","R","M","M","$","$","M","T","?","E","M"],"items_purchased_type":["Relic","Card"],"build_version":"2020-12-22","purchased_purges":2,"victory":false,"max_hp_per_floor":[70,70,70,70,70,70,70,70,70,70,70,70,70,70,70,70,70,70,70,70,70,70,70,70,70,70,70,70,70],"card_choices":[{"not_picked":["bronze:Branch","bronze:NullPointer"],"picked":"bronze:Fortify","floor":2},{"not_picked":["bronze:OilSpill","bronze:Invalidate"],"picked":"bronze:Turbo","floor":6},{"not_picked":["bronze:BugBarrage","bronze:ForceShield"],"picked":"bronze:OilSpill","floor":8},{"not_picked":["bronze:DelayedGuard","bronze:WhirlingStrike"],"picked":"bronze:Boost","floor":9},{"not_picked":["bronze:WildBeam","bronze:ClassDefault+1"],"picked":"bronze:Format","floor":9},{"not_picked":["bronze:Separator","bronze:Invalidate"],"picked":"bronze:CleanCode+1","floor":9},{"not_picked":["bronze:ForceShield","bronze:Invalidate"],"picked":"bronze:Branch","floor":9},{"not_picked":["bronze:ChildClass","bronze:WildBeam"],"picked":"bronze:BronzeOrb","floor":9},{"not_picked":["bronze:Constructor","bronze:Shield"],"picked":"bronze:Terminator","floor":9},{"not_picked":["bronze:Turbo","bronze:Deprecate"],"picked":"bronze:GetLatest","floor":10},{"not_picked":["bronze:Boost","bronze:Repulsor+1"],"picked":"bronze:Branch","floor":11},{"not_picked":["bronze:DelayedGuard","bronze:BronzeArmor"],"picked":"bronze:Separator","floor":12},{"not_picked":["bronze:DelayedSlice","bronze:BugBarrage"],"picked":"bronze:ClassDefault+1","floor":15},{"not_picked":["bronze:RecursiveStrike","bronze:ShipIt"],"picked":"bronze:HardenedForm+1","floor":16},{"not_picked":["bronze:Terminator","bronze:BitShift","bronze:Frontload"],"picked":"SKIP","floor":19},{"not_picked":["bronze:BugBarrage","bronze:CutThrough+1","bronze:Separator"],"picked":"SKIP","floor":20},{"not_picked":["bronze:FollowUp+1","bronze:ChildClass"],"picked":"bronze:Verify+1","floor":21},{"not_picked":["bronze:DelayedGuard","bronze:ForceShield"],"picked":"bronze:Iterate","floor":22},{"not_picked":["bronze:Safeguard","bronze:BronzeOrb"],"picked":"bronze:Branch+1","floor":23},{"not_picked":["bronze:BugBarrage","bronze:Invalidate","bronze:DigitalCarnage"],"picked":"SKIP","floor":26}],"player_experience":216620,"relics_obtained":[{"floor":7,"key":"bronze:ProtectiveGoggles"},{"floor":8,"key":"Frozen Egg 2"},{"floor":11,"key":"WingedGreaves"},{"floor":26,"key":"Darkstone Periapt"}],"event_choices":[{"damage_healed":0,"gold_gain":0,"player_choice":"Box","damage_taken":0,"relics_obtained":["Bag of Marbles"],"max_hp_gain":0,"max_hp_loss":0,"event_name":"Big Fish","floor":4,"gold_loss":0,"cards_obtained":["Regret"]},{"damage_healed":0,"gold_gain":0,"player_choice":"Ignored","damage_taken":0,"max_hp_gain":0,"max_hp_loss":0,"event_name":"NoteForYourself","floor":5,"gold_loss":0},{"cards_removed":["Doubt"],"damage_healed":0,"gold_gain":0,"player_choice":"Card Removal","damage_taken":0,"max_hp_gain":0,"max_hp_loss":0,"event_name":"The Cleric","floor":14,"gold_loss":0},{"damage_healed":23,"gold_gain":0,"player_choice":"Heal","damage_taken":0,"max_hp_gain":0,"max_hp_loss":0,"event_name":"The Library","floor":25,"gold_loss":0}],"is_beta":false,"boss_relics":[{"not_picked":["SacredBark","Runic Pyramid"],"picked":"Runic Dome"}],"items_purged_floors":[9,21],"is_endless":false,"potions_floor_spawned":[8,10,15,19,23],"killed_by":"Snake Plant","ascension_level":0}}