{"host":"bos5votkudm6su2k","time":1611133457,"event":{"mods":["100% Spire Juice","Act Like it!","AlwaysNeverKeys","Arknights The Spire","BaseMod","Chinese 32Bit Patch","Colored Map","Colored Powertips","DeckTracker","Good Game Mod","Marked Mod","Minty Spire (QoL Compilation)","Quick Restart","StSLib","SuperFastMode","The Invoker Mod","Waifu the Spire"],"gold_per_floor":[110,110,67,86,17,46,196,215,215,230,264,264],"floor_reached":11,"language":"ZHS","playtime":249,"items_purged":[],"score":194,"play_id":"bfecdaca-90f3-41a1-ad9b-af337001333d","local_time":"20210120170417","is_ascension_mode":true,"campfire_choices":[],"circlet_count":0,"master_deck":["AscendersBane","Strike_R","Strike_R","Strike_R","Strike_R","Strike_R","Defend_R","Defend_R","Defend_R","Defend_R","Bash","Armaments","Shrug It Off","Headbutt","Metallicize","Flex+1","Doubt","Twin Strike"],"relics":["Burning Blood","REME:ComplimentaryCards","NeowsBlessing","The Courier","Toxic Egg 2","Meat on the Bone","Toy Ornithopter"],"acts_visited":["Exordium"],"potions_floor_usage":[],"damage_taken":[{"damage":0,"enemies":"Small Slimes","floor":1,"turns":1},{"damage":0,"enemies":"2 Louse","floor":4,"turns":1},{"damage":0,"enemies":"3 Sentries","floor":6,"turns":2},{"damage":12,"enemies":"Jaw Worm","floor":8,"turns":2},{"damage":6,"enemies":"Exordium Thugs","floor":10,"turns":5},{"damage":47,"enemies":"Lagavulin","floor":11,"turns":10}],"seed_played":"2449660324584874986","potions_obtained":[{"floor":4,"key":"SpeedPotion"},{"floor":8,"key":"Explosive Potion"}],"is_trial":false,"path_per_floor":["M","?","$","M","$","E","?","M","T","M","E"],"character_chosen":"IRONCLAD","items_purchased":["Shrug It Off","Metallicize"],"campfire_rested":0,"item_purchase_floors":[3,5],"current_hp_per_floor":[74,63,63,69,69,75,75,69,69,69,40,40],"gold":264,"neow_bonus":"THREE_ENEMY_KILL","is_daily":false,"chose_seed":false,"campfire_upgraded":0,"win_rate":0.0,"timestamp":1611133457,"path_taken":["M","?","$","M","$","E","?","M","T","M","E"],"items_purchased_type":["Card","Card"],"build_version":"2020-12-22","purchased_purges":0,"victory":false,"max_hp_per_floor":[75,75,75,75,75,75,75,75,75,75,75,75],"card_choices":[{"not_picked":["Thunderclap","Anger"],"picked":"Armaments","floor":1},{"not_picked":["Havoc","Second Wind"],"picked":"Headbutt","floor":4},{"not_picked":["Inflame","Disarm+1"],"picked":"Flex+1","floor":6},{"not_picked":["Body Slam","Havoc+1"],"picked":"Twin Strike","floor":8},{"not_picked":["Carnage","Perfected Strike","Combust"],"picked":"SKIP","floor":10}],"player_experience":442564,"relics_obtained":[{"floor":6,"key":"Toxic Egg 2"},{"floor":9,"key":"Meat on the Bone"},{"floor":11,"key":"Toy Ornithopter"}],"event_choices":[{"damage_healed":0,"gold_gain":0,"player_choice":"Success","damage_taken":11,"relics_obtained":["The Courier"],"max_hp_gain":0,"max_hp_loss":0,"event_name":"Scrap Ooze","floor":2,"gold_loss":0},{"damage_healed":0,"gold_gain":150,"player_choice":"AGREE","damage_taken":0,"max_hp_gain":0,"max_hp_loss":0,"event_name":"Liars Game","floor":7,"gold_loss":0,"cards_obtained":["Doubt"]}],"is_beta":false,"boss_relics":[],"items_purged_floors":[],"is_endless":false,"potions_floor_spawned":[4,8,11],"killed_by":"Lagavulin","ascension_level":16}}