{"host":"n605f8gctjc87d7h","time":1611158826,"event":{"mods":["Aspiration","Bard","BaseMod","Better Match","Better Note","Better Skull","Better Third Choice","Conspire","Halation","Hermit","Infinite Spire","Minty Spire (QoL Compilation)","Replay The Spire","Retaliation","Shade Mod","Spicy Shops","StS++","StSLib","The IronCluck"],"gold_per_floor":[117,128,138,252,12,12,25,56,56,56,69,79,79,79,79,154,154,172,172,183,183,183,183,197,228,302,302,320,320,420,438,438,438,438],"floor_reached":33,"language":"ENG","playtime":2349,"items_purged":["Defend_B"],"score":441,"play_id":"49ba1672-667d-4de3-bf3b-fba82df7ea36","local_time":"20210120080706","is_ascension_mode":true,"campfire_choices":[{"floor":6,"key":"REST"},{"floor":10,"key":"REST"},{"data":"Darkness","floor":13,"key":"SMITH"},{"data":"Leap","floor":15,"key":"SMITH"},{"data":"Dualcast","floor":23,"key":"SMITH"},{"floor":27,"key":"REST"},{"floor":29,"key":"REST"},{"floor":32,"key":"REST"}],"circlet_count":0,"master_deck":["AscendersBane","Strike_B","Strike_B","Strike_B","Defend_B","Zap+1","Dualcast+1","Leap+1","Genetic Algorithm","Darkness+1","DDmod:MulticlassingSkill","Leap","Glacier+1","Reboot","Streamline","ReplayTheSpireMod:Calculation Training+1","Pot Of Greed","Pot Of Greed","Redo+1"],"relics":["Cracked Core","halation:LettersToHer","infinitespire:EmpoweringShard","Empty Cage","Grinning Jar","Sundial"],"acts_visited":["Exordium","TheCity"],"potions_floor_usage":[8,12,16,20,33,33],"damage_taken":[{"damage":1,"enemies":"Cultist","floor":1,"turns":3},{"damage":0,"enemies":"conspire:RoseBush","floor":2,"turns":3},{"damage":0,"enemies":"Jaw Worm","floor":3,"turns":4},{"damage":6,"enemies":"Exordium Wildlife","floor":7,"turns":4},{"damage":26,"enemies":"Lagavulin","floor":8,"turns":7},{"damage":1,"enemies":"2 Fungi Beasts","floor":11,"turns":3},{"damage":0,"enemies":"conspire:2 RoseBushes","floor":12,"turns":6},{"damage":6,"enemies":"Slime Boss","floor":16,"turns":6},{"damage":0,"enemies":"3 Byrds","floor":18,"turns":5},{"damage":6,"enemies":"conspire:FuzzyDice","floor":20,"turns":7},{"damage":12,"enemies":"Shelled Parasite and Fungi","floor":24,"turns":6},{"damage":27,"enemies":"Slavers","floor":25,"turns":9},{"damage":0,"enemies":"3 Cultists","floor":28,"turns":6},{"damage":24,"enemies":"Cultist and Chosen","floor":31,"turns":5},{"damage":70,"enemies":"Pondfish","floor":33,"turns":10}],"seed_played":"-5891078796004683629","potions_obtained":[{"floor":3,"key":"ColorlessPotion"},{"floor":8,"key":"LifebloodPotion"},{"floor":11,"key":"Block Potion"},{"floor":16,"key":"LifebloodPotion"},{"floor":20,"key":"DDmod:CleansePotion"},{"floor":28,"key":"FocusPotion"}],"is_trial":false,"path_per_floor":["M","M","M","?","$","R","M","E","T","R","M","M","R","?","R","B",null,"M","?","M","?","$","R","M","E","T","R","M","R","?","M","R","B"],"character_chosen":"DEFECT","items_purchased":["DDmod:MulticlassingSkill","Leap"],"campfire_rested":5,"item_purchase_floors":[5,5],"current_hp_per_floor":[67,67,67,46,46,68,62,36,36,58,57,57,57,57,57,51,69,69,69,63,63,63,63,51,24,24,46,46,68,68,44,66,0,0],"gold":438,"neow_bonus":"THREE_CARDS","is_daily":false,"chose_seed":false,"campfire_upgraded":3,"win_rate":0.0,"timestamp":1611158826,"path_taken":["M","?","M","?","$","R","?","E","T","R","M","M","R","?","R","BOSS","M","?","M","?","?","R","?","E","T","R","M","R","?","M","R","BOSS"],"items_purchased_type":["Card","Card"],"build_version":"2020-12-22","purchased_purges":1,"victory":false,"max_hp_per_floor":[75,75,75,75,75,75,75,75,75,75,75,75,75,75,75,75,75,75,75,75,75,75,75,75,75,75,75,75,75,75,75,75,75,75],"card_choices":[{"not_picked":["ReplayTheSpireMod:Repulse","conspire:SharedLibrary"],"picked":"Leap","floor":0},{"not_picked":["Aggregate","StSpp:Channeliser"],"picked":"Genetic Algorithm","floor":1},{"not_picked":["Steam","Turbo","Hologram"],"picked":"SKIP","floor":2},{"not_picked":["Coolheaded","conspire:SharedLibrary"],"picked":"Darkness","floor":3},{"not_picked":["Beam Cell","Aggregate","BasicCrystalCard"],"picked":"SKIP","floor":7},{"not_picked":["Hologram","Stack","Rebound"],"picked":"SKIP","floor":8},{"not_picked":["Turbo","ReplayTheSpireMod:Repulse","Coolheaded"],"picked":"SKIP","floor":11},{"not_picked":["Stack","Steam","Hologram"],"picked":"SKIP","floor":12},{"not_picked":["StSpp:Converter","Creative AI"],"picked":"Reboot","floor":16},{"not_picked":["StSpp:Pointer","Beam Cell","Barrage"],"picked":"SKIP","floor":18},{"not_picked":["Rebound","Consume"],"picked":"ReplayTheSpireMod:Calculation Training+1","floor":20},{"not_picked":["Leap","Barrage+1","ReplaySort"],"picked":"SKIP","floor":24},{"not_picked":["StSpp:Igniter","Go for the Eyes"],"picked":"Redo+1","floor":25},{"not_picked":["Streamline","All For One","Stack"],"picked":"SKIP","floor":28},{"not_picked":["Coolheaded+1","conspire:Rain","conspire:SharedLibrary"],"picked":"SKIP","floor":31}],"player_experience":616835,"relics_obtained":[{"floor":8,"key":"halation:LettersToHer"},{"floor":9,"key":"halation:LettersToHer"},{"floor":9,"key":"infinitespire:EmpoweringShard"},{"floor":25,"key":"Grinning Jar"},{"floor":26,"key":"halation:LettersToHer"},{"floor":26,"key":"Sundial"}],"event_choices":[{"damage_healed":0,"gold_gain":114,"player_choice":"GO UP ","damage_taken":24,"relics_obtained":[],"max_hp_gain":0,"max_hp_loss":0,"event_name":"betterSkull:BetterSkull","floor":4,"gold_loss":0,"cards_upgraded":["Zap"]},{"damage_healed":0,"gold_gain":0,"player_choice":"Read","damage_taken":0,"max_hp_gain":0,"max_hp_loss":0,"event_name":"The Library","floor":19,"gold_loss":0,"cards_obtained":["Streamline"]},{"damage_healed":0,"gold_gain":0,"player_choice":"Ignored","damage_taken":0,"max_hp_gain":0,"max_hp_loss":0,"event_name":"Cursed Tome","floor":21,"gold_loss":0},{"damage_healed":0,"gold_gain":100,"player_choice":"Pray","damage_taken":0,"max_hp_gain":0,"max_hp_loss":0,"event_name":"Golden Shrine","floor":30,"gold_loss":0}],"is_beta":false,"boss_relics":[{"not_picked":["aspiration:RunicSpoon","aspiration:FutureDiary"],"picked":"Empty Cage"}],"items_purged_floors":[5],"is_endless":false,"potions_floor_spawned":[3,8,11,16,20,28,31],"killed_by":"Pondfish","ascension_level":13}}