{"host":"i0avyit1s6jb1siw","time":1611167195,"event":{"mods":["BaseMod","DeckTracker","Dota2Spire","Downfall","Highlight Path","Minty Spire (QoL Compilation)","Quick Restart","StSLib","SuperFastMode"],"gold_per_floor":[99,116,126,139,139,165,165,3,17,17,34,45,45,145,163,259,259,259,276,293,312,361,361,443,476,476,492,178,193,50,68,87,186,186,186,205,216,216,267,294,294,294,327,341,352,363,363,494,514,514,514,514],"floor_reached":50,"language":"ENG","playtime":2766,"items_purged":["Slimebound:Strike_Slimebound","Slimebound:Strike_Slimebound","Clumsy"],"score":605,"play_id":"09765545-d307-4113-980b-6a26df8d01d9","local_time":"20210120192635","is_ascension_mode":false,"campfire_choices":[{"data":"Slimebound:Tackle","floor":1,"key":"SMITH"},{"data":"Slimebound:GoopSpray","floor":10,"key":"SMITH"},{"data":"Slimebound:MegaLick","floor":13,"key":"SMITH"},{"data":"Slimebound:Split","floor":18,"key":"SMITH"},{"data":"Slimebound:RejuvenatingLick","floor":23,"key":"SMITH"},{"data":"Slimebound:OozeBath","floor":26,"key":"SMITH"},{"floor":35,"key":"RECALL"},{"data":"Slimebound:HauntingLick","floor":42,"key":"SMITH"},{"data":"Slimebound:HauntingLick","floor":47,"key":"SMITH"}],"circlet_count":0,"master_deck":["Slimebound:Tackle+1","Slimebound:Defend_Slimebound","Slimebound:Defend_Slimebound","Slimebound:Defend_Slimebound","Slimebound:Defend_Slimebound","Slimebound:Split","Slimebound:CorrosiveSpit","Slimebound:ItLooksTasty","Slimebound:Prepare","Slimebound:LevelUp","Slimebound:SlimeTap","Slimebound:OozeBath+1","Slimebound:RejuvenatingLick+1","Slimebound:GoopSpray+1","Slimebound:MegaLick+1","Slimebound:Split+1","Slimebound:LivingWall","Slimebound:Chomp","Slimebound:PrepareCrush","Madness","Slimebound:SplitMire","Slimebound:LeechLife","Slimebound:MassRepurpose","Slimebound:SplitAcid+1","Slimebound:HauntingLick+1","Slimebound:LeechingTouch","Slimebound:SpikyOuterGoop","Slimebound:MegaLick","Slimebound:Equalize+1","Slimebound:LeechingTouch","Slimebound:GoopSpray+1","Slimebound:OozeBath","Slimebound:TongueLash+1","Slimebound:HauntingLick+1","Slimebound:HauntingLick+1","Slimebound:RejuvenatingLick+1","Slimebound:SlimeSpikes+1","Slimebound:Schlurp","Slimebound:ViciousTackle","Slimebound:Schlurp+1","Slimebound:RainOfGoop","Slimebound:MegaLick+1"],"relics":["Slimebound:AbsorbEndCombat","downfall:ShatteredFragment","Dota2Spire:OrchidMalevolence","TungstenRod","downfall:GremlinSack","Dota2Spire:Bloodstone","Dota2Spire:BlackKingBar","Tiny Chest","Membership Card","Dota2Spire:AghanimScepter","Dota2Spire:RefresherOrb","MealTicket","Dota2Spire:DrumOfEndurance","Dota2Spire:MantaStyle","HornCleat","Eternal Feather"],"acts_visited":["Exordium","TheCity","TheBeyond"],"potions_floor_usage":[14],"damage_taken":[{"damage":4,"enemies":"Small Slimes","floor":2,"turns":4},{"damage":5,"enemies":"2 Louse","floor":3,"turns":4},{"damage":0,"enemies":"Cultist","floor":4,"turns":3},{"damage":32,"enemies":"Lagavulin","floor":6,"turns":5},{"damage":6,"enemies":"downfall:FleeingMerchant","floor":8,"turns":4},{"damage":2,"enemies":"Red Slaver","floor":9,"turns":2},{"damage":6,"enemies":"Lots of Slimes","floor":11,"turns":3},{"damage":2,"enemies":"Exordium Thugs","floor":12,"turns":3},{"damage":31,"enemies":"Exordium Thugs","floor":14,"turns":4},{"damage":6,"enemies":"Blue Slaver","floor":15,"turns":3},{"damage":26,"enemies":"SI_SHIV_ARCHETYPE","floor":16,"turns":7},{"damage":3,"enemies":"Shell Parasite","floor":19,"turns":4},{"damage":8,"enemies":"Chosen","floor":20,"turns":3},{"damage":15,"enemies":"Snecko","floor":21,"turns":4},{"damage":37,"enemies":"Slavers","floor":25,"turns":5},{"damage":9,"enemies":"Sentry and Sphere","floor":27,"turns":5},{"damage":6,"enemies":"downfall:FleeingMerchant","floor":28,"turns":4},{"damage":17,"enemies":"Shelled Parasite and Fungi","floor":29,"turns":4},{"damage":10,"enemies":"downfall:FleeingMerchant","floor":30,"turns":4},{"damage":9,"enemies":"Snecko","floor":31,"turns":4},{"damage":12,"enemies":"Sentry and Sphere","floor":32,"turns":4},{"damage":12,"enemies":"IC_MUSHROOM_ARCHETYPE","floor":33,"turns":6},{"damage":0,"enemies":"3 Shapes","floor":36,"turns":3},{"damage":2,"enemies":"Orb Walker","floor":37,"turns":3},{"damage":10,"enemies":"Nemesis","floor":40,"turns":6},{"damage":20,"enemies":"Giant Head","floor":43,"turns":6},{"damage":4,"enemies":"Maw","floor":44,"turns":7},{"damage":0,"enemies":"3 Darklings","floor":45,"turns":4},{"damage":0,"enemies":"Transient","floor":46,"turns":5},{"damage":0,"enemies":"downfall:FleeingMerchant","floor":48,"turns":3},{"damage":0,"enemies":"Maw","floor":49,"turns":5},{"damage":155,"enemies":"WA_ARCHETYPE_DIVINITY","floor":50,"turns":7}],"seed_played":"-5989550568555696111","potions_obtained":[{"floor":9,"key":"Energy Potion"},{"floor":11,"key":"bronze:BurnAndBuffPotion"},{"floor":12,"key":"sneckomod:MuddlingPotion"},{"floor":14,"key":"DuplicationPotion"},{"floor":20,"key":"Slimebound:SlimedPotion"}],"is_trial":false,"path_per_floor":["R","M","M","M","?","E","T","$","M","R","M","M","R","?","M","B",null,"R","M","M","M","T","R","T","E","R","M","$","M","$","M","M","B",null,"R","M","M","?","T","E","T","R","E","M","M","M","R","$","M","B"],"character_chosen":"SLIMEBOUND","items_purchased":["Slimebound:RejuvenatingLick","Membership Card","Slimebound:LeechingTouch","Slimebound:SpikyOuterGoop","Slimebound:MegaLick","Dota2Spire:AghanimScepter","Slimebound:RainOfGoop","Eternal Feather"],"campfire_rested":0,"item_purchase_floors":[8,28,28,28,28,30,48,48],"current_hp_per_floor":[71,69,66,70,52,28,28,28,30,30,32,38,38,15,17,11,71,71,68,66,61,61,61,61,40,40,59,67,58,60,57,67,62,71,71,71,71,71,71,69,69,69,51,67,71,71,71,71,71,0,0,0],"gold":514,"neow_bonus":"TEN_PERCENT_HP_BONUS","is_daily":false,"chose_seed":false,"campfire_upgraded":8,"win_rate":0.0,"timestamp":1611167195,"path_taken":["R","M","M","M","?","E","T","$","M","R","M","M","R","?","M","BOSS","R","M","M","?","?","R","T","E","R","?","?","M","$","M","M","BOSS","R","M","M","?","?","E","T","R","E","M","?","M","R","$","M","BOSS"],"items_purchased_type":["Card","Relic","Card","Card","Card","Relic","Card","Relic"],"build_version":"2020-12-22","purchased_purges":3,"victory":false,"max_hp_per_floor":[71,71,71,71,71,71,71,71,71,71,71,71,71,71,71,71,71,71,71,71,71,71,71,71,71,71,71,71,71,71,71,71,71,71,71,71,71,71,71,71,71,71,71,71,71,71,71,71,71,71,71,71],"card_choices":[{"not_picked":["Slimebound:SlimeSpikes","Slimebound:SplitBruiser"],"picked":"Slimebound:ItLooksTasty","floor":2},{"not_picked":["Slimebound:SplitBruiser","Slimebound:GrowthPunch"],"picked":"Slimebound:Prepare","floor":3},{"not_picked":["Slimebound:GoopTackle","Slimebound:ItLooksTasty"],"picked":"Slimebound:LevelUp","floor":4},{"not_picked":["Slimebound:SlimeBarrage","Slimebound:DuplicatedForm"],"picked":"Slimebound:SlimeTap","floor":6},{"not_picked":["Slimebound:LeadByExample","Slimebound:SplitBruiser"],"picked":"Slimebound:OozeBath","floor":8},{"not_picked":["Slimebound:RainOfGoop","Slimebound:SplitMire"],"picked":"Slimebound:GoopSpray","floor":9},{"not_picked":["Slimebound:LivingWall","Slimebound:PressTheAttack"],"picked":"Slimebound:MegaLick","floor":11},{"not_picked":["Slimebound:PressTheAttack","Slimebound:DisruptingSlam","Slimebound:Chomp"],"picked":"SKIP","floor":12},{"not_picked":["Slimebound:PressTheAttack","Slimebound:SpikyOuterGoop"],"picked":"Slimebound:SplitMire","floor":14},{"not_picked":["Slimebound:Prepare","Slimebound:Nibble"],"picked":"Slimebound:LeechLife","floor":15},{"not_picked":["Slimebound:MinionMaster","Slimebound:PrepareCrush"],"picked":"Slimebound:MassRepurpose","floor":16},{"not_picked":["Slimebound:FlameTackle","Slimebound:Gluttony"],"picked":"Slimebound:SplitAcid+1","floor":19},{"not_picked":["Slimebound:RollThrough","Slimebound:GoopTackle"],"picked":"Slimebound:HauntingLick","floor":20},{"not_picked":["Slimebound:GrowthPunch+1","Slimebound:Chomp","Slimebound:SlimeBarrage"],"picked":"SKIP","floor":21},{"not_picked":["Slimebound:ComboTackle+1","Slimebound:SplitAcid+1","Slimebound:Overexert"],"picked":"SKIP","floor":25},{"not_picked":["Slimebound:Nibble","Slimebound:Prepare","Slimebound:SamplingLick"],"picked":"SKIP","floor":27},{"not_picked":["Slimebound:SplitAcid","Slimebound:GoopTackle","Slimebound:SlimeBrawl"],"picked":"SKIP","floor":28},{"not_picked":["Slimebound:SpikyOuterGoop","Slimebound:FlameTackle"],"picked":"Slimebound:Equalize+1","floor":29},{"not_picked":["Slimebound:Equalize","Slimebound:SplitMire"],"picked":"Slimebound:LeechingTouch","floor":30},{"not_picked":["Slimebound:FormOfPuddle","Slimebound:RollThrough+1","Slimebound:FinishingTackle"],"picked":"SKIP","floor":31},{"not_picked":["Slimebound:DisruptingSlam","Slimebound:ItLooksTasty"],"picked":"Slimebound:GoopSpray+1","floor":32},{"not_picked":["Slimebound:PrepareCrush","Slimebound:Overexert"],"picked":"Slimebound:OozeBath","floor":33},{"not_picked":["Slimebound:HauntingLick","Slimebound:SlimeSpikes+1"],"picked":"Slimebound:TongueLash+1","floor":36},{"not_picked":["Slimebound:SplitMire","Slimebound:Repurpose"],"picked":"Slimebound:HauntingLick+1","floor":37},{"not_picked":["Slimebound:Dissolve+1","Slimebound:SplitLeeching"],"picked":"Slimebound:RejuvenatingLick+1","floor":40},{"not_picked":["Slimebound:Nibble+1","Slimebound:ForwardTackle","Slimebound:Replication"],"picked":"SKIP","floor":43},{"not_picked":["Slimebound:DuplicatedForm","Slimebound:SplitMire"],"picked":"Slimebound:SlimeSpikes+1","floor":44},{"not_picked":["Slimebound:Gluttony","Slimebound:SplitMire+1"],"picked":"Slimebound:Schlurp","floor":45},{"not_picked":["Slimebound:GrowthPunch","Slimebound:PressTheAttack+1"],"picked":"Slimebound:ViciousTackle","floor":46},{"not_picked":["Slimebound:ItLooksTasty","Slimebound:SlimeSpikes"],"picked":"Slimebound:Schlurp+1","floor":48},{"not_picked":["Slimebound:GoopTackle+1","Slimebound:LeechEnergy"],"picked":"Slimebound:MegaLick+1","floor":49}],"player_experience":2308695,"relics_obtained":[{"floor":6,"key":"Dota2Spire:OrchidMalevolence"},{"floor":7,"key":"TungstenRod"},{"floor":14,"key":"downfall:GremlinSack"},{"floor":24,"key":"Dota2Spire:BlackKingBar"},{"floor":25,"key":"Tiny Chest"},{"floor":39,"key":"MealTicket"},{"floor":40,"key":"Dota2Spire:DrumOfEndurance"},{"floor":41,"key":"Dota2Spire:MantaStyle"},{"floor":43,"key":"HornCleat"}],"event_choices":[],"is_beta":false,"boss_relics":[{"not_picked":["Sozu","Runic Pyramid"],"picked":"Dota2Spire:Bloodstone"},{"not_picked":["Busted Crown","Runic Dome"],"picked":"Dota2Spire:RefresherOrb"}],"items_purged_floors":[8,28,48],"is_endless":false,"potions_floor_spawned":[9,11,12,14,15,20,21,29,31,32,33,43,45,46],"killed_by":"WA_ARCHETYPE_DIVINITY","ascension_level":0}}