{"host":"cbu6enf2xtq4r7r3","time":1611101822,"event":{"mods":["2.2 Compatiblity","AlwaysNeverKeys","BaseMod","Better Match","Better Note","Better Sensory Stone","Better Skull","Better Third Choice","Colored Map","Colored Powertips","Defuse TimeMaze Blight","Emptier Cage","Minty Spire (QoL Compilation)","Permanent Neow","Quick Restart","Random Character Button","Relic Sorter","Reorder Act Four","Shop Mod","StSLib"],"gold_per_floor":[112,128,146,146,146,146,146,187,187,212,212,8,8,41,41,160,160,185,185,185],"floor_reached":19,"language":"ENG","playtime":491,"items_purged":["Strike_R"],"score":281,"play_id":"912ceaeb-0f97-4281-8ec2-40dd3eb6c884","local_time":"20210120011702","is_ascension_mode":true,"campfire_choices":[{"data":"Bash","floor":6,"key":"SMITH"},{"data":"Iron Wave","floor":11,"key":"SMITH"},{"data":"Thunderclap","floor":13,"key":"SMITH"},{"data":"Anger","floor":15,"key":"SMITH"}],"circlet_count":0,"master_deck":["Strike_R","Strike_R","Strike_R","Defend_R","Defend_R","Defend_R","Defend_R","Bash+1","Clothesline","Reckless Charge","Cleave","Iron Wave+1","Thunderclap+1","Anger+1","Corruption","True Grit+1"],"relics":["Burning Blood","Golden Idol","The Courier","Bottled Flame","Brimstone","Eternal Feather","Philosopher\u0027s Stone"],"acts_visited":["Exordium","TheCity"],"potions_floor_usage":[8],"damage_taken":[{"damage":0,"enemies":"Small Slimes","floor":1,"turns":3},{"damage":8,"enemies":"Jaw Worm","floor":2,"turns":5},{"damage":1,"enemies":"2 Louse","floor":3,"turns":2},{"damage":19,"enemies":"3 Sentries","floor":8,"turns":10},{"damage":12,"enemies":"Gremlin Gang","floor":10,"turns":3},{"damage":8,"enemies":"Gremlin Nob","floor":14,"turns":3},{"damage":0,"enemies":"Slime Boss","floor":16,"turns":3},{"damage":34,"enemies":"2 Thieves","floor":18,"turns":4},{"damage":0,"enemies":"3 Byrds","floor":19,"turns":1}],"seed_played":"4877806417199369142","potions_obtained":[{"floor":3,"key":"PowerPotion"},{"floor":10,"key":"Ancient Potion"},{"floor":18,"key":"Energy Potion"}],"is_trial":false,"path_per_floor":["M","M","M","?","?","R","?","E","T","M","R","$","R","E","R","B",null,"M","M"],"character_chosen":"IRONCLAD","items_purchased":["Brimstone","Thunderclap"],"campfire_rested":0,"item_purchase_floors":[12,12],"current_hp_per_floor":[88,86,88,88,81,81,81,68,68,62,62,62,62,60,66,72,79,51,51,51],"gold":185,"neow_bonus":"TEN_PERCENT_HP_BONUS","is_daily":false,"chose_seed":false,"campfire_upgraded":4,"win_rate":0.0,"timestamp":1611101822,"path_taken":["M","M","M","?","?","R","?","E","T","?","R","$","R","E","R","BOSS","M","M"],"items_purchased_type":["Relic","Card"],"build_version":"2020-12-22","purchased_purges":1,"victory":false,"max_hp_per_floor":[88,88,88,88,81,81,81,81,81,81,81,81,81,81,81,81,81,81,81,81],"card_choices":[{"not_picked":["Shrug It Off","Headbutt"],"picked":"Clothesline","floor":1},{"not_picked":["Headbutt","Thunderclap"],"picked":"Reckless Charge","floor":2},{"not_picked":["Headbutt","Dual Wield"],"picked":"Cleave","floor":3},{"not_picked":["Body Slam","Offering"],"picked":"Iron Wave","floor":8},{"not_picked":["Entrench","Sever Soul","Feel No Pain"],"picked":"SKIP","floor":10},{"not_picked":["Infernal Blade","Juggernaut"],"picked":"Anger","floor":14},{"not_picked":["Limit Break","Barricade"],"picked":"Corruption","floor":16},{"not_picked":["Warcry","Clothesline"],"picked":"True Grit+1","floor":18}],"player_experience":104790,"relics_obtained":[{"floor":8,"key":"The Courier"},{"floor":9,"key":"Bottled Flame"},{"floor":14,"key":"Eternal Feather"}],"event_choices":[{"damage_healed":0,"gold_gain":0,"player_choice":"Ignored","damage_taken":146,"max_hp_gain":0,"max_hp_loss":0,"event_name":"betterThird:BetterSerpent","floor":4,"gold_loss":0},{"damage_healed":0,"gold_gain":0,"player_choice":"Lose Max HP","damage_taken":0,"relics_obtained":["Golden Idol"],"max_hp_gain":0,"max_hp_loss":7,"event_name":"Golden Idol","floor":5,"gold_loss":0},{"cards_removed":["Strike_R"],"damage_healed":0,"gold_gain":0,"player_choice":"Offered Basic","damage_taken":0,"max_hp_gain":0,"max_hp_loss":0,"event_name":"Bonfire Elementals","floor":7,"gold_loss":0}],"is_beta":false,"boss_relics":[{"not_picked":["Runic Cube","Astrolabe"],"picked":"Philosopher\u0027s Stone"}],"items_purged_floors":[12],"is_endless":false,"potions_floor_spawned":[3,10,18],"killed_by":"3 Byrds","ascension_level":5}}