{"host":"m4zn6rtsd36lrr22","time":1611137306,"event":{"mods":["2.2 Compatiblity","Act Like it!","BaseMod","Better Synergies","BetterRewards","CapriCore","Colored Map","Custom Start","Gensokyo","GungeonMod","HololiveMod","Ironclad Rager","Lobotomy","LobotomyExtend","Luminous","Minty Spire (QoL Compilation)","Permanent Neow","Poor People Problems","Prisma Mod","Quick Restart","Reimu（博丽灵梦）","Relic Stats","Remilia（蕾米莉亚）","Remove Card Discount Mod","Replay The Spire","RumiaBox-露米娅的神秘盒子","Shop Mod","Spicy Shops","StSLib","The Alterego","The Animator","The Immortal","WarShipGirlsR/战舰少女R mod","Yakumo Yukari mod","noobMod","【功能Mod】混沌之环修复补丁","【遗物卡牌】REMEMod"],"gold_per_floor":[236,236,252,252,263,297,132,143,143,172,16,26,0,0,0,104,104,104,104,104,104,114,114,124,124,173,173,186,78,107,126,214,319,319,339,339,339,83,100,100,429,429,478,478,488,146,157,157,157,157,157,157,157,7,41,241],"floor_reached":57,"language":"ZHS","playtime":1627,"items_purged":["AT_purpleEX","Defend_purpleEX","Defend_purpleEX","AT_purpleEX","Defend_purpleEX","AT_purpleEX","RuleDissolution_purple","RuleDissolution_purple","RuleDissolution_purple","RuleDissolution_purple"],"score":1431,"play_id":"5d623ae9-76b5-4f5c-9d0b-5e50dbbe7a52","local_time":"20210120180826","is_ascension_mode":false,"campfire_choices":[{"floor":25,"key":"RECALL"},{"data":"Boundary_of_Extermination_purpleEX","floor":40,"key":"SMITH"},{"data":"ContainerChange_purple","floor":42,"key":"SMITH"},{"data":"Theboundaryofcreation_purpleEX","floor":49,"key":"SMITH"},{"data":"RealityDreamConfluencek_purple","floor":53,"key":"SMITH"}],"circlet_count":0,"master_deck":["AT_purpleEX","Defend_purpleEX","Observe_purple_1","Observe_purple_2","WeekHit_purple","Bait_HighSpeedFlying_purple","Worldmountain_purple","ContainerChange_purple+1","WasteWire_Metro_purple","Nest_LightFlightworm_purple","StateErode_purple+1","WangLiang_LineAndCurveDreams_purple","OmniscientAndOmnipotent_Monster_purple","RealityDreamConfluencek_purple+1","MeetDecomposer_purple+1","Boundary_of_Extermination_purpleEX+1","Mirror_FormAndEmptin_purple+1","Line_surface_state_purple+1","BarrageBoundary_PipeDream_purple","Gensokyo:LockedMedkit","Theboundaryofcreation_purpleEX+1","Worldmountain_purple+1","CommonSense_AntiCommonSense_purple","Boundary_ObjectiveBoundary_purple","Shallow_ocean_purpleEX","Mirror_Drifter_purple","ButterflyHabitatTemple_purple+1","MeetDecomposer_purple","Fantasy_PerpetualMotionMachine_purple"],"relics":["Boundary_crack","Memoryfragments_purpleEX","REME_ComplimentaryCards","ice","LetterFromLob","Happy Flower","Boot","Mastiff:ReiMu","Gensokyo:CelestialsFlawlessClothing","Gensokyo:SongOfSouls","Bag of Marbles","Gremlin Horn","DemoMod:VorpalBullet","Blood Vial","REME_PuzzleBoxRelic","SecretRecord","Ice Cream"],"acts_visited":["Gensokyo:Gensokyo","Gensokyo:Gensokyoer","Gensokyo:Gensokyoest","TheEnding"],"potions_floor_usage":[],"damage_taken":[{"damage":43,"enemies":"Gensokyo:3_Fairies","floor":1,"turns":7},{"damage":33,"enemies":"Gensokyo:Gryphon","floor":3,"turns":6},{"damage":10,"enemies":"Gensokyo:Python","floor":5,"turns":3},{"damage":35,"enemies":"Gensokyo:Aya","floor":6,"turns":6},{"damage":0,"enemies":"Gensokyo:LivingMonolith","floor":8,"turns":2},{"damage":18,"enemies":"Gensokyo:Cirno","floor":10,"turns":5},{"damage":0,"enemies":"Gensokyo:VengefulSpirit","floor":12,"turns":3},{"damage":11,"enemies":"Gensokyo:Kokoro","floor":16,"turns":4},{"damage":0,"enemies":"Gensokyo:CosmicMonolith","floor":22,"turns":2},{"damage":1,"enemies":"Gensokyo:3_Dogs","floor":24,"turns":2},{"damage":0,"enemies":"Gensokyo:Chomper_and_Gloop","floor":28,"turns":1},{"damage":26,"enemies":"Gensokyo:Koishi","floor":30,"turns":4},{"damage":9,"enemies":"Gensokyo:Wraith","floor":31,"turns":2},{"damage":0,"enemies":"Gensokyo:Eternal_Rivals","floor":33,"turns":5},{"damage":0,"enemies":"Gensokyo:3_Bats","floor":35,"turns":2},{"damage":0,"enemies":"Gensokyo:AncientGuardian","floor":39,"turns":2},{"damage":4,"enemies":"Gensokyo:Doremy","floor":41,"turns":3},{"damage":0,"enemies":"Gensokyo:Rafflesia","floor":45,"turns":4},{"damage":0,"enemies":"Gensokyo:AtlasGolem","floor":47,"turns":2},{"damage":8,"enemies":"Gensokyo:Yuyuko","floor":50,"turns":4},{"damage":0,"enemies":"Shield and Spear","floor":55,"turns":1},{"damage":48,"enemies":"The Heart","floor":56,"turns":5}],"seed_played":"849396326918534670","potions_obtained":[{"floor":1,"key":"Swift Potion"},{"floor":6,"key":"AttackPotion"},{"floor":10,"key":"Energy Potion"}],"is_trial":false,"path_per_floor":["M","COS","M","?","M","E","$","M","T","E","$","M","?","?","R_BF","B",null,"M","?","?","?","M","?","M","R","T","$","M","$","E","M","R_BF","B",null,"M","?","?","COS","M","R","E","R","T","?","M","$","M","?","R","B",null,null,"R","$","E","B",null],"character_chosen":"Youkari","items_purchased":["ContainerChange_purple","WasteWire_Metro_purple","Boundary_of_Extermination_purpleEX","CommonSense_AntiCommonSense_purple","Boundary_ObjectiveBoundary_purple","RuleDissolution_purple","Shallow_ocean_purpleEX","Mirror_Drifter_purple","RuleDissolution_purple","MeetDecomposer_purple","Fantasy_PerpetualMotionMachine_purple"],"campfire_rested":0,"item_purchase_floors":[7,11,29,46,46,46,46,46,54,54,54],"current_hp_per_floor":[27,27,64,64,55,20,20,20,20,3,3,81,81,61,81,72,85,85,85,85,85,85,85,85,85,85,85,85,85,59,50,50,56,98,98,98,59,59,62,62,59,59,59,59,63,63,69,73,73,77,77,107,107,107,107,66],"gold":241,"neow_bonus":"HUNDRED_GOLD","is_daily":false,"chose_seed":false,"campfire_upgraded":4,"win_rate":0.0,"timestamp":1611137306,"path_taken":["M","COS","M","?","M","E","$","?","T","E","$","M","?","?","R_BF","BOSS","M","?","?","?","?","?","?","R","T","$","M","$","E","M","R_BF","BOSS","M","?","?","COS","M","R","E","R","T","?","M","$","?","?","R","BOSS","R","$","E","BOSS"],"items_purchased_type":["Card","Card","Card","Card","Card","Card","Card","Card","Card","Card","Card"],"build_version":"2020-12-22","purchased_purges":10,"victory":true,"max_hp_per_floor":[70,70,71,71,73,78,78,78,78,81,81,81,81,81,81,85,85,85,85,85,85,86,86,89,89,89,89,89,89,92,96,96,98,98,99,99,99,99,99,99,102,102,102,102,105,105,105,105,105,107,107,107,107,107,107,164],"relic_stats":{"Blood Vial":4,"Happy Flower":[20],"Gremlin Horn":[11,11],"counters":[22,75],"Boot":[10],"obtain_stats":[{"Ice Cream":55,"Happy Flower":4,"Gremlin Horn":30,"DemoMod:GlassGuonStoneRelic":1,"SecretRecord":50,"ice":0,"Boundary_crack":0,"Gensokyo:CelestialsFlawlessClothing":14,"Boot":6,"Blood Vial":41,"Frozen Eye":30,"Mastiff:ReiMu":10,"LetterFromLob":1,"Bag of Marbles":26,"REME_PuzzleBoxRelic":43,"DemoMod:VorpalBullet":37,"Memoryfragments_purpleEX":0,"REME_ComplimentaryCards":0,"Gensokyo:SongOfSouls":21},{"Ice Cream":21,"Happy Flower":2,"Gremlin Horn":12,"DemoMod:GlassGuonStoneRelic":1,"SecretRecord":20,"ice":0,"Boundary_crack":0,"Gensokyo:CelestialsFlawlessClothing":7,"Boot":4,"Blood Vial":17,"Frozen Eye":11,"Mastiff:ReiMu":6,"LetterFromLob":1,"Bag of Marbles":10,"REME_PuzzleBoxRelic":17,"DemoMod:VorpalBullet":15,"Memoryfragments_purpleEX":0,"REME_ComplimentaryCards":0,"Gensokyo:SongOfSouls":8},{"Ice Cream":70,"Happy Flower":13,"Gremlin Horn":45,"DemoMod:GlassGuonStoneRelic":7,"SecretRecord":66,"ice":0,"Boundary_crack":0,"Gensokyo:CelestialsFlawlessClothing":32,"Boot":22,"Blood Vial":59,"Frozen Eye":41,"Mastiff:ReiMu":29,"LetterFromLob":7,"Bag of Marbles":40,"REME_PuzzleBoxRelic":59,"DemoMod:VorpalBullet":54,"Memoryfragments_purpleEX":0,"REME_ComplimentaryCards":0,"Gensokyo:SongOfSouls":36}]},"card_choices":[{"not_picked":["SharpContractionReality_purple","Bait_Toxicbait_purple"],"picked":"WeekHit_purple","floor":1},{"not_picked":["SfantasyHide_purple","Nest_LightFlightworm_purple"],"picked":"Bait_HighSpeedFlying_purple","floor":3},{"not_picked":["SfantasyHide_purple","WingOfChimera_purple"],"picked":"Worldmountain_purple","floor":5},{"not_picked":["Umbrella_purple","Bait_Toxicbait_purple","WeekHit_purple"],"picked":"SKIP","floor":6},{"not_picked":["RuleDissolution_purple","StateErode_purple","ExistenceContinue_purple"],"picked":"SKIP","floor":8},{"not_picked":["Shallow_ocean_purpleEX","Worldmountain_purple","Charmbait_purple"],"picked":"SKIP","floor":10},{"not_picked":["Worldmountain_purple","Mirror_WaveAndshot_purple","Anti_communist_purple"],"picked":"SKIP","floor":12},{"not_picked":[],"picked":"Nest_LightFlightworm_purple","floor":13},{"not_picked":[],"picked":"StateErode_purple","floor":13},{"not_picked":[],"picked":"RuleDissolution_purple","floor":13},{"not_picked":[],"picked":"WangLiang_LineAndCurveDreams_purple","floor":13},{"not_picked":["Human_Monster_Realm_purple","D_absorption_purple"],"picked":"LoveAcrossDimensions_purple","floor":16},{"not_picked":["AdvanceAttack_purple","SharpContractionReality_purple"],"picked":"OmniscientAndOmnipotent_Monster_purple","floor":22},{"not_picked":["Mirror_FormAndEmptin_purple","StateDuplicate_purple+1"],"picked":"RealityDreamConfluencek_purple","floor":24},{"not_picked":["Mirror_FormAndEmptin_purple+1","SharpContractionReality_purple"],"picked":"MeetDecomposer_purple+1","floor":28},{"not_picked":["StateErode_purple","Erosivefilter_purple"],"picked":"Mirror_FormAndEmptin_purple+1","floor":30},{"not_picked":["Shallow_ocean_purpleEX","SharpContractionReality_purple"],"picked":"Line_surface_state_purple+1","floor":31},{"not_picked":["WasteWire_Metro_purple","D_absorption_purple"],"picked":"BarrageBoundary_PipeDream_purple","floor":33},{"not_picked":["ExistenceContinue_purple","Shallow_ocean_purpleEX","RuleDissolution_purple+1"],"picked":"SKIP","floor":35},{"not_picked":["Charmbait_purple","RuptureOfTimeAndSpace_purple+1","ExistenceContinue_purple+1"],"picked":"SKIP","floor":39},{"not_picked":["BarrageBoundary_PipeDream_purple","LoveAcrossDimensions_purple"],"picked":"Theboundaryofcreation_purpleEX","floor":41},{"not_picked":["MeetDecomposer_purple+1","LoveAcrossDimensions_purple","Mirror_FormAndEmptin_purple"],"picked":"SKIP","floor":41},{"not_picked":["SharpContractionReality_purple","StateDuplicate_purple+1"],"picked":"Worldmountain_purple+1","floor":45},{"not_picked":["OmniscientAndOmnipotent_Monster_purple+1","Yakumo_Ran_purple+1"],"picked":"ButterflyHabitatTemple_purple+1","floor":47},{"not_picked":["MeetDecomposer_purple+1","SharpContractionReality_purple+1","Mirror_Drifter_purple"],"picked":"SKIP","floor":55}],"player_experience":341056,"relics_obtained":[{"floor":1,"key":"LetterFromLob"},{"floor":6,"key":"Boot"},{"floor":10,"key":"Mastiff:ReiMu"},{"floor":26,"key":"Bag of Marbles"},{"floor":30,"key":"Gremlin Horn"},{"floor":41,"key":"Blood Vial"},{"floor":43,"key":"REME_PuzzleBoxRelic"},{"floor":55,"key":"Ice Cream"}],"event_choices":[],"is_beta":false,"boss_relics":[{"not_picked":["SlaversCollar","Runic Pyramid","Hololive_Finger"]},{"not_picked":["ReplayTheSpireMod:DimensionalGlitch","Busted Crown","Ring of Chaos"]}],"items_purged_floors":[7,7,7,7,7,11,54,54,54,54],"is_endless":false,"potions_floor_spawned":[1,6,10,12,16,24,28,30,33,35,45,47],"ascension_level":0}}