{"host":"ao4lxi9bhtts409i","time":1611100860,"event":{"mods":["AchievementEnabler","BaseMod","Colored Map","Colored Powertips","Minty Spire (QoL Compilation)","SuperFastMode"],"gold_per_floor":[119,134,151,163,163,188,188,188,259,284,284,299,332,350,350,451,451,465,515,532,338,260,286,286,317,366,401,401,417,446,459,459,559,559,572,350,364,433,448,483,483,508,535,279,290,319,76,87,87,87,87,87,39,70,70,70],"floor_reached":55,"language":"ENG","playtime":3525,"items_purged":["Strike_B","Strike_B"],"score":923,"play_id":"c334edf8-9353-4339-b3b7-321eb825e6c4","local_time":"20210120010100","is_ascension_mode":true,"campfire_choices":[{"floor":7.0,"key":"REST"},{"floor":11.0,"key":"REST"},{"floor":15.0,"key":"REST"},{"floor":24.0,"key":"REST"},{"floor":28.0,"key":"REST"},{"data":"Echo Form","floor":32.0,"key":"SMITH"},{"floor":41.0,"key":"RECALL"},{"floor":49.0,"key":"REST"},{"floor":52.0,"key":"REST"}],"circlet_count":0,"master_deck":["Strike_B+1","Defend_B","Defend_B","Defend_B","Defend_B","Zap","Dualcast","Machine Learning","Sweeping Beam","Conserve Battery","Compile Driver+1","Capacitor","Leap","Biased Cognition","Seek","BootSequence+1","Stack","Defragment","Electrodynamics","Steam+1","Static Discharge","Genetic Algorithm","Coolheaded+1","Loop","Conserve Battery","Echo Form+1","Self Repair+1","Reboot","Barrage+1","Buffer","Rebound+1","Barrage+1"],"relics":["Cracked Core","WingedGreaves","Pantograph","Regal Pillow","Sundial","Busted Crown","Mummified Hand","White Beast Statue","Whetstone","War Paint","Lantern","Fusion Hammer","Medical Kit","Blue Candle","Happy Flower","MealTicket","Cables","Incense Burner","Boot","Vajra"],"acts_visited":["Exordium","TheCity","TheBeyond","TheEnding"],"potions_floor_usage":[54,55],"damage_taken":[{"damage":0.0,"enemies":"Small Slimes","floor":1.0,"turns":3.0},{"damage":2.0,"enemies":"2 Louse","floor":2.0,"turns":3.0},{"damage":1.0,"enemies":"Cultist","floor":3.0,"turns":4.0},{"damage":11.0,"enemies":"3 Louse","floor":4.0,"turns":3.0},{"damage":27.0,"enemies":"3 Sentries","floor":6.0,"turns":7.0},{"damage":47.0,"enemies":"Lagavulin","floor":10.0,"turns":7.0},{"damage":5.0,"enemies":"Red Slaver","floor":12.0,"turns":5.0},{"damage":44.0,"enemies":"Gremlin Nob","floor":13.0,"turns":5.0},{"damage":0.0,"enemies":"Lots of Slimes","floor":14.0,"turns":3.0},{"damage":69.0,"enemies":"Slime Boss","floor":16.0,"turns":14.0},{"damage":15.0,"enemies":"2 Thieves","floor":18.0,"turns":3.0},{"damage":8.0,"enemies":"Spheric Guardian","floor":20.0,"turns":6.0},{"damage":8.0,"enemies":"Gremlin Leader","floor":23.0,"turns":5.0},{"damage":22.0,"enemies":"Book of Stabbing","floor":25.0,"turns":7.0},{"damage":7.0,"enemies":"Slavers","floor":27.0,"turns":3.0},{"damage":25.0,"enemies":"Snake Plant","floor":29.0,"turns":4.0},{"damage":0.0,"enemies":"Gremlin Leader","floor":30.0,"turns":6.0},{"damage":0.0,"enemies":"Sentry and Sphere","floor":31.0,"turns":5.0},{"damage":30.0,"enemies":"Collector","floor":33.0,"turns":10.0},{"damage":12.0,"enemies":"Orb Walker","floor":35.0,"turns":5.0},{"damage":29.0,"enemies":"3 Darklings","floor":37.0,"turns":6.0},{"damage":19.0,"enemies":"Spire Growth","floor":39.0,"turns":5.0},{"damage":0.0,"enemies":"Giant Head","floor":40.0,"turns":9.0},{"damage":13.0,"enemies":"Reptomancer","floor":42.0,"turns":5.0},{"damage":3.0,"enemies":"Sphere and 2 Shapes","floor":45.0,"turns":6.0},{"damage":20.0,"enemies":"Nemesis","floor":46.0,"turns":7.0},{"damage":0.0,"enemies":"3 Darklings","floor":48.0,"turns":2.0},{"damage":47.0,"enemies":"Time Eater","floor":50.0,"turns":12.0},{"damage":51,"enemies":"Shield and Spear","floor":54,"turns":12},{"damage":87,"enemies":"The Heart","floor":55,"turns":3}],"seed_played":"4037016451524126160","potions_obtained":[{"floor":2.0,"key":"FearPotion"},{"floor":4.0,"key":"GamblersBrew"},{"floor":10.0,"key":"Dexterity Potion"},{"floor":12.0,"key":"FairyPotion"},{"floor":18.0,"key":"Block Potion"},{"floor":20.0,"key":"Ancient Potion"},{"floor":25.0,"key":"Swift Potion"},{"floor":27.0,"key":"PotionOfCapacity"},{"floor":29.0,"key":"Fire Potion"},{"floor":30.0,"key":"SteroidPotion"},{"floor":31.0,"key":"BlessingOfTheForge"},{"floor":33.0,"key":"Fire Potion"},{"floor":35.0,"key":"Strength Potion"},{"floor":37.0,"key":"GamblersBrew"},{"floor":39.0,"key":"Weak Potion"},{"floor":40.0,"key":"Swift Potion"},{"floor":42.0,"key":"Weak Potion"},{"floor":45.0,"key":"PotionOfCapacity"},{"floor":46.0,"key":"SpeedPotion"},{"floor":54,"key":"Fruit Juice"}],"is_trial":false,"path_per_floor":["M","M","M","M","?","E","R","?","T","E","R","M","E","M","R","B",null,"M","?","M","$","$","E","R","E","T","E","R","M","E","M","R","B",null,"M","$","M","T","M","E","R","E","T","$","M","E","$","M","R","B",null,"R","$","E","B"],"character_chosen":"DEFECT","items_purchased":["Static Discharge","Genetic Algorithm","Coolheaded","Loop","Medical Kit","Cables","Boot","Energy Potion"],"campfire_rested":7,"item_purchase_floors":[21,21,21,22,36,44,47,53],"current_hp_per_floor":[75,73,72,61,54,27,49,49,49,2,39,34,22,22,59,6,75,60,60,52,52,52,44,75,53,53,46,75,50,50,50,50,55,75,73,73,54,54,55,65,65,72,72,75,75,75,75,75,75,38,75,75,75,39,0,0],"gold":70,"neow_bonus":"THREE_RARE_CARDS","is_daily":false,"chose_seed":false,"campfire_upgraded":1,"win_rate":0.0,"timestamp":1611100860,"path_taken":["M","M","M","M","?","E","R","?","T","E","R","?","E","M","R","BOSS","M","?","M","$","$","E","R","E","T","E","R","M","E","M","R","BOSS","M","$","M","?","M","E","R","E","T","$","M","E","$","?","R","BOSS","R","$","E","BOSS"],"items_purchased_type":["Card","Card","Card","Card","Relic","Relic","Relic","Potion"],"build_version":"2020-12-22","purchased_purges":2,"victory":false,"max_hp_per_floor":[75,75,75,75,75,75,75,75,75,75,75,75,75,75,75,75,75,75,75,75,75,75,75,75,75,75,75,75,75,75,75,75,75,75,75,75,75,75,75,75,75,75,75,75,75,75,75,75,75,75,75,75,75,80,80,80],"card_choices":[{"not_picked":["Buffer","Meteor Strike"],"picked":"Machine Learning","floor":0.0},{"not_picked":["Recycle","Stack"],"picked":"Sweeping Beam","floor":1.0},{"not_picked":["Chaos","BootSequence"],"picked":"Conserve Battery","floor":2.0},{"not_picked":["Stack","Tempest"],"picked":"Compile Driver","floor":3.0},{"not_picked":["Barrage","Scrape"],"picked":"Capacitor","floor":4.0},{"not_picked":["Ball Lightning","Double Energy"],"picked":"Leap","floor":6.0},{"not_picked":["Barrage","Turbo"],"picked":"Seek","floor":10.0},{"not_picked":["Stack","Streamline"],"picked":"BootSequence","floor":12.0},{"not_picked":["Conserve Battery","Amplify"],"picked":"Stack","floor":13.0},{"not_picked":["Redo","Darkness"],"picked":"Defragment","floor":14.0},{"not_picked":["Fission","Amplify"],"picked":"Electrodynamics","floor":16.0},{"not_picked":["Rip and Tear"],"picked":"SKIP","floor":18.0},{"not_picked":[],"picked":"Steam+1","floor":20.0},{"not_picked":[],"picked":"Conserve Battery","floor":23.0},{"not_picked":["Turbo"],"picked":"SKIP","floor":25.0},{"not_picked":[],"picked":"Echo Form","floor":27.0},{"not_picked":["Streamline"],"picked":"SKIP","floor":29.0},{"not_picked":["Lockon"],"picked":"SKIP","floor":30.0},{"not_picked":[],"picked":"Self Repair+1","floor":31.0},{"not_picked":[],"picked":"Reboot","floor":33.0},{"not_picked":["Steam"],"picked":"SKIP","floor":35.0},{"not_picked":[],"picked":"Barrage+1","floor":37.0},{"not_picked":["Steam"],"picked":"SKIP","floor":39.0},{"not_picked":[],"picked":"Buffer","floor":40.0},{"not_picked":["Coolheaded+1"],"picked":"SKIP","floor":42.0},{"not_picked":["Ball Lightning"],"picked":"SKIP","floor":45.0},{"not_picked":[],"picked":"Rebound+1","floor":46.0},{"not_picked":["Chaos+1"],"picked":"SKIP","floor":48.0},{"not_picked":[],"picked":"Barrage+1","floor":54}],"player_experience":203023,"relics_obtained":[{"floor":6.0,"key":"WingedGreaves"},{"floor":9.0,"key":"Pantograph"},{"floor":10.0,"key":"Regal Pillow"},{"floor":13.0,"key":"Sundial"},{"floor":23.0,"key":"Mummified Hand"},{"floor":25.0,"key":"White Beast Statue"},{"floor":26.0,"key":"Whetstone"},{"floor":27.0,"key":"War Paint"},{"floor":30.0,"key":"Lantern"},{"floor":38.0,"key":"Blue Candle"},{"floor":40.0,"key":"Happy Flower"},{"floor":42.0,"key":"MealTicket"},{"floor":46.0,"key":"Incense Burner"},{"floor":54,"key":"Vajra"}],"event_choices":[{"cards_removed":["Normality"],"damage_healed":0.0,"max_hp_gain":0.0,"max_hp_loss":0.0,"gold_gain":0.0,"event_name":"Golden Wing","player_choice":"Card Removal","floor":5.0,"gold_loss":0.0,"damage_taken":7.0},{"damage_healed":0.0,"max_hp_gain":0.0,"max_hp_loss":0.0,"gold_gain":0.0,"cards_transformed":["Strike_B"],"event_name":"Transmorgrifier","player_choice":"Transformed","floor":8.0,"gold_loss":0.0,"damage_taken":0.0,"cards_obtained":["Biased Cognition"]},{"damage_healed":0.0,"max_hp_gain":0.0,"max_hp_loss":0.0,"gold_gain":100.0,"event_name":"The Joust","player_choice":"Bet on Murderer","floor":19.0,"gold_loss":50.0,"damage_taken":0.0}],"is_beta":false,"boss_relics":[{"not_picked":["Black Star","Calling Bell"],"picked":"Busted Crown"},{"not_picked":["Empty Cage","FrozenCore"],"picked":"Fusion Hammer"}],"items_purged_floors":[36,47],"is_endless":false,"potions_floor_spawned":[2,4,10,12,18,20,25,27,29,30,31,33,35,37,39,40,42,45,46,48,54],"killed_by":"The Heart","ascension_level":1}}