{"host":"p9t7qd83igtcp2bh","time":1611112818,"event":{"mods":["2.2 Compatiblity","AchievementEnabler","BaseMod","Colored Map","Colored Powertips","Custom Start","DeckTracker","Keyboard Shortcuts","Minty Spire (QoL Compilation)","Permanent Neow","StSLib","SuperFastMode","everything is the same but u backflip on backflip"],"gold_per_floor":[119,269,287,303,12,37,37,92,117,17,17,17,17,17,17,89,89,105,118,33,33,61,61,72,102,176,176,176,176,191,22,22,96,96,106,117,136,96,110,110,139,139,188,188,78,104,118,118,118,118,118],"floor_reached":52,"language":"KOR","playtime":1754,"items_purged":["Doubt","Strike_B"],"score":1898,"play_id":"371d459d-cd47-4c60-b677-86ac2a682c9a","local_time":"20210120122018","is_ascension_mode":true,"campfire_choices":[{"data":"Rainbow","floor":7.0,"key":"SMITH"},{"floor":13.0,"key":"REST"},{"data":"Ball Lightning","floor":15.0,"key":"SMITH"},{"floor":23.0,"key":"REST"},{"data":"Coolheaded","floor":28.0,"key":"SMITH"},{"data":"Fission","floor":32.0,"key":"SMITH"},{"data":"Barrage","floor":40,"key":"SMITH"},{"data":"Force Field","floor":42,"key":"SMITH"},{"floor":44,"key":"REST"},{"data":"Glacier","floor":49,"key":"SMITH"}],"circlet_count":0,"master_deck":["AscendersBane","Strike_B","Defend_B","Defend_B+1","Defend_B","Defend_B+1","Zap+1","Dualcast+1","Coolheaded+1","Cold Snap","Reinforced Body","Biased Cognition+1","Rainbow+1","Self Repair+1","Ball Lightning+1","Turbo+1","Buffer+1","Compile Driver","Machine Learning+1","Barrage+1","Fission+1","Buffer+1","Force Field+1","Glacier+1","Defragment+1","Loop+1","Recycle+1","Tempest+1"],"relics":["Cracked Core","Frozen Egg 2","War Paint","Orrery","Bronze Scales","Blue Candle","Tiny Chest","Kunai","Inserter","Nunchaku","Red Mask","Pear","Question Card","Cables","Philosopher\u0027s Stone","HornCleat","Lantern","Smiling Mask","Meat on the Bone"],"acts_visited":["Exordium","TheCity","TheBeyond"],"potions_floor_usage":[35,51,51],"damage_taken":[{"damage":5.0,"enemies":"Small Slimes","floor":1.0,"turns":3.0},{"damage":0.0,"enemies":"2 Louse","floor":3.0,"turns":3.0},{"damage":0.0,"enemies":"Jaw Worm","floor":4.0,"turns":4.0},{"damage":9.0,"enemies":"Lagavulin","floor":6.0,"turns":11.0},{"damage":18.0,"enemies":"3 Sentries","floor":8.0,"turns":4.0},{"damage":4.0,"enemies":"Hexaghost","floor":16.0,"turns":9.0},{"damage":0.0,"enemies":"Chosen","floor":18.0,"turns":6.0},{"damage":13.0,"enemies":"3 Byrds","floor":19.0,"turns":3.0},{"damage":64.0,"enemies":"Masked Bandits","floor":22.0,"turns":5.0},{"damage":0.0,"enemies":"Snecko","floor":24.0,"turns":6.0},{"damage":11.0,"enemies":"Gremlin Leader","floor":25.0,"turns":6.0},{"damage":12.0,"enemies":"Cultist and Chosen","floor":30.0,"turns":7.0},{"damage":13.0,"enemies":"Champ","floor":33.0,"turns":14.0},{"damage":33,"enemies":"3 Shapes","floor":35,"turns":3},{"damage":7,"enemies":"Orb Walker","floor":36,"turns":4},{"damage":5,"enemies":"4 Shapes","floor":37,"turns":5},{"damage":18,"enemies":"Writhing Mass","floor":39,"turns":7},{"damage":0,"enemies":"Giant Head","floor":41,"turns":7},{"damage":0,"enemies":"Nemesis","floor":46,"turns":7},{"damage":12,"enemies":"Sphere and 2 Shapes","floor":47,"turns":7},{"damage":4,"enemies":"Donu and Deca","floor":50,"turns":11},{"damage":74,"enemies":"Awakened One","floor":51,"turns":15}],"seed_played":"-282333612848053335","potions_obtained":[{"floor":3.0,"key":"LiquidBronze"},{"floor":4.0,"key":"Fire Potion"},{"floor":19.0,"key":"FearPotion"},{"floor":24.0,"key":"SkillPotion"},{"floor":30.0,"key":"Explosive Potion"},{"floor":36,"key":"FearPotion"},{"floor":41,"key":"SmokeBomb"},{"floor":46,"key":"SpeedPotion"}],"is_trial":false,"path_per_floor":["M","?","M","M","$","E","R","?","T","$","?","?","R","T","R","B",null,"M","M","?","$","?","R","M","E","T","?","R","T","M","$","R","B",null,"M","M","M","$","M","R","E","R","T","R","?","E","M","T","R","B","B",null],"character_chosen":"DEFECT","items_purchased":["Orrery","Self Repair+1","Fission","Defragment+1"],"campfire_rested":3,"item_purchase_floors":[5,5,31,38],"current_hp_per_floor":[59,59,59,59,59,60,60,52,52,52,45,24,45,45,45,51,66,71,68,68,68,14,35,45,54,54,54,54,54,52,52,52,49,73,50,53,48,48,40,40,50,50,50,74,74,81,79,79,79,81,29],"gold":118,"neow_bonus":"RANDOM_COMMON_RELIC","is_daily":false,"chose_seed":false,"campfire_upgraded":7,"win_rate":0.0,"timestamp":1611112818,"path_taken":["M","?","M","M","$","E","R","?","T","?","?","?","R","?","R","BOSS","M","M","?","$","?","R","M","E","T","?","R","?","?","$","R","BOSS","M","M","M","$","?","R","E","R","T","R","?","E","M","?","R","BOSS","BOSS"],"items_purchased_type":["Relic","Card","Card","Card"],"build_version":"2020-12-22","purchased_purges":2,"victory":true,"max_hp_per_floor":[71,71,71,71,71,71,71,71,71,71,71,71,71,71,71,71,71,71,71,71,71,71,71,71,81,81,81,81,81,81,81,81,81,81,81,81,81,81,81,81,81,81,81,81,81,81,81,81,81,81,81],"card_choices":[{"not_picked":["Beam Cell","Streamline"],"picked":"Coolheaded","floor":1.0},{"not_picked":["Gash","Rebound"],"picked":"Cold Snap","floor":3.0},{"not_picked":["Compile Driver","Sweeping Beam"],"picked":"Reinforced Body","floor":4.0},{"not_picked":["Steam","Doom and Gloom"],"picked":"Biased Cognition+1","floor":5.0},{"not_picked":["Lockon","Blizzard"],"picked":"Rainbow","floor":5.0},{"not_picked":["Barrage","Redo"],"picked":"Ball Lightning","floor":6.0},{"not_picked":["Barrage","Rip and Tear"],"picked":"Turbo","floor":8.0},{"not_picked":["Multi-Cast","Machine Learning+1"],"picked":"Buffer+1","floor":16.0},{"not_picked":["Coolheaded","Blizzard","Beam Cell"],"picked":"SKIP","floor":18.0},{"not_picked":["White Noise","Leap"],"picked":"Compile Driver","floor":19.0},{"not_picked":["Stack","Static Discharge+1"],"picked":"Machine Learning+1","floor":24.0},{"not_picked":["Rip and Tear","Darkness+1","Redo"],"picked":"SKIP","floor":25.0},{"not_picked":["Rip and Tear","Darkness+1","Redo"],"picked":"SKIP","floor":25.0},{"not_picked":["Compile Driver","Beam Cell+1","Recycle"],"picked":"Barrage","floor":30.0},{"not_picked":["Meteor Strike","Thunder Strike","Amplify"],"picked":"Buffer+1","floor":33.0},{"not_picked":["Beam Cell+1","Reinforced Body","Gash","Sweeping Beam"],"picked":"SKIP","floor":35},{"not_picked":["Reinforced Body","Chaos","Cold Snap"],"picked":"Force Field","floor":36},{"not_picked":["Gash","Ball Lightning+1","Hologram"],"picked":"Glacier","floor":37},{"not_picked":["Steam","Rebound","Streamline"],"picked":"Loop+1","floor":39},{"not_picked":["Hyperbeam","Hologram","Gash"],"picked":"Recycle+1","floor":41},{"not_picked":["Coolheaded","Sunder","Loop+1"],"picked":"Tempest+1","floor":46},{"not_picked":["Go for the Eyes+1","Rebound+1","Stack","Reinforced Body"],"picked":"SKIP","floor":47}],"player_experience":662518,"relics_obtained":[{"floor":6.0,"key":"Bronze Scales"},{"floor":8.0,"key":"Blue Candle"},{"floor":9.0,"key":"Tiny Chest"},{"floor":14.0,"key":"Kunai"},{"floor":22.0,"key":"Red Mask"},{"floor":25.0,"key":"Pear"},{"floor":26.0,"key":"Question Card"},{"floor":29.0,"key":"Cables"},{"floor":41,"key":"HornCleat"},{"floor":43,"key":"Lantern"},{"floor":46,"key":"Smiling Mask"},{"floor":48,"key":"Meat on the Bone"}],"event_choices":[{"damage_healed":0.0,"max_hp_gain":0.0,"max_hp_loss":0.0,"gold_gain":150.0,"event_name":"Liars Game","player_choice":"AGREE","floor":2.0,"gold_loss":0.0,"damage_taken":0.0,"cards_obtained":["Doubt"]},{"damage_healed":0.0,"max_hp_gain":0.0,"max_hp_loss":0.0,"gold_gain":30.0,"event_name":"Dead Adventurer","player_choice":"Searched \u00272\u0027 times","floor":8.0,"gold_loss":0.0,"damage_taken":0.0},{"cards_removed":["Strike_B"],"damage_healed":0.0,"max_hp_gain":0.0,"max_hp_loss":0.0,"gold_gain":0.0,"event_name":"Golden Wing","player_choice":"Card Removal","floor":11.0,"gold_loss":0.0,"damage_taken":7.0},{"damage_healed":0.0,"max_hp_gain":0.0,"max_hp_loss":0.0,"gold_gain":0.0,"event_name":"Shining Light","player_choice":"Entered Light","floor":12.0,"gold_loss":0.0,"damage_taken":21.0,"cards_upgraded":["Dualcast","Turbo"]},{"damage_healed":0.0,"max_hp_gain":0.0,"max_hp_loss":0.0,"gold_gain":0.0,"event_name":"Addict","player_choice":"Obtained Relic","floor":20.0,"gold_loss":85.0,"damage_taken":0.0,"relics_obtained":["Nunchaku"]},{"damage_healed":0.0,"max_hp_gain":0.0,"max_hp_loss":0.0,"gold_gain":0.0,"event_name":"Masked Bandits","player_choice":"Fought Bandits","floor":22.0,"gold_loss":0.0,"damage_taken":0.0},{"damage_healed":0.0,"max_hp_gain":0.0,"max_hp_loss":0.0,"gold_gain":0.0,"event_name":"Cursed Tome","player_choice":"Ignored","floor":27.0,"gold_loss":0.0,"damage_taken":0.0},{"cards_removed":["Strike_B"],"damage_healed":0,"gold_gain":0,"player_choice":"Upgrade and Remove","damage_taken":0,"max_hp_gain":0,"max_hp_loss":0,"event_name":"Designer","floor":45,"gold_loss":110,"cards_upgraded":["Zap"]}],"is_beta":false,"boss_relics":[{"not_picked":["SacredBark","Black Star"],"picked":"Inserter"},{"not_picked":["Snecko Eye","Empty Cage"],"picked":"Philosopher\u0027s Stone"}],"items_purged_floors":[5,10],"is_endless":false,"potions_floor_spawned":[3,4,19,24,25,30,36,39,41,46],"ascension_level":20}}