{"host":"vyjryxuuuxkt43k4","time":1611168447,"event":{"mods":["AchievementEnabler","BaseMod","Colored Map","DeckTracker","Keyboard Shortcuts","Minty Spire (QoL Compilation)","Permanent Neow","Quick Restart","StSLib","SuperFastMode","everything is the same but u backflip on backflip"],"gold_per_floor":[119,132,81,93,68,68,101,120,144,174,203,203,203,223,223,223,223],"floor_reached":16,"language":"KOR","playtime":504,"items_purged":[],"score":198,"play_id":"40647281-77d5-4969-a8b5-44423c91d19d","local_time":"20210121034727","is_ascension_mode":true,"campfire_choices":[{"data":"Body Slam","floor":6.0,"key":"SMITH"},{"data":"Bludgeon","floor":12.0,"key":"SMITH"},{"data":"Inflame","floor":15.0,"key":"SMITH"}],"circlet_count":0,"master_deck":["AscendersBane","Strike_R","Strike_R","Strike_R","Strike_R","Strike_R","Defend_R","Defend_R","Defend_R","Defend_R","Bash","Bludgeon+1","Body Slam+1","Reckless Charge","Headbutt","Armaments+1","Shrug It Off","Shrug It Off","Inflame+1"],"relics":["Burning Blood","Pen Nib","PreservedInsect","Lantern","Odd Mushroom"],"acts_visited":["Exordium"],"potions_floor_usage":[16,16],"damage_taken":[{"damage":1.0,"enemies":"Cultist","floor":1.0,"turns":3.0},{"damage":0.0,"enemies":"Small Slimes","floor":2.0,"turns":3.0},{"damage":0.0,"enemies":"2 Louse","floor":4.0,"turns":2.0},{"damage":40.0,"enemies":"Lagavulin","floor":7.0,"turns":7.0},{"damage":8.0,"enemies":"Exordium Wildlife","floor":8.0,"turns":4.0},{"damage":4.0,"enemies":"3 Sentries","floor":10.0,"turns":5.0},{"damage":17.0,"enemies":"The Mushroom Lair","floor":11.0,"turns":5.0},{"damage":0.0,"enemies":"Blue Slaver","floor":14.0,"turns":3.0},{"damage":36,"enemies":"The Guardian","floor":16,"turns":9}],"seed_played":"-7795359145885932822","potions_obtained":[{"floor":4.0,"key":"ColorlessPotion"},{"floor":7.0,"key":"HeartOfIron"},{"floor":11.0,"key":"Weak Potion"},{"floor":14.0,"key":"PowerPotion"}],"is_trial":false,"path_per_floor":["M","M","$","M","$","R","E","M","T","E","?","R","?","M","R","B"],"character_chosen":"IRONCLAD","items_purchased":["Headbutt","Shrug It Off"],"campfire_rested":0,"item_purchase_floors":[3,5],"current_hp_per_floor":[73,75,75,75,75,75,41,39,39,41,30,30,30,36,36,0,0],"gold":223,"neow_bonus":"ONE_RANDOM_RARE_CARD","is_daily":false,"chose_seed":false,"campfire_upgraded":3,"win_rate":0.0,"timestamp":1611168447,"path_taken":["M","M","$","M","?","R","E","M","T","E","?","R","?","?","R","BOSS"],"items_purchased_type":["Card","Card"],"build_version":"2020-12-22","purchased_purges":0,"victory":false,"max_hp_per_floor":[75,75,75,75,75,75,75,75,75,75,75,75,75,75,75,75,75],"card_choices":[{"not_picked":["Armaments","Infernal Blade"],"picked":"Body Slam","floor":1.0},{"not_picked":["Warcry","Inflame"],"picked":"Reckless Charge","floor":2.0},{"not_picked":["Clothesline","Whirlwind"],"picked":"Armaments","floor":4.0},{"not_picked":["Sever Soul","Rage","Reckless Charge"],"picked":"SKIP","floor":7.0},{"not_picked":["Rampage","Clothesline"],"picked":"Shrug It Off","floor":8.0},{"not_picked":["Hemokinesis","Berserk","Heavy Blade"],"picked":"SKIP","floor":10.0},{"not_picked":["Hemokinesis","Berserk","Heavy Blade"],"picked":"SKIP","floor":10.0},{"not_picked":["Intimidate","Dark Embrace"],"picked":"Inflame","floor":14.0}],"player_experience":180415,"relics_obtained":[{"floor":7.0,"key":"Pen Nib"},{"floor":9.0,"key":"PreservedInsect"},{"floor":10.0,"key":"Lantern"},{"floor":11.0,"key":"Odd Mushroom"}],"event_choices":[{"damage_healed":0.0,"max_hp_gain":0.0,"max_hp_loss":0.0,"gold_gain":0.0,"event_name":"Mushrooms","player_choice":"Fought Mushrooms","floor":11.0,"gold_loss":0.0,"damage_taken":0.0},{"damage_healed":0.0,"max_hp_gain":0.0,"max_hp_loss":0.0,"gold_gain":0.0,"event_name":"Accursed Blacksmith","player_choice":"Forge","floor":13.0,"gold_loss":0.0,"damage_taken":0.0,"cards_upgraded":["Armaments"]}],"is_beta":false,"boss_relics":[],"items_purged_floors":[],"is_endless":false,"potions_floor_spawned":[4,7,11,14],"killed_by":"The Guardian","ascension_level":16}}