{"host":"njb27ds59h4j3ikk","time":1611175237,"event":{"mods":["AchievementEnabler","BaseMod","Better Altar","Better Match","Better Note","Better Sensory Stone","Better Skull","Better Third Choice","BetterRewards","Downfall","Hermit","Hubris","Minty Spire (QoL Compilation)","Permanent Neow","Quarter Circle Forward PUNCH!","Quick Restart","Rare Cards Sparkle","Shop Mod","StSLib","Trackpad","Transform Curses"],"gold_per_floor":[359,370,384,384,398,432,432,20,470,470,487,504,211,216,216],"floor_reached":14,"language":"ENG","playtime":528,"items_purged":[],"score":97,"play_id":"6c0aa291-ac86-439c-b330-56a9ce4f6eb9","local_time":"20210120154037","is_ascension_mode":true,"campfire_choices":[{"floor":10,"key":"REST"}],"circlet_count":0,"master_deck":["hermit:Maintenance+1","hermit:Strike_Hermit","hermit:Strike_Hermit","hermit:Strike_Hermit","hermit:Strike_Hermit","hermit:Defend_Hermit","hermit:Defend_Hermit","hermit:Defend_Hermit","hermit:Defend_Hermit","hermit:Snapshot","hermit:Covet","Injury","hermit:Ricochet","hermit:Manifest","hermit:HighCaliber","hermit:Scavenge","hermit:FatalDesire","hermit:Cheat","downfall:Icky","downfall:Icky","downfall:Icky","Slimebound:Prepare","sneckomod:SnakeSap","bronze:Virus","hermit:SprayPray","hermit:Deadeye"],"relics":["hermit:Momento","trackpad:PetRock","qcfpunch:Red_Beret","Juzu Bracelet","PrismaticShard","Tiny Chest"],"acts_visited":["Exordium"],"potions_floor_usage":[6,14],"damage_taken":[{"damage":5,"enemies":"2 Louse","floor":1,"turns":3},{"damage":3,"enemies":"Jaw Worm","floor":2,"turns":2},{"damage":0,"enemies":"Cultist","floor":3,"turns":3},{"damage":19,"enemies":"Gremlin Gang","floor":5,"turns":5},{"damage":39,"enemies":"Lagavulin","floor":6,"turns":6},{"damage":0,"enemies":"downfall:FleeingMerchant","floor":8,"turns":4},{"damage":16,"enemies":"Large Slime","floor":11,"turns":4},{"damage":9,"enemies":"Red Slaver","floor":12,"turns":2},{"damage":0,"enemies":"downfall:FleeingMerchant","floor":13,"turns":4},{"damage":10,"enemies":"3 Sentries","floor":14,"turns":2}],"seed_played":"-5160756559192398970","potions_obtained":[{"floor":2,"key":"bronze:BurnAndBuffPotion"},{"floor":3,"key":"hermit:BlackBile"},{"floor":11,"key":"Guardian:BlockOnCardUsePotion"}],"is_trial":false,"path_per_floor":["M","M","M","?","M","E","T","$","?","R","M","M","$","E"],"character_chosen":"HERMIT","items_purchased":["Juzu Bracelet","PrismaticShard","Slimebound:ThreeZeroPotion","hermit:SprayPray","Tiny Chest","hermit:Deadeye"],"campfire_rested":1,"item_purchase_floors":[8,8,8,13,13,13],"current_hp_per_floor":[70,67,67,70,51,12,12,12,12,35,19,10,10,0,0],"gold":216,"neow_bonus":"TWO_FIFTY_GOLD","is_daily":false,"chose_seed":false,"campfire_upgraded":0,"win_rate":0.0,"timestamp":1611175237,"path_taken":["M","M","M","?","M","E","T","$","?","R","M","M","$","E"],"items_purchased_type":["Relic","Relic","Potion","Card","Relic","Card"],"build_version":"2020-12-22","purchased_purges":0,"victory":false,"max_hp_per_floor":[75,75,75,78,78,78,78,78,78,78,78,78,78,78,78],"card_choices":[{"not_picked":["hermit:BodyArmor","hermit:Feint"],"picked":"hermit:Ricochet","floor":1},{"not_picked":["hermit:TrackingShot","hermit:Spite"],"picked":"hermit:Manifest","floor":2},{"not_picked":["hermit:LuckOfTheDraw","hermit:Ricochet"],"picked":"hermit:HighCaliber","floor":3},{"not_picked":["hermit:Manifest","hermit:TakeAim"],"picked":"hermit:Scavenge","floor":5},{"not_picked":["hermit:CalledShot","hermit:ItchyTrigger"],"picked":"hermit:FatalDesire","floor":6},{"not_picked":["hermit:FatalDesire","hermit:BodyArmor"],"picked":"hermit:Cheat","floor":8},{"not_picked":["PathToVictory","sneckomod:Unknown2Cost"],"picked":"Slimebound:Prepare","floor":11},{"not_picked":["Underhanded Strike","bronze:Safeguard"],"picked":"sneckomod:SnakeSap","floor":12},{"not_picked":["Slimebound:GoopSpray","hermit:FullyLoaded"],"picked":"bronze:Virus","floor":13}],"player_experience":1265864,"relics_obtained":[{"floor":6,"key":"trackpad:PetRock"},{"floor":7,"key":"qcfpunch:Red_Beret"}],"event_choices":[],"is_beta":false,"boss_relics":[],"items_purged_floors":[],"is_endless":false,"potions_floor_spawned":[2,3,11,12],"killed_by":"3 Sentries","ascension_level":1}}