{"host":"1u4zr9vl8my47i07","time":1611159690,"event":{"mods":["AchievementEnabler","BaseMod","Colored Map","DeckTracker","Highlight Path","Keyboard Shortcuts","Minty Spire (QoL Compilation)","Relic Stats","StSLib","SuperFastMode","Uncapped","Waifu the Spire","everything is the same but u backflip on backflip"],"gold_per_floor":[110,210,135,152,169,197,197,197,222,248,248,4,31,58,58,160,160,173,173,191,191,205,205,238,257,280,195,221,233,245,270,282,397,409,434,463,274,274,120,120,136,136,162,162,177,190,3,52,52,52],"floor_reached":51,"language":"KOR","playtime":3406,"items_purged":["Strike_P","Strike_P","Strike_P","Defend_P"],"score":971,"play_id":"42141f72-3028-489f-95a6-f34928c08154","local_time":"20210121012130","is_ascension_mode":true,"campfire_choices":[{"data":"Omniscience","floor":8.0,"key":"SMITH"},{"floor":11.0,"key":"REST"},{"floor":15.0,"key":"REST"},{"data":"MentalFortress","floor":23.0,"key":"SMITH"},{"data":"SashWhip","floor":30.0,"key":"SMITH"},{"floor":32.0,"key":"REST"},{"data":"DeusExMachina","floor":40,"key":"SMITH"},{"floor":44,"key":"REST"},{"floor":49,"key":"REST"}],"circlet_count":0,"master_deck":["Defend_P","Defend_P","Defend_P+1","Eruption+1","Vigilance+1","CarveReality","WheelKick+1","Omniscience+1","MentalFortress+1","Halt","Establishment","EmptyBody","SashWhip+1","EmptyFist","Adaptation+1","EmptyMind","FearNoEvil","DeusExMachina+1","Wallop","Adaptation+1","ClearTheMind","DeusExMachina","FlyingSleeves+1","Indignation","Tantrum"],"relics":["PureWater","NeowsBlessing","Boot","Whetstone","Bag of Preparation","TheAbacus","War Paint","Omamori","Calling Bell","Oddly Smooth Stone","Mummified Hand","Bird Faced Urn","Necronomicon","Potion Belt","Akabeko","MawBank","VioletLotus","Orrery","Juzu Bracelet","Prayer Wheel"],"acts_visited":["Exordium","TheCity","TheBeyond"],"potions_floor_usage":[50,50,50],"damage_taken":[{"damage":0.0,"enemies":"Jaw Worm","floor":1.0,"turns":1.0},{"damage":0.0,"enemies":"Cultist","floor":4.0,"turns":1.0},{"damage":0.0,"enemies":"2 Louse","floor":5.0,"turns":1.0},{"damage":39.0,"enemies":"3 Sentries","floor":6.0,"turns":9.0},{"damage":20.0,"enemies":"Gremlin Nob","floor":10.0,"turns":3.0},{"damage":12.0,"enemies":"3 Sentries","floor":14.0,"turns":4.0},{"damage":9.0,"enemies":"The Guardian","floor":16.0,"turns":9.0},{"damage":16.0,"enemies":"Spheric Guardian","floor":18.0,"turns":4.0},{"damage":0.0,"enemies":"Shell Parasite","floor":20.0,"turns":2.0},{"damage":1.0,"enemies":"Snecko","floor":22.0,"turns":4.0},{"damage":8.0,"enemies":"Slavers","floor":24.0,"turns":6.0},{"damage":14.0,"enemies":"Snake Plant","floor":25.0,"turns":4.0},{"damage":5.0,"enemies":"Sentry and Sphere","floor":28.0,"turns":5.0},{"damage":7.0,"enemies":"Shelled Parasite and Fungi","floor":31.0,"turns":4.0},{"damage":72.0,"enemies":"Champ","floor":33.0,"turns":11.0},{"damage":11.0,"enemies":"3 Shapes","floor":35.0,"turns":4.0},{"damage":2,"enemies":"Orb Walker","floor":36,"turns":3},{"damage":65,"enemies":"3 Darklings","floor":41,"turns":5},{"damage":0,"enemies":"Transient","floor":45,"turns":5},{"damage":25,"enemies":"4 Shapes","floor":46,"turns":6},{"damage":13,"enemies":"2 Orb Walkers","floor":48,"turns":4},{"damage":38,"enemies":"Awakened One","floor":50,"turns":8}],"seed_played":"3283015318955793652","potions_obtained":[{"floor":1.0,"key":"FairyPotion"},{"floor":5.0,"key":"BottledMiracle"},{"floor":10.0,"key":"Swift Potion"},{"floor":20.0,"key":"PowerPotion"},{"floor":22.0,"key":"Dexterity Potion"},{"floor":24.0,"key":"Strength Potion"},{"floor":41,"key":"Strength Potion"}],"is_trial":false,"path_per_floor":["M","?","$","M","M","E","?","R","T","E","R","$","T","E","R","B",null,"M","?","M","?","M","R","E","M","T","?","M","$","R","M","R","B",null,"M","M","$","?","$","R","M","?","T","R","M","M","$","?","R","B",null],"character_chosen":"WATCHER","items_purchased":["TheAbacus","Wallop","Orrery","Tantrum"],"campfire_rested":5,"item_purchase_floors":[12,37,39,47],"current_hp_per_floor":[65,65,65,65,65,26,26,26,26,6,27,27,27,15,36,27,61,51,35,41,28,31,31,31,23,23,23,24,24,24,23,46,23,64,59,63,63,63,63,63,6,6,6,29,39,24,24,21,44,14],"gold":52,"neow_bonus":"THREE_ENEMY_KILL","is_daily":false,"chose_seed":false,"campfire_upgraded":4,"win_rate":0.0,"timestamp":1611159690,"path_taken":["M","?","?","M","?","E","?","R","T","E","R","$","?","E","R","BOSS","M","?","M","?","M","R","E","M","T","?","M","?","R","?","R","BOSS","M","M","$","?","?","R","?","?","T","R","M","M","?","?","R","BOSS"],"items_purchased_type":["Relic","Card","Relic","Card"],"build_version":"2020-12-22","purchased_purges":4,"victory":true,"max_hp_per_floor":[72,72,72,72,72,72,72,72,72,72,72,72,72,72,72,72,72,72,72,72,77,77,77,77,77,77,77,77,77,77,77,77,77,77,77,77,77,77,77,77,77,77,77,77,77,77,77,77,77,77],"relic_stats":{"counters":[22,103],"Bag of Preparation":[35],"Juzu Bracelet":1,"Whetstone":["WheelKick","Strike_P"],"War Paint":["Defend_P","Vigilance"],"Boot":[26],"MawBank":120,"TheAbacus":[198],"Mummified Hand":[68],"Bird Faced Urn":[106],"Prayer Wheel":0,"VioletLotus":[15],"Necronomicon":[30],"obtain_stats":[{"Potion Belt":24,"NeowsBlessing":0,"Oddly Smooth Stone":17,"Bag of Preparation":10,"Omamori":14,"Juzu Bracelet":43,"Whetstone":9,"War Paint":13,"Boot":6,"MawBank":27,"Akabeko":26,"Calling Bell":17,"TheAbacus":12,"Mummified Hand":17,"Bird Faced Urn":17,"Orrery":39,"Prayer Wheel":48,"VioletLotus":34,"Necronomicon":19,"PureWater":0},{"Potion Belt":11,"NeowsBlessing":0,"Oddly Smooth Stone":7,"Bag of Preparation":5,"Omamori":6,"Juzu Bracelet":18,"Whetstone":4,"War Paint":5,"Boot":4,"MawBank":12,"Akabeko":12,"Calling Bell":7,"TheAbacus":5,"Mummified Hand":7,"Bird Faced Urn":7,"Orrery":17,"Prayer Wheel":21,"VioletLotus":15,"Necronomicon":8,"PureWater":0},{"Potion Belt":44,"NeowsBlessing":0,"Oddly Smooth Stone":28,"Bag of Preparation":15,"Omamori":19,"Juzu Bracelet":80,"Whetstone":12,"War Paint":15,"Boot":12,"MawBank":48,"Akabeko":48,"Calling Bell":28,"TheAbacus":15,"Mummified Hand":28,"Bird Faced Urn":28,"Orrery":75,"Prayer Wheel":95,"VioletLotus":68,"Necronomicon":32,"PureWater":0}]},"card_choices":[{"not_picked":["Fasting2","Conclude"],"picked":"CarveReality","floor":1.0},{"not_picked":["ClearTheMind","Crescendo","ForeignInfluence"],"picked":"SKIP","floor":4.0},{"not_picked":["FlurryOfBlows","Consecrate"],"picked":"WheelKick","floor":5.0},{"not_picked":["Fasting2","Evaluate"],"picked":"Omniscience","floor":6.0},{"not_picked":["CrushJoints","LessonLearned"],"picked":"MentalFortress","floor":10.0},{"not_picked":["CarveReality","Crescendo"],"picked":"Halt","floor":14.0},{"not_picked":["ConjureBlade","Blasphemy"],"picked":"Establishment","floor":16.0},{"not_picked":["Protect","FlurryOfBlows"],"picked":"EmptyBody","floor":18.0},{"not_picked":["CrushJoints+1","Wireheading"],"picked":"SashWhip","floor":20.0},{"not_picked":["Evaluate","Crescendo"],"picked":"EmptyFist","floor":22.0},{"not_picked":["Worship","CrushJoints"],"picked":"Adaptation+1","floor":24.0},{"not_picked":["Protect","Halt"],"picked":"EmptyMind","floor":25.0},{"not_picked":["Evaluate+1","FlyingSleeves"],"picked":"FearNoEvil","floor":28.0},{"not_picked":["Devotion","Wireheading+1","PathToVictory"],"picked":"SKIP","floor":31.0},{"not_picked":["LessonLearned","Wish"],"picked":"DeusExMachina","floor":33.0},{"not_picked":["SashWhip+1","FollowUp+1","ClearTheMind"],"picked":"SKIP","floor":35.0},{"not_picked":["JustLucky","FollowUp+1","CutThroughFate"],"picked":"SKIP","floor":36},{"not_picked":["ForeignInfluence+1","EmptyBody+1"],"picked":"ClearTheMind","floor":39},{"not_picked":["ThirdEye+1","Conclude+1"],"picked":"DeusExMachina","floor":39},{"not_picked":["SashWhip","JustLucky"],"picked":"FlyingSleeves+1","floor":41},{"not_picked":["FlyingSleeves+1","Wireheading","FollowUp"],"picked":"SKIP","floor":45},{"not_picked":["CrushJoints+1","Perseverance+1"],"picked":"Indignation","floor":46}],"player_experience":356421,"relics_obtained":[{"floor":6.0,"key":"Boot"},{"floor":9.0,"key":"Whetstone"},{"floor":10.0,"key":"Bag of Preparation"},{"floor":13.0,"key":"War Paint"},{"floor":14.0,"key":"Omamori"},{"floor":17.0,"key":"Oddly Smooth Stone"},{"floor":17.0,"key":"Mummified Hand"},{"floor":17.0,"key":"Bird Faced Urn"},{"floor":19.0,"key":"Necronomicon"},{"floor":24.0,"key":"Potion Belt"},{"floor":26.0,"key":"Akabeko"},{"floor":43,"key":"Juzu Bracelet"},{"floor":48,"key":"Prayer Wheel"}],"event_choices":[{"damage_healed":0.0,"max_hp_gain":0.0,"max_hp_loss":0.0,"gold_gain":100.0,"event_name":"Golden Shrine","player_choice":"Pray","floor":2.0,"gold_loss":0.0,"damage_taken":0.0},{"damage_healed":0.0,"max_hp_gain":0.0,"max_hp_loss":0.0,"gold_gain":0.0,"event_name":"Accursed Blacksmith","player_choice":"Forge","floor":7.0,"gold_loss":0.0,"damage_taken":0.0,"cards_upgraded":["Eruption"]},{"damage_healed":0.0,"max_hp_gain":0.0,"max_hp_loss":0.0,"gold_gain":0.0,"event_name":"Cursed Tome","player_choice":"Obtained Book","floor":19.0,"gold_loss":0.0,"damage_taken":16.0},{"damage_healed":0.0,"max_hp_gain":5.0,"max_hp_loss":0.0,"gold_gain":0.0,"event_name":"Forgotten Altar","player_choice":"Shed Blood","floor":21.0,"gold_loss":0.0,"damage_taken":18.0},{"damage_healed":0.0,"max_hp_gain":0.0,"max_hp_loss":0.0,"gold_gain":0.0,"event_name":"Addict","player_choice":"Obtained Relic","floor":27.0,"gold_loss":85.0,"damage_taken":0.0,"relics_obtained":["MawBank"]},{"damage_healed":0,"gold_gain":0,"player_choice":"Copied","damage_taken":0,"max_hp_gain":0,"max_hp_loss":0,"event_name":"Duplicator","floor":38,"gold_loss":0,"cards_obtained":["Adaptation"]},{"cards_removed":["Strike_P"],"damage_healed":0,"gold_gain":0,"player_choice":"Removed Attack","damage_taken":0,"max_hp_gain":0,"max_hp_loss":0,"event_name":"Falling","floor":42,"gold_loss":0},{"damage_healed":0,"gold_gain":0,"player_choice":"Fight","damage_taken":0,"max_hp_gain":0,"max_hp_loss":0,"event_name":"Mysterious Sphere","floor":48,"gold_loss":0}],"is_beta":false,"boss_relics":[{"not_picked":["Ectoplasm","Runic Dome"],"picked":"Calling Bell"},{"not_picked":["Astrolabe","Runic Pyramid"],"picked":"VioletLotus"}],"items_purged_floors":[3,12,37,47],"is_endless":false,"potions_floor_spawned":[1,5,10,20,22,24,41],"ascension_level":8}}