{"host":"ni5mix2lh3q94rpg","time":1611141210,"event":{"mods":["AchievementEnabler","Act Like it!","BaseMod","Better Altar","Better Note","Better Silent Start","Better Skull","Better Third Choice","Better Vampires","Card Forge","Colored Map","Colored Powertips","Custom Start","Displayed Cursed Tome","Gensokyo","GifTheSpireLib","Hermit","Highlight Path","Marisa????????","Minty Spire (QoL Compilation)","Remilia??????","Shop Mod","Spicy Shops","Spire Arcade","StS++","StSLib","The Cursed","The Servant 0.9.4","Transform Curses","everything is the same but u backflip on backflip","slay the spire mod where everything is the same but ironclad has a cowboy hat","??????REMEMod"],"gold_per_floor":[117,21,41,355,568,594,594,606,606,641,641,672,672,686,686,686,686],"floor_reached":16,"language":"ENG","playtime":1057,"items_purged":[],"score":205,"play_id":"2bc714b8-cce5-4bd9-ab21-f73f4a48fd69","local_time":"20210120141330","is_ascension_mode":true,"campfire_choices":[{"floor":7,"key":"REST"},{"floor":11,"key":"REST"},{"floor":13,"key":"REST"},{"floor":15,"key":"REST"}],"circlet_count":0,"master_deck":["AscendersBane","Strike_R","Strike_R","Strike_R","Strike_R","Strike_R","Defend_R","Defend_R","Defend_R","Defend_R","Bash","TheWorld","Ghostly Armor","Shrug It Off","StSpp:TheBiggerTheyAre","Blood for Blood","StSpp:Betrayal","Iron Wave","Ghostly Armor","Flame Barrier","REME_Scribble","Clothesline"],"relics":["Burning Blood","Hammer of Thor","Seething Fire","Anvil of the Gods","REME_ComplimentaryCards","NeowsBlessing","Art of War","Strawberry","StSpp:BrokenTotem","Letter Opener"],"acts_visited":["Exordium"],"potions_floor_usage":[8,12],"damage_taken":[{"damage":0.0,"enemies":"Gensokyo:Python","floor":1.0,"turns":1.0},{"damage":8.0,"enemies":"Gensokyo:Gryphon","floor":3.0,"turns":2.0},{"damage":0.0,"enemies":"Gensokyo:3_Fairies","floor":4.0,"turns":2.0},{"damage":35.0,"enemies":"Gensokyo:Gryphon_and_Rabbit","floor":5.0,"turns":11.0},{"damage":38,"enemies":"Gensokyo:Aya","floor":6,"turns":6},{"damage":11,"enemies":"Gensokyo:2_Rabbits","floor":8,"turns":4},{"damage":37,"enemies":"Gensokyo:Mamizou","floor":10,"turns":11},{"damage":34,"enemies":"Gensokyo:Aya","floor":12,"turns":7},{"damage":28,"enemies":"Gensokyo:LivingMonolith","floor":14,"turns":5},{"damage":50,"enemies":"Gensokyo:Yukari","floor":16,"turns":12}],"seed_played":"-2138532631399471638","potions_obtained":[{"floor":1.0,"key":"Fruit Juice"},{"floor":6,"key":"SkillPotion"},{"floor":8,"key":"Explosive Potion"},{"floor":14,"key":"SmokeBomb"}],"is_trial":false,"path_per_floor":["M","COS","M","M","M","E","R","M","T","E","R","E","R","M","R","B"],"character_chosen":"IRONCLAD","items_purchased":[],"campfire_rested":4,"item_purchase_floors":[],"current_hp_per_floor":[79,79,77,80,51,19,43,38,45,14,40,12,38,18,44,0,0],"gold":686,"neow_bonus":"THREE_ENEMY_KILL","is_daily":false,"chose_seed":false,"campfire_upgraded":0,"win_rate":0.0,"timestamp":1611141210,"path_taken":["M","COS","M","M","?","E","R","M","T","E","R","E","R","M","R","BOSS"],"items_purchased_type":[],"build_version":"2020-12-22","purchased_purges":0,"victory":false,"max_hp_per_floor":[80,80,80,80,80,80,80,80,87,87,87,87,87,89,89,91,91],"card_choices":[{"not_picked":["Dark Embrace","Flex"],"picked":"Ghostly Armor","floor":1.0},{"not_picked":["Heavy Blade","Perfected Strike"],"picked":"Shrug It Off","floor":3.0},{"not_picked":["Cleave","Body Slam"],"picked":"StSpp:TheBiggerTheyAre","floor":4.0},{"not_picked":["Pommel Strike","Perfected Strike"],"picked":"Blood for Blood","floor":5.0},{"not_picked":["Reaper","Juggernaut"],"picked":"StSpp:Betrayal","floor":6},{"not_picked":["Havoc","Pommel Strike"],"picked":"Iron Wave","floor":6},{"not_picked":["Carnage","Sentinel"],"picked":"Ghostly Armor","floor":8},{"not_picked":["Uppercut","StSpp:Betrayal"],"picked":"Flame Barrier","floor":10},{"not_picked":["True Grit","Pummel"],"picked":"REME_Scribble","floor":12},{"not_picked":["Body Slam","Cleave"],"picked":"Clothesline","floor":14}],"player_experience":842471,"relics_obtained":[{"floor":6,"key":"Art of War"},{"floor":9,"key":"Strawberry"},{"floor":10,"key":"StSpp:BrokenTotem"},{"floor":12,"key":"Letter Opener"}],"event_choices":[],"is_beta":false,"boss_relics":[],"items_purged_floors":[],"is_endless":false,"potions_floor_spawned":[1,6,8,14],"killed_by":"Gensokyo:Yukari","ascension_level":18}}