{"host":"wppa8gky53tnknhf","time":1611141617,"event":{"mods":["AchievementEnabler","Act Like it!","BaseMod","Better Third Choice","BetterRewards","Card Forge","Colored Powertips","Energized Spire","Hubris","Infinite Spire","Marked Mod","Minty Spire (QoL Compilation)","Permanent Neow","Quick Restart","Rare Cards Sparkle","Relic Stats","Remove Card Discount Mod","Replay The Spire","Spikes Relics","Spire Birthday Party","StSLib","Wandering Minibosses"],"gold_per_floor":[19,30,43,43,57,85,100,133,133,166,166,166,166,194,194,293,293,305,323,323,323],"floor_reached":20,"language":"ENG","playtime":599,"items_purged":[],"score":240,"play_id":"1719687a-c9a5-4bb5-a2fa-889694784daa","local_time":"20210120112017","is_ascension_mode":true,"campfire_choices":[{"floor":12,"key":"RECALL"},{"floor":15,"key":"REST"}],"circlet_count":0,"master_deck":["Strike_R+1","Strike_R+1","Strike_R+1","Strike_R+1","Strike_R+1","Defend_R+1","Defend_R+1","Defend_R+1","Defend_R+1","Bash+1","Perfected Strike+1","Rampage+1","Body Slam+1","Iron Wave+1","Barricade+1","Rampage+1","Body Slam+1"],"relics":["Burning Blood","Hammer of Thor","Seething Fire","Anvil of the Gods","Torii","infinitespire:FocusingShard","hubris:Potato","Champion Belt","infinitespire:Beetle Shell"],"acts_visited":["Exordium","TheCity"],"potions_floor_usage":[8,10,10,14,16,19],"damage_taken":[{"damage":0,"enemies":"Jaw Worm","floor":1,"turns":3},{"damage":0,"enemies":"2 Louse","floor":2,"turns":2},{"damage":6,"enemies":"Cultist","floor":3,"turns":3},{"damage":8,"enemies":"Large Slime","floor":5,"turns":4},{"damage":36,"enemies":"Lagavulin","floor":6,"turns":4},{"damage":17,"enemies":"Red Slaver","floor":7,"turns":5},{"damage":11,"enemies":"3 Sentries","floor":8,"turns":6},{"damage":0,"enemies":"Gremlin Nob","floor":10,"turns":3},{"damage":20,"enemies":"Lagavulin","floor":14,"turns":5},{"damage":12,"enemies":"Hexaghost","floor":16,"turns":11},{"damage":20,"enemies":"3 Byrds","floor":18,"turns":8},{"damage":51,"enemies":"Shell Parasite","floor":19,"turns":8},{"damage":29,"enemies":"Snake Plant","floor":20,"turns":3}],"seed_played":"-5511961435711040935","potions_obtained":[{"floor":3,"key":"Milkshake"},{"floor":7,"key":"CultistPotion"},{"floor":8,"key":"EntropicBrew"},{"floor":14,"key":"Fruit Juice"},{"floor":18,"key":"Weak Potion"}],"is_trial":false,"path_per_floor":["M","M","M","?","M","E","M","E","T","E","$","R","?","E","R","B",null,"M","M","M"],"character_chosen":"IRONCLAD","items_purchased":[],"campfire_rested":1,"item_purchase_floors":[],"current_hp_per_floor":[80,80,80,80,78,48,37,32,32,38,38,38,38,29,54,48,85,71,26,0,0],"gold":323,"neow_bonus":"ONE_RARE_RELIC","is_daily":false,"chose_seed":false,"campfire_upgraded":0,"win_rate":0.0,"timestamp":1611141617,"path_taken":["M","M","M","?","M","E","M","E","T","E","$","R","?","E","R","BOSS","M","M","M"],"items_purchased_type":[],"build_version":"2020-12-22","purchased_purges":0,"victory":false,"max_hp_per_floor":[80,80,80,80,80,80,80,80,80,80,80,80,80,85,85,85,85,85,85,85,85],"relic_stats":{"Torii":25,"counters":[13,65],"Champion Belt":[5],"obtain_stats":[{"Torii":0,"Anvil of the Gods":0,"Hammer of Thor":0,"infinitespire:FocusingShard":6,"infinitespire:Beetle Shell":14,"Seething Fire":0,"Champion Belt":10,"Burning Blood":0,"hubris:Potato":8},{"Torii":0,"Anvil of the Gods":0,"Hammer of Thor":0,"infinitespire:FocusingShard":5,"infinitespire:Beetle Shell":9,"Seething Fire":0,"Champion Belt":8,"Burning Blood":0,"hubris:Potato":7},{"Torii":0,"Anvil of the Gods":0,"Hammer of Thor":0,"infinitespire:FocusingShard":16,"infinitespire:Beetle Shell":35,"Seething Fire":0,"Champion Belt":30,"Burning Blood":0,"hubris:Potato":27}],"Burning Blood":60},"card_choices":[{"not_picked":["Second Wind","ReplayTheSpireMod:LeadingStrike"],"picked":"ReplayTheSpireMod:Muscle Training","floor":1},{"not_picked":["Anger","hubris:CleavingFinish","ReplayTheSpireMod:Strike From Hell"],"picked":"SKIP","floor":2},{"not_picked":["Iron Wave","Sword Boomerang"],"picked":"Perfected Strike","floor":3},{"not_picked":["Headbutt","Carnage"],"picked":"Rampage","floor":5},{"not_picked":["Life Link","Fire Breathing","Replay:Many Hands"],"picked":"SKIP","floor":6},{"not_picked":["Heavy Blade","Iron Wave"],"picked":"Body Slam","floor":7},{"not_picked":["Uppercut","Fire Breathing"],"picked":"Iron Wave","floor":8},{"not_picked":["Replay:Undeath\u0027s Touch","Wild Strike","ReplayTheSpireMod:Strike From Hell"],"picked":"SKIP","floor":10},{"not_picked":["ReplayTheSpireMod:Strike From Hell","ReplayReversal","Havoc"],"picked":"SKIP","floor":14},{"not_picked":["Eclipse","Limit Break"],"picked":"Barricade","floor":16},{"not_picked":["Replay:Undeath\u0027s Touch","Havoc"],"picked":"Rampage","floor":18},{"not_picked":["Battle Trance","Power Through"],"picked":"Body Slam+1","floor":19}],"player_experience":692175,"relics_obtained":[{"floor":6,"key":"infinitespire:FocusingShard"},{"floor":8,"key":"hubris:Potato"},{"floor":10,"key":"Champion Belt"},{"floor":14,"key":"infinitespire:Beetle Shell"}],"event_choices":[{"damage_healed":0,"gold_gain":0,"player_choice":"Forge","damage_taken":0,"max_hp_gain":0,"max_hp_loss":0,"event_name":"Accursed Blacksmith","floor":13,"gold_loss":0,"cards_upgraded":["Iron Wave"]}],"is_beta":false,"boss_relics":[{"not_picked":["energizedSpire:OgreHead","Snecko Eye","Runic Pyramid"]}],"items_purged_floors":[],"is_endless":false,"potions_floor_spawned":[3,7,8,10,14,18],"killed_by":"Snake Plant","ascension_level":1}}