{"host":"u1dfzl6o6mfmauc3","time":1611146104,"event":{"mods":["2.2 Compatiblity","AchievementEnabler","BaseMod","Block Reminder","Challenge The Spire","Dark Map","Hermit","Minty Spire (QoL Compilation)","Relic Stats","Robot Space Explorer","StSLib","The Disciple"],"gold_per_floor":[115,115,115,12,29,29,59,59,59,94,112,125,125,142,142,241,241,252,81,81,91,91,91,125,138,164,201,312,324,351,363,390,402,414,522,534,557,72,90,140,157,157,157,157],"floor_reached":43,"language":"ENG","playtime":1710,"items_purged":["Strike_G","Defend_G+1"],"score":524,"play_id":"123266b7-f49d-4f8c-ab91-9222a1a3a6d6","local_time":"20210120073504","is_ascension_mode":true,"campfire_choices":[{"data":"Footwork","floor":6.0,"key":"SMITH"},{"floor":8.0,"key":"REST"},{"floor":13.0,"key":"REST"},{"data":"Bouncing Flask","floor":15.0,"key":"SMITH"},{"data":"Malaise","floor":23.0,"key":"SMITH"},{"floor":29.0,"key":"REST"},{"floor":31.0,"key":"REST"},{"data":"Catalyst","floor":33.0,"key":"SMITH"},{"data":"Noxious Fumes","floor":34.0,"key":"SMITH"},{"floor":42,"key":"REST"}],"circlet_count":0,"master_deck":["Strike_G+1","Defend_G+1","Defend_G+1","Defend_G+1","Defend_G+1","Survivor","Neutralize","Dagger Throw+1","Footwork+1","Blade Dance","Riddle With Holes","Acrobatics","Poisoned Stab","Bouncing Flask+1","Calculated Gamble","Malaise+1","Escape Plan+1","Storm of Steel+1","Distraction+1","Cloak And Dagger+1","Noxious Fumes+1","Catalyst+1","Backflip","Deadly Poison+1","Choke","Bullet Time","Dagger Spray"],"relics":["Philosopher\u0027s Stone","Tough Bandages","Vajra","The Specimen","Smiling Mask","Astrolabe","MutagenicStrength","Anchor","MawBank","Centennial Puzzle","Busted Crown","Incense Burner","Art of War","Peace Pipe"],"acts_visited":["Exordium","TheCity","TheBeyond"],"potions_floor_usage":[43],"damage_taken":[{"damage":2.0,"enemies":"Jaw Worm","floor":1.0,"turns":6.0},{"damage":0.0,"enemies":"Small Slimes","floor":5.0,"turns":3.0},{"damage":15.0,"enemies":"3 Sentries","floor":7.0,"turns":8.0},{"damage":19.0,"enemies":"Gremlin Nob","floor":10.0,"turns":3.0},{"damage":0.0,"enemies":"Cultist","floor":11.0,"turns":2.0},{"damage":0.0,"enemies":"2 Fungi Beasts","floor":12.0,"turns":2.0},{"damage":4.0,"enemies":"Looter","floor":14.0,"turns":2.0},{"damage":2.0,"enemies":"The Guardian","floor":16.0,"turns":9.0},{"damage":11.0,"enemies":"Shell Parasite","floor":18.0,"turns":4.0},{"damage":0.0,"enemies":"3 Byrds","floor":21.0,"turns":5.0},{"damage":10.0,"enemies":"Slavers","floor":24.0,"turns":4.0},{"damage":13.0,"enemies":"Snecko","floor":25.0,"turns":6.0},{"damage":5.0,"enemies":"Shelled Parasite and Fungi","floor":30.0,"turns":4.0},{"damage":0.0,"enemies":"Cultist and Chosen","floor":32.0,"turns":5.0},{"damage":16.0,"enemies":"Collector","floor":35.0,"turns":6.0},{"damage":29.0,"enemies":"3 Darklings","floor":37.0,"turns":6.0},{"damage":0.0,"enemies":"3 Shapes","floor":39.0,"turns":5.0},{"damage":0.0,"enemies":"Mind Bloom Boss Battle","floor":40.0,"turns":4.0},{"damage":0,"enemies":"Transient","floor":41,"turns":5},{"damage":65,"enemies":"Reptomancer","floor":43,"turns":3}],"seed_played":"-334975970346011457","potions_obtained":[{"floor":5.0,"key":"FearPotion"},{"floor":7.0,"key":"DuplicationPotion"},{"floor":12.0,"key":"SneckoOil"},{"floor":16.0,"key":"SpeedPotion"},{"floor":25.0,"key":"Strength Potion"},{"floor":35.0,"key":"BlessingOfTheForge"}],"is_trial":false,"path_per_floor":["M","?","?","$","M","R","E","R","T","E","M","M","R","M","R","B",null,"M","$","?","M","?","R","E","M","T","T","?","R","M","R","M","R","R","B",null,"M","$","M","?","M","R","E"],"character_chosen":"THE_SILENT","items_purchased":["Footwork","Blade Dance","Noxious Fumes","Catalyst","Incense Burner","Art of War"],"campfire_rested":5,"item_purchase_floors":[4,4,19,19,38,38],"current_hp_per_floor":[68,54,47,47,47,47,32,53,53,34,34,34,55,51,51,49,70,59,59,59,59,59,59,49,36,36,36,36,57,52,70,70,70,70,54,70,41,41,41,41,41,62,0,0],"gold":157,"neow_bonus":"BOSS_RELIC","is_daily":false,"chose_seed":false,"campfire_upgraded":5,"win_rate":0.0,"timestamp":1611146104,"path_taken":["M","?","?","?","M","R","E","R","T","E","M","M","R","?","R","BOSS","M","$","?","M","?","R","E","M","T","T","?","R","M","R","M","R","R","BOSS","M","$","M","?","M","R","E"],"items_purchased_type":["Card","Card","Card","Card","Relic","Relic"],"build_version":"2020-12-22","purchased_purges":2,"victory":false,"max_hp_per_floor":[70,70,70,70,70,70,70,70,70,70,70,70,70,70,70,70,70,70,70,70,70,70,70,70,70,70,70,70,70,70,70,70,70,70,70,70,70,70,70,70,70,70,70,70],"relic_stats":{"Peace Pipe":0,"Tough Bandages":[288],"Centennial Puzzle":[12],"Busted Crown":10,"counters":[20,92],"Astrolabe":["Escape Plan","Storm of Steel","Distraction"],"Art of War":[1],"Smiling Mask":75,"MawBank":144,"obtain_stats":[{"The Specimen":9,"Astrolabe":17,"Vajra":7,"Incense Burner":38,"Smiling Mask":10,"MawBank":26,"Peace Pipe":40,"Tough Bandages":3,"Anchor":24,"Centennial Puzzle":27,"Busted Crown":36,"MutagenicStrength":22,"Philosopher\u0027s Stone":0,"Art of War":38,"Ring of the Snake":0},{"The Specimen":3,"Astrolabe":8,"Vajra":3,"Incense Burner":16,"Smiling Mask":4,"MawBank":12,"Peace Pipe":18,"Tough Bandages":1,"Anchor":11,"Centennial Puzzle":12,"Busted Crown":15,"MutagenicStrength":10,"Philosopher\u0027s Stone":0,"Art of War":16,"Ring of the Snake":0},{"The Specimen":17,"Astrolabe":35,"Vajra":17,"Incense Burner":75,"Smiling Mask":20,"MawBank":54,"Peace Pipe":84,"Tough Bandages":6,"Anchor":48,"Centennial Puzzle":54,"Busted Crown":69,"MutagenicStrength":44,"Philosopher\u0027s Stone":0,"Art of War":75,"Ring of the Snake":0}]},"card_choices":[{"not_picked":["Deadly Poison","Bouncing Flask"],"picked":"Dagger Throw","floor":1.0},{"not_picked":["Dodge and Roll","Infinite Blades"],"picked":"Riddle With Holes","floor":5.0},{"not_picked":["Riddle With Holes","Eviscerate"],"picked":"Acrobatics","floor":7.0},{"not_picked":["Reflex","Sucker Punch"],"picked":"Poisoned Stab","floor":10.0},{"not_picked":["Bane","All Out Attack","Sucker Punch"],"picked":"SKIP","floor":11.0},{"not_picked":["Poisoned Stab","Deflect"],"picked":"Bouncing Flask","floor":12.0},{"not_picked":["Underhanded Strike","Slice"],"picked":"Calculated Gamble","floor":14.0},{"not_picked":["Night Terror","Envenom"],"picked":"Malaise","floor":16.0},{"not_picked":["Prepared+1","Tactician+1"],"picked":"Cloak And Dagger+1","floor":18.0},{"not_picked":["Sucker Punch","Poisoned Stab+1"],"picked":"Backflip","floor":21.0},{"not_picked":["Quick Slash","Outmaneuver+1"],"picked":"Deadly Poison+1","floor":24.0},{"not_picked":["Backflip+1","Dodge and Roll"],"picked":"Choke","floor":25.0},{"not_picked":["Accuracy","Bouncing Flask+1","Backstab"],"picked":"SKIP","floor":30.0},{"not_picked":["Sucker Punch","Underhanded Strike","Deflect"],"picked":"SKIP","floor":32.0},{"not_picked":["Doppelganger","Wraith Form v2"],"picked":"Bullet Time","floor":35.0},{"not_picked":[],"picked":"Dagger Spray","floor":37.0},{"not_picked":["Escape Plan+1"],"picked":"SKIP","floor":39.0},{"not_picked":["Acrobatics+1"],"picked":"SKIP","floor":41}],"player_experience":128719,"relics_obtained":[{"floor":7.0,"key":"Vajra"},{"floor":9.0,"key":"The Specimen"},{"floor":10.0,"key":"Smiling Mask"},{"floor":24.0,"key":"Anchor"},{"floor":26.0,"key":"MawBank"},{"floor":27.0,"key":"Centennial Puzzle"},{"floor":40,"key":"Peace Pipe"}],"event_choices":[{"damage_healed":0.0,"max_hp_gain":0.0,"max_hp_loss":0.0,"gold_gain":0.0,"event_name":"Shining Light","player_choice":"Entered Light","floor":2.0,"gold_loss":0.0,"damage_taken":14.0,"cards_upgraded":["Strike_G","Dagger Throw"]},{"damage_healed":0.0,"max_hp_gain":0.0,"max_hp_loss":0.0,"gold_gain":0.0,"event_name":"Scrap Ooze","player_choice":"Success","floor":3.0,"gold_loss":0.0,"damage_taken":7.0,"relics_obtained":["Tough Bandages"]},{"damage_healed":0.0,"max_hp_gain":0.0,"max_hp_loss":0.0,"gold_gain":0.0,"event_name":"Back to Basics","player_choice":"Simplicity","floor":20.0,"gold_loss":0.0,"damage_taken":0.0,"cards_upgraded":["Defend_G","Defend_G","Defend_G","Defend_G","Defend_G"]},{"damage_healed":0.0,"max_hp_gain":0.0,"max_hp_loss":0.0,"gold_gain":0.0,"event_name":"Drug Dealer","player_choice":"Inject Mutagens","floor":22.0,"gold_loss":0.0,"damage_taken":0.0,"relics_obtained":["MutagenicStrength"]},{"damage_healed":0.0,"max_hp_gain":0.0,"max_hp_loss":0.0,"gold_gain":99.0,"event_name":"Nest","player_choice":"Stole From Cult","floor":28.0,"gold_loss":0.0,"damage_taken":0.0},{"damage_healed":0.0,"max_hp_gain":0.0,"max_hp_loss":0.0,"gold_gain":0.0,"event_name":"MindBloom","player_choice":"Fight","floor":40.0,"gold_loss":0.0,"damage_taken":0.0}],"is_beta":false,"boss_relics":[{"not_picked":["Snecko Eye","Calling Bell"],"picked":"Astrolabe"},{"not_picked":["HoveringKite","Sozu"],"picked":"Busted Crown"}],"items_purged_floors":[19,38],"is_endless":false,"potions_floor_spawned":[5,7,12,16,21,25,35,40,41],"killed_by":"Reptomancer","ascension_level":3}}