{"host":"t0dtoggyaif518ut","time":1611143067,"event":{"mods":["AchievementEnabler","BaseMod","Best Route Mod","Bestiary","Better Altar","Better Match","Better Note","Better Sensory Stone","Better Silent Start","Better Skull","Better Third Choice","Better Vampires","Block Reminder","Colored Powertips","Dark Map","Displayed Cursed Tome","Energized Spire","Evolution","Gold Saver","Ironclad Rager","Minty Spire (QoL Compilation)","Practice Mode","Quick Restart","RNG Fix","Random Character Button","Relic Stats","Retaliation","Reworked Bosses","StSLib","Treasure Hunter"],"gold_per_floor":[509,459,49,49,21,21,55,31,58,70,70,85,85,110,110,186,186,199,299,313,330,330,330,330],"floor_reached":23,"language":"ENG","playtime":1586,"items_purged":[],"score":325,"play_id":"533b3a41-7986-402e-88f7-3c0104d22829","local_time":"20210120184427","is_ascension_mode":true,"campfire_choices":[{"data":"Bash","floor":6,"key":"SMITH"},{"data":"TH:ElvenBoots","floor":13,"key":"SMITH"},{"data":"TH:ElvenBoots","floor":15,"key":"SMITH"}],"circlet_count":0,"master_deck":["AscendersBane","Cleave","Cleave","Strike_R","Defend_R+1","Defend_R","Defend_R+1","Defend_R","Bash+1","DDmod:SpikedSkill+1","Shrug It Off+1","Discovery+1","TH:ElvenBoots+1","DDmod:SpikedSkill+1","Twin Strike","TH:Mimic","Havoc+1","TH:ElvenBoots+1","Warcry+1","TH:CopperCoins","Fiend Fire","Pommel Strike+1","Armaments+1","Demon Form"],"relics":["Burning Blood","EVO:Axolotl","Vajra","Toxic Egg 2","War Paint","betterThird:SlimedRelic","Mercury Hourglass","Happy Flower","GremlinMask","Question Card","Busted Crown"],"acts_visited":["Exordium","TheCity"],"potions_floor_usage":[16],"damage_taken":[{"damage":0,"enemies":"2 Louse","floor":1,"turns":2},{"damage":30,"enemies":"Gremlin Nob","floor":7,"turns":4},{"damage":10,"enemies":"Jaw Worm","floor":10,"turns":3},{"damage":0,"enemies":"Small Slimes","floor":12,"turns":3},{"damage":14,"enemies":"3 Sentries","floor":14,"turns":6},{"damage":30,"enemies":"The Guardian","floor":16,"turns":10},{"damage":17,"enemies":"Chosen","floor":18,"turns":6},{"damage":2,"enemies":"3 Byrds","floor":20,"turns":3},{"damage":27,"enemies":"3 Cultists","floor":21,"turns":5},{"damage":42,"enemies":"Slavers","floor":23,"turns":3}],"seed_played":"7072017340499196461","potions_obtained":[{"floor":12,"key":"Strength Potion"},{"floor":14,"key":"Weak Potion"},{"floor":20,"key":"SmokeBomb"}],"is_trial":false,"path_per_floor":["M","?","$","?","?","R","E","$","T","M","?","M","R","E","R","B",null,"M","?","M","M","?","E"],"character_chosen":"IRONCLAD","items_purchased":["Toxic Egg 2","DDmod:SpikedSkill+1","Shrug It Off+1","Discovery+1","Twin Strike"],"campfire_rested":0,"item_purchase_floors":[3,3,3,3,8],"current_hp_per_floor":[78,78,78,78,67,67,43,43,43,39,39,45,45,42,42,18,65,54,54,58,37,37,0,0],"gold":330,"neow_bonus":"RANDOM_COMMON_RELIC","is_daily":false,"chose_seed":false,"campfire_upgraded":3,"win_rate":0.0,"timestamp":1611143067,"path_taken":["M","?","$","?","?","R","E","$","T","M","?","M","R","E","R","BOSS","M","?","M","M","?","E"],"items_purchased_type":["Relic","Card","Card","Card","Card"],"build_version":"2020-12-22","purchased_purges":0,"victory":false,"max_hp_per_floor":[80,80,80,80,80,80,80,80,80,80,80,80,80,80,80,80,80,80,80,80,80,80,80,80],"relic_stats":{"Busted Crown":6,"Happy Flower":[13],"counters":[10,44],"War Paint":["Defend_R","Defend_R"],"Question Card":6,"obtain_stats":[{"Busted Crown":17,"Happy Flower":9,"betterThird:SlimedRelic":5,"Vajra":0,"GremlinMask":11,"EVO:Axolotl":0,"Toxic Egg 2":3,"War Paint":4,"Question Card":14,"Burning Blood":0,"Mercury Hourglass":7},{"Busted Crown":6,"Happy Flower":2,"betterThird:SlimedRelic":1,"Vajra":0,"GremlinMask":3,"EVO:Axolotl":0,"Toxic Egg 2":1,"War Paint":1,"Question Card":5,"Burning Blood":0,"Mercury Hourglass":2},{"Busted Crown":28,"Happy Flower":6,"betterThird:SlimedRelic":2,"Vajra":0,"GremlinMask":9,"EVO:Axolotl":0,"Toxic Egg 2":2,"War Paint":2,"Question Card":18,"Burning Blood":0,"Mercury Hourglass":6}],"Burning Blood":54,"Mercury Hourglass":[186]},"card_choices":[{"not_picked":["Warcry","Dual Wield","DDmod:PokeAttack"],"picked":"SKIP","floor":1},{"not_picked":["TH:TreasureMap"],"picked":"TH:ElvenBoots","floor":7},{"not_picked":["DDmod:UnstoppableAttack","Perfected Strike"],"picked":"DDmod:SpikedSkill+1","floor":7},{"not_picked":["TH:EnergyPotion"],"picked":"TH:Mimic","floor":9},{"not_picked":["Carnage","DDmod:EasePowerCard"],"picked":"Havoc+1","floor":10},{"not_picked":["DDmod:GrandUltimatumAttack","Clothesline","Power Through+1"],"picked":"SKIP","floor":12},{"not_picked":["TH:EnergyPotion"],"picked":"TH:ElvenBoots","floor":14},{"not_picked":["Carnage","Havoc+1"],"picked":"Warcry+1","floor":14},{"not_picked":["TH:PixieDust","TH:BikiniMail"],"picked":"TH:CopperCoins","floor":16},{"not_picked":["Berserk","Offering+1","Demon Form"],"picked":"Fiend Fire","floor":16},{"not_picked":["Cleave"],"picked":"Pommel Strike+1","floor":18},{"not_picked":["Sword Boomerang"],"picked":"Armaments+1","floor":20},{"not_picked":["Pommel Strike","Sentinel+1"],"picked":"SKIP","floor":21}],"player_experience":282563,"relics_obtained":[{"floor":7,"key":"Mercury Hourglass"},{"floor":9,"key":"Happy Flower"},{"floor":14,"key":"Question Card"}],"event_choices":[{"cards_removed":["Strike_R"],"damage_healed":0,"gold_gain":0,"player_choice":"Card Removal","damage_taken":0,"max_hp_gain":0,"max_hp_loss":0,"event_name":"The Cleric","floor":2,"gold_loss":50},{"cards_removed":["Cleave"],"damage_healed":0,"gold_gain":0,"player_choice":"Gave Card","damage_taken":0,"relics_obtained":["War Paint"],"max_hp_gain":0,"max_hp_loss":0,"event_name":"WeMeetAgain","floor":4,"gold_loss":0},{"damage_healed":0,"gold_gain":0,"player_choice":"Slimed","damage_taken":11,"max_hp_gain":0,"max_hp_loss":0,"event_name":"betterThird:BetterGoop","floor":5,"gold_loss":28},{"damage_healed":0,"gold_gain":0,"player_choice":"Trade","damage_taken":0,"relics_obtained":["GremlinMask"],"max_hp_gain":0,"max_hp_loss":0,"event_name":"FaceTrader","floor":11,"gold_loss":0},{"damage_healed":0,"gold_gain":100,"player_choice":"Pray","damage_taken":0,"max_hp_gain":0,"max_hp_loss":0,"event_name":"Golden Shrine","floor":19,"gold_loss":0},{"cards_removed":["Shrug It Off"],"damage_healed":0,"gold_gain":0,"player_choice":"Take \u0026 Give","damage_taken":0,"max_hp_gain":0,"max_hp_loss":0,"event_name":"betterNote:BetterNote","floor":22,"gold_loss":0,"cards_obtained":["Demon Form"]}],"is_beta":false,"boss_relics":[{"not_picked":["SacredBark","energizedSpire:NeverEndingSparkler"],"picked":"Busted Crown"}],"items_purged_floors":[],"is_endless":false,"potions_floor_spawned":[12,14,20,21],"killed_by":"Slavers","ascension_level":13}}