{"host":"lzlnscgb2n0l5w2m","time":1611137914,"event":{"mods":["AchievementEnabler","BaseMod","Block Reminder","Colored Powertips","Googly Eyes","Highlight Path","Minty Spire (QoL Compilation)","Permanent Neow","Relic Stats","StSLib"],"gold_per_floor":[114,39,53,30,30,62,62,89,89,118,118,129,141,160,160,160,160],"floor_reached":16,"language":"ZHT","playtime":1078,"items_purged":["Strike_R"],"score":150,"play_id":"c30e5d89-cd34-43f2-aea5-0ac76d6f4294","local_time":"20210120181834","is_ascension_mode":true,"campfire_choices":[{"floor":7.0,"key":"REST"},{"floor":11.0,"key":"REST"},{"floor":15.0,"key":"REST"}],"circlet_count":0,"master_deck":["Strike_R","Strike_R","Strike_R","Strike_R","Defend_R","Defend_R","Defend_R","Defend_R","Bash","Pummel","Metallicize","Flex","Dark Embrace","Offering","True Grit","Sentinel","Intimidate"],"relics":["Burning Blood","Turnip","StoneCalendar","Matryoshka","Bag of Preparation","Bird Faced Urn","Charon\u0027s Ashes"],"acts_visited":["Exordium"],"potions_floor_usage":[16],"damage_taken":[{"damage":6.0,"enemies":"Small Slimes","floor":1.0,"turns":5.0},{"damage":4.0,"enemies":"2 Louse","floor":3.0,"turns":3.0},{"damage":38.0,"enemies":"Gremlin Nob","floor":6.0,"turns":5.0},{"damage":42.0,"enemies":"Lagavulin","floor":8.0,"turns":6.0},{"damage":37.0,"enemies":"Gremlin Nob","floor":10.0,"turns":5.0},{"damage":18.0,"enemies":"Jaw Worm","floor":12.0,"turns":3.0},{"damage":13.0,"enemies":"Red Slaver","floor":13.0,"turns":2.0},{"damage":16.0,"enemies":"Blue Slaver","floor":14.0,"turns":4.0},{"damage":53,"enemies":"The Guardian","floor":16,"turns":9}],"seed_played":"-723281426067485952","potions_obtained":[{"floor":1.0,"key":"Regen Potion"},{"floor":6.0,"key":"Fire Potion"},{"floor":12.0,"key":"LiquidBronze"}],"is_trial":false,"path_per_floor":["M","$","M","$","?","E","R","E","T","E","R","M","M","M","R","B"],"character_chosen":"IRONCLAD","items_purchased":["Flex"],"campfire_rested":3,"item_purchase_floors":[4],"current_hp_per_floor":[72,72,72,72,77,45,68,32,32,17,40,32,29,23,46,0,0],"gold":160,"neow_bonus":"ONE_RARE_RELIC","is_daily":false,"chose_seed":false,"campfire_upgraded":0,"win_rate":0.0,"timestamp":1611137914,"path_taken":["M","$","M","$","?","E","R","E","T","E","R","M","M","M","R","BOSS"],"items_purchased_type":["Card"],"build_version":"2020-12-22","purchased_purges":1,"victory":false,"max_hp_per_floor":[72,72,72,72,77,77,77,77,77,77,77,77,77,77,77,77,77],"relic_stats":{"counters":[9,42],"Bird Faced Urn":[18],"StoneCalendar":[52],"Turnip":[0],"Charon\u0027s Ashes":[36],"Bag of Preparation":[10],"obtain_stats":[{"Matryoshka":8,"Bird Faced Urn":9,"StoneCalendar":6,"Turnip":0,"Charon\u0027s Ashes":10,"Bag of Preparation":9,"Burning Blood":0},{"Matryoshka":4,"Bird Faced Urn":4,"StoneCalendar":3,"Turnip":0,"Charon\u0027s Ashes":5,"Bag of Preparation":4,"Burning Blood":0},{"Matryoshka":19,"Bird Faced Urn":19,"StoneCalendar":13,"Turnip":0,"Charon\u0027s Ashes":24,"Bag of Preparation":19,"Burning Blood":0}],"Burning Blood":46},"card_choices":[{"not_picked":["Havoc","Pommel Strike"],"picked":"Pummel","floor":1.0},{"not_picked":["Cleave","Perfected Strike"],"picked":"Metallicize","floor":3.0},{"not_picked":["Clothesline","Havoc","Twin Strike"],"picked":"SKIP","floor":6.0},{"not_picked":["Fire Breathing","Metallicize"],"picked":"Dark Embrace","floor":8.0},{"not_picked":["Rage","Dark Embrace"],"picked":"Offering","floor":10.0},{"not_picked":["Sword Boomerang","Clash"],"picked":"True Grit","floor":12.0},{"not_picked":["Flex","Wild Strike"],"picked":"Sentinel","floor":13.0},{"not_picked":["Rupture","True Grit"],"picked":"Intimidate","floor":14.0}],"player_experience":211058,"relics_obtained":[{"floor":6.0,"key":"StoneCalendar"},{"floor":8.0,"key":"Matryoshka"},{"floor":9.0,"key":"Bag of Preparation"},{"floor":9.0,"key":"Bird Faced Urn"},{"floor":10.0,"key":"Charon\u0027s Ashes"}],"event_choices":[{"damage_healed":0.0,"max_hp_gain":5.0,"max_hp_loss":0.0,"gold_gain":0.0,"event_name":"Big Fish","player_choice":"Donut","floor":5.0,"gold_loss":0.0,"damage_taken":0.0}],"is_beta":false,"boss_relics":[],"items_purged_floors":[2],"is_endless":false,"potions_floor_spawned":[1,6,12],"killed_by":"The Guardian","ascension_level":5}}