{"host":"och2iitg9ibgz06n","time":1611184130,"event":{"mods":["Abigail Mod","AchievementEnabler","Aspiration","BaseMod","Colored Powertips","Dio Mod","Hubris","Hyrulean Relics","Infinite Spire","Minty Spire (QoL Compilation)","Replay The Spire","Small Relic Pack","StSLib","The Animator","The Bug Knight","The Hierophant","The Jungle","The Saiyan","TheHero","Wandering Minibosses","everything is the same but u backflip on backflip","slay the spire mod where everything is the same but ironclad has a cowboy hat","vexMod"],"gold_per_floor":[119,129,129,144,162,190,200,220,220,236,254,254,269,304,304,404,404,419,419,419,419,431,445,462,490,490,490,507,531,546,561,561,664,664,678,697,697,707,723,723,723],"floor_reached":40,"language":"ENG","playtime":2535,"items_purged":[],"score":455,"play_id":"3d1e9f09-7f88-405b-b691-1983b1ea26b2","local_time":"20210120170850","is_ascension_mode":false,"campfire_choices":[{"floor":12,"key":"REST"},{"floor":15,"key":"REST"},{"floor":27,"key":"REST"}],"circlet_count":0,"master_deck":["HollowMod:NailStrikeStart","HollowMod:NailStrikeStart","HollowMod:NailStrikeStart","HollowMod:NailStrikeStart","HollowMod:QuickDashStart","HollowMod:QuickDashStart","HollowMod:QuickDashStart","HollowMod:QuickDashStart","HollowMod:FocusHealStart","HollowMod:PogoStrike","HollowMod:MidwifesHunger","HollowMod:SoulSplash","HollowMod:CloakDash","HollowMod:HeavyBlow","HollowMod:VengefulSpirit","HollowMod:theNailsmith","HollowMod:SoulStrike","HollowMod:ChannelNail","HollowMod:RecoilStrike+1","HollowMod:NewLittleFool","HollowMod:NewLittleFool","HollowMod:Grubsong","HollowMod:ZotesMagnificence","HollowMod:HeavyBlow","Necronomicurse","infinitespire:Punishment","HollowMod:HowlingWraiths","HollowMod:DoubleDash","HollowMod:GoodIntentions+1","HollowMod:ChannelNail","HollowMod:PureNailStrike","HollowMod:GrimmsGift","HollowMod:MantisMark","HollowMod:Weaversong","HollowMod:BaldurShell+1","HollowMod:CycloneSlash+1","Parasite","HollowMod:MonarchWings+1"],"relics":["HollowMod:VesselMask","Replay:Accelerometer","aspiration:FrozenJewel","vexMod:CursedCompass","Necronomicon","infinitespire:PuzzleCube","hubris:MysteriousPyramids","Smiling Mask","aspiration:SecretTechniqueScroll"],"acts_visited":["Exordium","TheCity","TheBeyond"],"potions_floor_usage":[13,16,25,25,40],"damage_taken":[{"damage":0,"enemies":"Small Slimes","floor":1,"turns":4},{"damage":3,"enemies":"Jaw Worm","floor":2,"turns":4},{"damage":0,"enemies":"Cultist","floor":4,"turns":4},{"damage":1,"enemies":"Exordium Wildlife","floor":5,"turns":3},{"damage":25,"enemies":"Lagavulin","floor":6,"turns":7},{"damage":5,"enemies":"Looter","floor":7,"turns":4},{"damage":7,"enemies":"Blue Slaver","floor":8,"turns":4},{"damage":2,"enemies":"3 Louse","floor":10,"turns":3},{"damage":4,"enemies":"Red Slaver","floor":11,"turns":4},{"damage":8,"enemies":"Lots of Slimes","floor":13,"turns":2},{"damage":32,"enemies":"Gremlin Nob","floor":14,"turns":5},{"damage":32,"enemies":"Slime Boss","floor":16,"turns":13},{"damage":9,"enemies":"Shell Parasite","floor":18,"turns":6},{"damage":0,"enemies":"Spheric Guardian","floor":22,"turns":3},{"damage":9,"enemies":"Snake Plant","floor":23,"turns":2},{"damage":8,"enemies":"Centurion and Healer","floor":24,"turns":3},{"damage":32,"enemies":"Nightmare","floor":25,"turns":10},{"damage":0,"enemies":"Snecko","floor":28,"turns":2},{"damage":18,"enemies":"Sentry and Sphere","floor":30,"turns":4},{"damage":4,"enemies":"3 Cultists","floor":31,"turns":4},{"damage":28,"enemies":"StardustCrusaders","floor":33,"turns":8},{"damage":21,"enemies":"3 Darklings","floor":35,"turns":6},{"damage":0,"enemies":"Orb Walker","floor":36,"turns":1},{"damage":24,"enemies":"4 Shapes","floor":38,"turns":3},{"damage":0,"enemies":"Writhing Mass","floor":39,"turns":4},{"damage":68,"enemies":"Nightmare","floor":40,"turns":7}],"seed_played":"-8193927179110194465","potions_obtained":[{"floor":2,"key":"Explosive Potion"},{"floor":7,"key":"EssenceOfSteel"},{"floor":8,"key":"CultistPotion"},{"floor":16,"key":"Weak Potion"},{"floor":22,"key":"ColorlessPotion"},{"floor":24,"key":"SteroidPotion"},{"floor":30,"key":"BlessingOfTheForge"},{"floor":31,"key":"PowerPotion"},{"floor":35,"key":"FairyPotion"}],"is_trial":false,"path_per_floor":["M","M","?","M","M","E","M","M","T","M","M","R","M","E","R","B",null,"M","?","AVR","?","M","M","M","NM","T","R","M","T","M","M","R","B",null,"M","M","AVR","M","M","NM"],"character_chosen":"THE_BUGKNIGHT","items_purchased":[],"campfire_rested":3,"item_purchase_floors":[],"current_hp_per_floor":[60,57,57,57,56,37,32,31,31,29,25,47,39,13,35,9,75,72,56,56,56,62,53,51,25,25,47,47,47,29,31,53,31,75,54,54,54,30,30,0,0],"gold":723,"neow_bonus":"THREE_RARE_CARDS","is_daily":false,"chose_seed":false,"campfire_upgraded":0,"win_rate":0.0,"timestamp":1611184130,"path_taken":["M","M","?","M","M","E","M","M","T","M","M","R","M","E","R","BOSS","M","?","AVR","?","M","M","M","NM","T","R","M","?","M","M","R","BOSS","M","M","AVR","?","M","NM"],"items_purchased_type":[],"build_version":"2020-12-22","purchased_purges":0,"victory":false,"max_hp_per_floor":[75,75,75,75,75,75,75,75,75,75,75,75,75,75,75,75,75,75,75,75,75,75,75,75,75,75,75,75,75,75,75,75,75,75,75,75,75,75,75,75,75],"card_choices":[{"not_picked":["HollowMod:NewInfectedGuardian","HollowMod:ElderbugsWisdom"],"picked":"HollowMod:MidwifesHunger","floor":0},{"not_picked":["HollowMod:HuntersJournal","HollowMod:ShapeofUnn"],"picked":"HollowMod:SoulSplash","floor":1},{"not_picked":["HollowMod:BaldurShell","HollowMod:DashSlash"],"picked":"HollowMod:CloakDash","floor":2},{"not_picked":["HollowMod:WraithStrike","HollowMod:SoulVessel"],"picked":"HollowMod:HeavyBlow","floor":4},{"not_picked":["HollowMod:TaintedHusks","HollowMod:CloakDash"],"picked":"HollowMod:VengefulSpirit","floor":5},{"not_picked":["HollowMod:GrimmsGift","HollowMod:HowlingWraiths"],"picked":"HollowMod:theNailsmith","floor":6},{"not_picked":["HollowMod:PerfectDash","HollowMod:AbyssShriek"],"picked":"HollowMod:SoulStrike","floor":7},{"not_picked":["HollowMod:ShadowDash","HollowMod:HeavyBlow"],"picked":"HollowMod:ChannelNail","floor":8},{"not_picked":["HollowMod:FallenFury","HollowMod:InfectedAttack"],"picked":"HollowMod:RecoilStrike","floor":10},{"not_picked":["HollowMod:VengefulVoid","HollowMod:VengefulSpirit"],"picked":"HollowMod:NewLittleFool","floor":11},{"not_picked":["HollowMod:WraithStrike","HollowMod:CornifersMapStart"],"picked":"HollowMod:NewLittleFool","floor":13},{"not_picked":["HollowMod:WraithStrike","HollowMod:PureNailStrike"],"picked":"HollowMod:Grubsong","floor":14},{"not_picked":["HollowMod:ElderbugsWisdom","HollowMod:Hiveblood"],"picked":"HollowMod:ZotesMagnificence","floor":16},{"not_picked":["HollowMod:ShadowDash","HollowMod:BlackTendrils"],"picked":"HollowMod:HeavyBlow","floor":18},{"not_picked":["HollowMod:LifebloodCocoon+1","HollowMod:HuntersJournal+1"],"picked":"HollowMod:HowlingWraiths","floor":22},{"not_picked":["HollowMod:VengefulVoid","HollowMod:LifebloodCocoon"],"picked":"HollowMod:DoubleDash","floor":23},{"not_picked":["HollowMod:CloakDash","HollowMod:VengefulVoid+1"],"picked":"HollowMod:GoodIntentions+1","floor":24},{"not_picked":["HollowMod:Grubsong","HollowMod:theNailsmith"],"picked":"HollowMod:ChannelNail","floor":25},{"not_picked":["HollowMod:InfectedAttack","HollowMod:ChannelNail"],"picked":"HollowMod:PureNailStrike","floor":28},{"not_picked":["HollowMod:SharpenedNail","HollowMod:HowlingWraiths"],"picked":"HollowMod:GrimmsGift","floor":30},{"not_picked":["HollowMod:MawleksShell+1","HollowMod:GreatSlash"],"picked":"HollowMod:MantisMark","floor":31},{"not_picked":["HollowMod:ZotesMagnificence","HollowMod:AwokenDreamNail"],"picked":"HollowMod:Weaversong","floor":33},{"not_picked":["HollowMod:CloakDash","HollowMod:FastStrike+1"],"picked":"HollowMod:BaldurShell+1","floor":35},{"not_picked":["HollowMod:WraithStrike+1","HollowMod:LifebloodCocoon","HollowMod:RecoilStrike"],"picked":"SKIP","floor":36},{"not_picked":["HollowMod:DescendingDark+1","HollowMod:VengefulSpirit+1"],"picked":"HollowMod:CycloneSlash+1","floor":38},{"not_picked":["HollowMod:CornifersMapStart","HollowMod:SoulSplash"],"picked":"HollowMod:MonarchWings+1","floor":39}],"player_experience":416053,"relics_obtained":[{"floor":6,"key":"Replay:Accelerometer"},{"floor":14,"key":"aspiration:FrozenJewel"},{"floor":19,"key":"Necronomicon"},{"floor":25,"key":"infinitespire:PuzzleCube"},{"floor":26,"key":"hubris:MysteriousPyramids"},{"floor":29,"key":"Smiling Mask"}],"event_choices":[{"damage_healed":0,"gold_gain":0,"player_choice":"Leave","damage_taken":0,"max_hp_gain":0,"max_hp_loss":0,"event_name":"The Cleric","floor":3,"gold_loss":0},{"damage_healed":0,"gold_gain":0,"player_choice":"Obtained Book","damage_taken":16,"max_hp_gain":0,"max_hp_loss":0,"event_name":"Cursed Tome","floor":19,"gold_loss":0}],"is_beta":false,"boss_relics":[{"not_picked":["vexMod:FluxCapacitor","Replay:Fungal Core"],"picked":"vexMod:CursedCompass"},{"not_picked":["Ring of Chaos","Runic Pyramid"],"picked":"aspiration:SecretTechniqueScroll"}],"items_purged_floors":[],"is_endless":false,"potions_floor_spawned":[2,7,8,11,16,22,24,30,31,33,35],"killed_by":"Nightmare","ascension_level":0}}