{"host":"yd6hhqps9de4qmof","time":1611136840,"event":{"mods":["BaseMod","Downfall","Hermit","Highlight Path","Jorbs\u0027s Wanderer Trilogy","Minty Spire (QoL Compilation)","Relic Stats","Shade Mod","StSLib","The Cursed","The Servant 0.9.4"],"gold_per_floor":[99,118,1,1,1,1,47,47,81,97,117,146,158,170,186,281,281,81,100,110,121,121,121,121,134,40,74,86,86,86,86,101,101,101,101],"floor_reached":33,"language":"ENG","playtime":1854,"items_purged":[],"score":279,"play_id":"6b6e3dd6-9bf3-4615-ad7a-5c6f0b08b919","local_time":"20210120110040","is_ascension_mode":false,"campfire_choices":[{"floor":1,"key":"RECALL"},{"floor":6,"key":"REST"},{"data":"bronze:WhirlingStrike","floor":8,"key":"SMITH"},{"data":"bronze:Repair","floor":18,"key":"SMITH"},{"floor":30,"key":"REST"}],"circlet_count":0,"master_deck":["bronze:Strike","bronze:Strike","bronze:Strike","bronze:Strike","bronze:Defend","bronze:Defend","bronze:Defend","bronze:Defend","bronze:Replicate","bronze:Goto","bronze:Branch","bronze:WhirlingStrike+1","bronze:DelayedSlice","bronze:Spike","bronze:DazingPulse","bronze:Explode","bronze:ChosenStrike","bronze:Optimize","bronze:OilSpill","bronze:AlphaBuild","bronze:Repair+1","bronze:Frontload","bronze:ShipIt","bronze:MaxOutput","bronze:ChosenStrike","bronze:BugBarrage+1","stsjorbsmod:Withering","Clumsy","bronze:RecursiveStrike","TheCursedMod:Dregs","bronze:BugBarrage"],"relics":["bronze:BronzeCore","Akabeko","StrikeDummy","Dead Branch","Busted Crown","downfall:HeartBlessingRed","downfall:HeartBlessingGreen","Bottled Lightning","Kunai","Cursed Key"],"acts_visited":["Exordium","TheCity"],"potions_floor_usage":[12,12,12,16,33],"damage_taken":[{"damage":1,"enemies":"Cultist","floor":2,"turns":4},{"damage":0,"enemies":"downfall:FleeingMerchant","floor":3,"turns":4},{"damage":29,"enemies":"downfall:FleeingMerchant","floor":4,"turns":7},{"damage":6,"enemies":"Gremlin Nob","floor":9,"turns":3},{"damage":0,"enemies":"2 Louse","floor":10,"turns":2},{"damage":1,"enemies":"Jaw Worm","floor":11,"turns":2},{"damage":20,"enemies":"Lagavulin","floor":12,"turns":3},{"damage":0,"enemies":"Lots of Slimes","floor":13,"turns":1},{"damage":0,"enemies":"3 Louse","floor":14,"turns":2},{"damage":0,"enemies":"2 Fungi Beasts","floor":15,"turns":2},{"damage":31,"enemies":"SI_SHIV_ARCHETYPE","floor":16,"turns":6},{"damage":4,"enemies":"Shell Parasite","floor":19,"turns":4},{"damage":0,"enemies":"Chosen","floor":20,"turns":2},{"damage":5,"enemies":"3 Cultists","floor":21,"turns":4},{"damage":0,"enemies":"Cultist and Chosen","floor":25,"turns":4},{"damage":2,"enemies":"downfall:FleeingMerchant","floor":26,"turns":4},{"damage":39,"enemies":"Book of Stabbing","floor":27,"turns":5},{"damage":0,"enemies":"Centurion and Healer","floor":28,"turns":2},{"damage":0,"enemies":"Chosen and Byrds","floor":32,"turns":3},{"damage":93,"enemies":"IC_MUSHROOM_ARCHETYPE","floor":33,"turns":8}],"seed_played":"5668635701589160201","potions_obtained":[{"floor":4,"key":"EntropicBrew"},{"floor":5,"key":"Strength Potion"},{"floor":16,"key":"PowerPotion"}],"is_trial":false,"path_per_floor":["R","M","$","?","?","R","T","R","E","M","M","E","M","M","M","B",null,"R","M","M","M","?","?","T","M","$","E","M","?","R","?","M","B"],"character_chosen":"THE_AUTOMATON","items_purchased":["bronze:DelayedSlice","ColorlessPotion","bronze:ChosenStrike"],"campfire_rested":2,"item_purchase_floors":[3,3,26],"current_hp_per_floor":[77,76,76,47,47,70,70,70,64,64,63,43,43,43,53,32,77,77,77,77,72,72,72,72,77,75,38,48,48,71,71,71,0,0,0],"gold":101,"neow_bonus":"TEN_PERCENT_HP_BONUS","is_daily":false,"chose_seed":false,"campfire_upgraded":2,"win_rate":0.0,"timestamp":1611136840,"path_taken":["R","M","?","?","?","R","T","R","E","M","?","E","M","M","M","BOSS","R","M","M","M","?","?","T","M","$","E","M","?","R","?","M","BOSS"],"items_purchased_type":["Card","Potion","Card"],"build_version":"2020-12-22","purchased_purges":0,"victory":false,"max_hp_per_floor":[77,77,77,77,77,77,77,77,77,77,77,77,77,77,77,77,77,77,77,77,77,77,77,77,77,77,77,77,77,77,77,77,77,77,77],"relic_stats":{"Busted Crown":16,"counters":[20,72],"Dead Branch":[25],"Kunai":[6],"Cursed Key":0,"obtain_stats":[{"bronze:BronzeCore":0,"Busted Crown":17,"downfall:HeartBlessingRed":18,"Dead Branch":12,"downfall:HeartBlessingGreen":18,"Bottled Lightning":24,"Kunai":27,"StrikeDummy":9,"Cursed Key":29,"Akabeko":7},{"bronze:BronzeCore":0,"Busted Crown":11,"downfall:HeartBlessingRed":11,"Dead Branch":7,"downfall:HeartBlessingGreen":11,"Bottled Lightning":14,"Kunai":17,"StrikeDummy":4,"Cursed Key":18,"Akabeko":3},{"bronze:BronzeCore":0,"Busted Crown":36,"downfall:HeartBlessingRed":36,"Dead Branch":25,"downfall:HeartBlessingGreen":36,"Bottled Lightning":46,"Kunai":59,"StrikeDummy":18,"Cursed Key":61,"Akabeko":15}]},"card_choices":[{"not_picked":["bronze:ItsAFeature","bronze:Shield"],"picked":"bronze:Branch","floor":2},{"not_picked":["bronze:Overload","bronze:OilSpill"],"picked":"bronze:WhirlingStrike","floor":3},{"not_picked":[],"picked":"bronze:Spike","floor":4},{"not_picked":[],"picked":"bronze:DazingPulse","floor":4},{"not_picked":[],"picked":"bronze:Explode","floor":4},{"not_picked":["bronze:Overload","bronze:Return"],"picked":"bronze:ChosenStrike","floor":9},{"not_picked":["bronze:CloningBeam","bronze:WildBeam"],"picked":"bronze:Optimize","floor":10},{"not_picked":["bronze:BugBarrage","bronze:NullPointer"],"picked":"bronze:OilSpill","floor":11},{"not_picked":["bronze:BuggyMess","bronze:OilSpill"],"picked":"bronze:AlphaBuild","floor":12},{"not_picked":["bronze:BuggyMess","bronze:Shield","bronze:BitShift"],"picked":"SKIP","floor":13},{"not_picked":["bronze:Deprecate","bronze:Invalidate"],"picked":"bronze:Repair","floor":14},{"not_picked":["bronze:NullPointer","bronze:CutThrough"],"picked":"bronze:Frontload","floor":15},{"not_picked":["bronze:AlphaBuild","bronze:HyperBeam"],"picked":"bronze:ShipIt","floor":16},{"not_picked":["bronze:Invalidate"],"picked":"SKIP","floor":19},{"not_picked":["bronze:Backtrace"],"picked":"SKIP","floor":20},{"not_picked":["bronze:Overheat"],"picked":"SKIP","floor":21},{"not_picked":["bronze:Iterate"],"picked":"SKIP","floor":25},{"not_picked":["bronze:BugBarrage"],"picked":"SKIP","floor":26},{"not_picked":["bronze:DigitalCarnage"],"picked":"SKIP","floor":27},{"not_picked":[],"picked":"bronze:BugBarrage+1","floor":28},{"not_picked":[],"picked":"bronze:BugBarrage","floor":32}],"player_experience":1143152,"relics_obtained":[{"floor":7,"key":"Akabeko"},{"floor":9,"key":"StrikeDummy"},{"floor":12,"key":"Dead Branch"},{"floor":24,"key":"Bottled Lightning"},{"floor":27,"key":"Kunai"}],"event_choices":[{"damage_healed":0,"gold_gain":0,"player_choice":"Got Potions","damage_taken":0,"max_hp_gain":0,"max_hp_loss":0,"event_name":"Lab","floor":5,"gold_loss":0},{"damage_healed":0,"gold_gain":0,"player_choice":"Read","damage_taken":0,"max_hp_gain":0,"max_hp_loss":0,"event_name":"The Library","floor":23,"gold_loss":0,"cards_obtained":["bronze:MaxOutput"]}],"is_beta":false,"boss_relics":[{"not_picked":["Empty Cage","Snecko Eye"],"picked":"Busted Crown"}],"items_purged_floors":[],"is_endless":false,"potions_floor_spawned":[4,9,14,15,16,20,27,32],"killed_by":"IC_MUSHROOM_ARCHETYPE","ascension_level":0}}