{"host":"ao4lxi9bhtts409i","time":1611174772,"event":{"mods":["AchievementEnabler","BaseMod","Colored Map","Colored Powertips","Minty Spire (QoL Compilation)","SuperFastMode"],"gold_per_floor":[111,127,140,140,140,168,168,197,221,241,257,276,276,302,302,397,397,408,176,176,189,7,34,34,34,34,69,83,83,108,122,122,224,224,235,235,289,308,321,347,347,374,397,431,443,443,443,493,493,493,493,493,33,60,60],"floor_reached":56,"language":"ENG","playtime":3485,"items_purged":["Strike_G"],"score":1467,"play_id":"48f713c0-bacb-492d-9275-fb258312e1ac","local_time":"20210120213252","is_ascension_mode":true,"campfire_choices":[{"floor":7,"key":"REST"},{"floor":13,"key":"REST"},{"data":"Blur","floor":15,"key":"SMITH"},{"floor":24,"key":"REST"},{"floor":29,"key":"REST"},{"floor":32,"key":"REST"},{"floor":41,"key":"DIG"},{"floor":46,"key":"DIG"},{"floor":49,"key":"RECALL"},{"floor":52,"key":"DIG"}],"circlet_count":0,"master_deck":["Defend_G+1","Defend_G+1","Defend_G+1","Defend_G+1","Defend_G+1","Survivor+1","Neutralize+1","Backflip","All Out Attack","Backstab","Deflect","Bouncing Flask","Blur+1","Bane","Deadly Poison","Dagger Spray+1","Corpse Explosion","Catalyst","Footwork","A Thousand Cuts","PiercingWail","Malaise","Well Laid Plans","After Image","Catalyst+1","Dagger Spray+1","Prepared+1","Dodge and Roll+1","Well Laid Plans","PiercingWail","Leg Sweep+1","Bouncing Flask"],"relics":["Ring of the Snake","NeowsBlessing","Happy Flower","Art of War","War Paint","Tough Bandages","Black Star","TwistedFunnel","Enchiridion","Bag of Preparation","Bottled Lightning","Bronze Scales","Pen Nib","Snake Skull","Whetstone","Regal Pillow","Oddly Smooth Stone","Astrolabe","Shovel","Gremlin Horn","Anchor","Letter Opener","Molten Egg 2","Ice Cream","Sundial","Lantern","Nunchaku","Turnip","Ninja Scroll","Kunai","Cauldron","Du-Vu Doll","Strawberry"],"acts_visited":["Exordium","TheCity","TheBeyond","TheEnding"],"potions_floor_usage":[14,16,27,27,37,48,48,50,50,55,55,55],"damage_taken":[{"damage":0,"enemies":"Cultist","floor":1,"turns":1},{"damage":0,"enemies":"Small Slimes","floor":2,"turns":1},{"damage":0,"enemies":"2 Louse","floor":3,"turns":1},{"damage":19,"enemies":"Lagavulin","floor":6,"turns":8},{"damage":4,"enemies":"3 Sentries","floor":8,"turns":6},{"damage":0,"enemies":"2 Fungi Beasts","floor":10,"turns":3},{"damage":4,"enemies":"3 Louse","floor":11,"turns":3},{"damage":8,"enemies":"Blue Slaver","floor":12,"turns":3},{"damage":1,"enemies":"Lagavulin","floor":14,"turns":4},{"damage":17,"enemies":"Hexaghost","floor":16,"turns":9},{"damage":9,"enemies":"Spheric Guardian","floor":18,"turns":5},{"damage":12,"enemies":"2 Thieves","floor":21,"turns":2},{"damage":13,"enemies":"Book of Stabbing","floor":23,"turns":5},{"damage":15,"enemies":"Gremlin Leader","floor":27,"turns":5},{"damage":0,"enemies":"3 Cultists","floor":28,"turns":2},{"damage":15,"enemies":"Slavers","floor":30,"turns":2},{"damage":0,"enemies":"Cultist and Chosen","floor":31,"turns":3},{"damage":17,"enemies":"Champ","floor":33,"turns":12},{"damage":8,"enemies":"3 Shapes","floor":35,"turns":1},{"damage":0,"enemies":"2 Orb Walkers","floor":37,"turns":3},{"damage":9,"enemies":"3 Darklings","floor":38,"turns":2},{"damage":6,"enemies":"Transient","floor":39,"turns":5},{"damage":2,"enemies":"Giant Head","floor":40,"turns":6},{"damage":2,"enemies":"Nemesis","floor":42,"turns":5},{"damage":0,"enemies":"Reptomancer","floor":44,"turns":5},{"damage":0,"enemies":"Jaw Worm Horde","floor":45,"turns":1},{"damage":0,"enemies":"Mind Bloom Boss Battle","floor":48,"turns":8},{"damage":10,"enemies":"Awakened One","floor":50,"turns":12},{"damage":21,"enemies":"Shield and Spear","floor":54,"turns":4},{"damage":54,"enemies":"The Heart","floor":55,"turns":8}],"seed_played":"-1404621358574053516","potions_obtained":[{"floor":6,"key":"Explosive Potion"},{"floor":10,"key":"AttackPotion"},{"floor":11,"key":"Regen Potion"},{"floor":21,"key":"DuplicationPotion"},{"floor":23,"key":"CunningPotion"},{"floor":33,"key":"SneckoOil"},{"floor":37,"key":"Weak Potion"},{"floor":42,"key":"CunningPotion"},{"floor":44,"key":"PowerPotion"},{"floor":48,"key":"PowerPotion"},{"floor":53,"key":"Swift Potion"},{"floor":53,"key":"Poison Potion"},{"floor":53,"key":"Energy Potion"}],"is_trial":false,"path_per_floor":["M","M","M","?","?","E","R","E","T","M","M","M","R","E","R","B",null,"M","$","?","M","$","E","R","?","T","E","M","R","E","M","R","B",null,"M","?","?","M","M","E","R","E","T","E","M","R","$","?","R","B",null,"R","$","E","B",null],"character_chosen":"THE_SILENT","items_purchased":["TwistedFunnel","Bag of Preparation","Footwork","Kunai","Cauldron","Bouncing Flask"],"campfire_rested":5,"item_purchase_floors":[19,22,22,53,53,53],"current_hp_per_floor":[70,70,70,56,49,30,51,47,47,47,43,35,56,55,55,53,70,61,61,45,33,33,20,41,41,41,26,26,47,32,32,68,51,70,62,62,62,53,47,45,45,43,43,43,43,43,43,43,43,33,70,70,70,56,2],"gold":60,"neow_bonus":"THREE_ENEMY_KILL","is_daily":false,"chose_seed":false,"campfire_upgraded":1,"win_rate":0.0,"timestamp":1611174772,"path_taken":["M","M","?","?","?","E","R","E","T","M","M","M","R","E","R","BOSS","M","$","?","M","$","E","R","?","T","E","M","R","E","M","R","BOSS","M","?","?","M","M","E","R","E","T","E","M","R","?","?","R","BOSS","R","$","E","BOSS"],"items_purchased_type":["Relic","Relic","Card","Relic","Relic","Card"],"build_version":"2020-12-22","purchased_purges":1,"victory":true,"max_hp_per_floor":[70,70,70,70,70,70,70,70,70,70,70,70,70,70,70,70,70,70,70,70,70,70,70,70,70,70,70,70,70,70,70,70,70,70,70,70,70,70,70,70,70,70,70,70,70,70,70,70,70,70,70,70,70,77,77],"card_choices":[{"not_picked":["Deadly Poison","Distraction"],"picked":"Backflip","floor":1},{"not_picked":["Calculated Gamble","Escape Plan"],"picked":"All Out Attack","floor":2},{"not_picked":["Dodge and Roll","Underhanded Strike"],"picked":"Backstab","floor":3},{"not_picked":["Masterful Stab","Dodge and Roll"],"picked":"Deflect","floor":6},{"not_picked":["Setup","Poisoned Stab"],"picked":"Bouncing Flask","floor":8},{"not_picked":["Endless Agony","Poisoned Stab"],"picked":"Blur","floor":10},{"not_picked":["Blade Dance","Cloak And Dagger"],"picked":"Bane","floor":11},{"not_picked":["Backflip","Infinite Blades"],"picked":"Deadly Poison","floor":12},{"not_picked":["Deadly Poison","Finisher"],"picked":"Dagger Spray","floor":14},{"not_picked":["Wraith Form v2","Unload"],"picked":"Corpse Explosion","floor":16},{"not_picked":["Deadly Poison","Escape Plan+1"],"picked":"Catalyst","floor":18},{"not_picked":["Underhanded Strike","Dagger Spray","Sucker Punch"],"picked":"SKIP","floor":21},{"not_picked":["All Out Attack","Dagger Spray"],"picked":"A Thousand Cuts","floor":23},{"not_picked":["Slice","Reflex","Underhanded Strike+1"],"picked":"SKIP","floor":27},{"not_picked":["Finisher","Catalyst"],"picked":"PiercingWail","floor":28},{"not_picked":["Poisoned Stab","Underhanded Strike+1"],"picked":"Malaise","floor":30},{"not_picked":["Dodge and Roll","Accuracy"],"picked":"Well Laid Plans","floor":31},{"not_picked":["Grand Finale","Burst"],"picked":"After Image","floor":33},{"not_picked":["Slice","Cloak And Dagger+1","Outmaneuver"],"picked":"SKIP","floor":35},{"not_picked":["Deadly Poison","All Out Attack+1"],"picked":"Dodge and Roll+1","floor":38},{"not_picked":["Distraction","Infinite Blades"],"picked":"Well Laid Plans","floor":39},{"not_picked":["Prepared+1","Deadly Poison","Wraith Form v2"],"picked":"SKIP","floor":40},{"not_picked":["Backstab+1","Setup"],"picked":"PiercingWail","floor":42},{"not_picked":["Escape Plan","Underhanded Strike+1"],"picked":"Leg Sweep+1","floor":44},{"not_picked":["Sucker Punch+1","Choke+1","Dash+1"],"picked":"SKIP","floor":45},{"not_picked":["Storm of Steel","Underhanded Strike+1","Predator+1"],"picked":"SKIP","floor":54}],"player_experience":224459,"relics_obtained":[{"floor":6,"key":"Happy Flower"},{"floor":8,"key":"Art of War"},{"floor":9,"key":"War Paint"},{"floor":14,"key":"Tough Bandages"},{"floor":20,"key":"Enchiridion"},{"floor":23,"key":"Bottled Lightning"},{"floor":23,"key":"Bronze Scales"},{"floor":26,"key":"Pen Nib"},{"floor":27,"key":"Snake Skull"},{"floor":27,"key":"Whetstone"},{"floor":30,"key":"Regal Pillow"},{"floor":30,"key":"Oddly Smooth Stone"},{"floor":37,"key":"Shovel"},{"floor":40,"key":"Gremlin Horn"},{"floor":40,"key":"Anchor"},{"floor":41,"key":"Letter Opener"},{"floor":42,"key":"Molten Egg 2"},{"floor":42,"key":"Ice Cream"},{"floor":44,"key":"Sundial"},{"floor":44,"key":"Lantern"},{"floor":46,"key":"Nunchaku"},{"floor":48,"key":"Turnip"},{"floor":52,"key":"Ninja Scroll"},{"floor":54,"key":"Du-Vu Doll"},{"floor":54,"key":"Strawberry"}],"event_choices":[{"damage_healed":0,"gold_gain":0,"player_choice":"Entered Light","damage_taken":14,"max_hp_gain":0,"max_hp_loss":0,"event_name":"Shining Light","floor":4,"gold_loss":0,"cards_upgraded":["Strike_G","Defend_G"]},{"cards_removed":["Strike_G"],"damage_healed":0,"gold_gain":0,"player_choice":"Card Removal","damage_taken":7,"max_hp_gain":0,"max_hp_loss":0,"event_name":"Golden Wing","floor":5,"gold_loss":0},{"damage_healed":0,"gold_gain":0,"player_choice":"Obtained Book","damage_taken":16,"max_hp_gain":0,"max_hp_loss":0,"event_name":"Cursed Tome","floor":20,"gold_loss":0},{"damage_healed":0,"gold_gain":0,"player_choice":"Simplicity","damage_taken":0,"max_hp_gain":0,"max_hp_loss":0,"event_name":"Back to Basics","floor":25,"gold_loss":0,"cards_upgraded":["Strike_G","Strike_G","Defend_G","Defend_G","Defend_G"]},{"damage_healed":0,"gold_gain":0,"player_choice":"Memory 1","damage_taken":0,"max_hp_gain":0,"max_hp_loss":0,"event_name":"SensoryStone","floor":36,"gold_loss":0},{"damage_healed":0,"gold_gain":0,"player_choice":"Fight","damage_taken":0,"max_hp_gain":0,"max_hp_loss":0,"event_name":"Mysterious Sphere","floor":37,"gold_loss":0},{"damage_healed":0,"gold_gain":0,"player_choice":"Fight","damage_taken":0,"max_hp_gain":0,"max_hp_loss":0,"event_name":"MindBloom","floor":48,"gold_loss":0}],"is_beta":false,"boss_relics":[{"not_picked":["SacredBark","WristBlade"],"picked":"Black Star"},{"not_picked":["Snecko Eye","Tiny House"],"picked":"Astrolabe"}],"items_purged_floors":[19],"is_endless":false,"potions_floor_spawned":[6,10,11,21,23,33,37,42,44,48],"ascension_level":2}}