{"host":"sc0o2qwpf9j16a4i","time":1611181377,"event":{"mods":["AchievementEnabler","BaseMod","BetterRewards","Block Reminder","Colored Map","Colored Powertips","Custom Start","Highlight Path","Minty Spire (QoL Compilation)","Relic Stats"],"gold_per_floor":[111,126,126,138,63,63,81,81,81,81,100,128,128,50,50,126,126,138,149,33,43,60,60,90,105,187,187,102,102,9,21,21,21,21],"floor_reached":33,"language":"ENG","playtime":1261,"items_purged":["Strike_G"],"score":634,"play_id":"29497ee3-c157-4114-91c2-cfeadf22b356","local_time":"20210121002257","is_ascension_mode":true,"campfire_choices":[{"data":"Leg Sweep","floor":6,"key":"SMITH"},{"data":"Dash","floor":8,"key":"SMITH"},{"data":"Neutralize","floor":10,"key":"SMITH"},{"floor":15,"key":"REST"},{"floor":23,"key":"REST"},{"floor":29,"key":"REST"},{"data":"Wraith Form v2","floor":32,"key":"SMITH"}],"circlet_count":0,"master_deck":["AscendersBane","Strike_G","Strike_G","Strike_G","Defend_G","Defend_G","Defend_G","Defend_G","Defend_G","Survivor","Neutralize+1","Sucker Punch+1","Leg Sweep+1","Dash+1","Dagger Spray","Well Laid Plans","Wraith Form v2+1","Dash","Backflip","Calculated Gamble","Noxious Fumes","Poisoned Stab","Decay","Footwork","Dodge and Roll+1"],"relics":["Velvet Choker","HornCleat","Lantern","Philosopher\u0027s Stone","PreservedInsect","White Beast Statue"],"acts_visited":["Exordium","TheCity"],"potions_floor_usage":[12,21,24,31,33],"damage_taken":[{"damage":0,"enemies":"2 Louse","floor":1,"turns":4},{"damage":2,"enemies":"Small Slimes","floor":2,"turns":3},{"damage":0,"enemies":"Jaw Worm","floor":4,"turns":4},{"damage":1,"enemies":"Blue Slaver","floor":7,"turns":5},{"damage":0,"enemies":"2 Fungi Beasts","floor":11,"turns":4},{"damage":16,"enemies":"Gremlin Nob","floor":12,"turns":4},{"damage":0,"enemies":"The Guardian","floor":16,"turns":20},{"damage":7,"enemies":"Chosen","floor":18,"turns":8},{"damage":2,"enemies":"Shell Parasite","floor":19,"turns":7},{"damage":6,"enemies":"Snake Plant","floor":21,"turns":9},{"damage":0,"enemies":"Centurion and Healer","floor":22,"turns":13},{"damage":36,"enemies":"Gremlin Leader","floor":24,"turns":11},{"damage":7,"enemies":"Snecko","floor":25,"turns":9},{"damage":0,"enemies":"Snake Plant","floor":31,"turns":6},{"damage":52,"enemies":"Collector","floor":33,"turns":8}],"seed_played":"2046542864978567729","potions_obtained":[{"floor":2,"key":"Strength Potion"},{"floor":7,"key":"Block Potion"},{"floor":16,"key":"FairyPotion"},{"floor":21,"key":"DistilledChaos"},{"floor":31,"key":"Regen Potion"}],"is_trial":false,"path_per_floor":["M","M","?","M","?","R","M","R","T","R","M","E","?","$","R","B",null,"M","M","$","M","M","R","E","M","T","?","?","R","$","M","R","B"],"character_chosen":"THE_SILENT","items_purchased":["Well Laid Plans","Calculated Gamble","Footwork","ColorlessPotion"],"campfire_rested":3,"item_purchase_floors":[14,20,30,30],"current_hp_per_floor":[59,57,57,57,57,57,56,56,56,56,56,40,40,40,59,59,64,57,55,55,49,49,66,30,23,23,23,23,42,42,42,42,5,5],"gold":21,"neow_bonus":"BOSS_RELIC","is_daily":false,"chose_seed":false,"campfire_upgraded":4,"win_rate":0.0,"timestamp":1611181377,"path_taken":["M","M","?","M","?","R","M","R","T","R","M","E","?","?","R","BOSS","M","M","$","M","M","R","E","M","T","?","?","R","$","M","R","BOSS"],"items_purchased_type":["Card","Card","Card","Potion"],"build_version":"2020-12-22","purchased_purges":1,"victory":false,"max_hp_per_floor":[66,66,66,66,66,66,66,66,66,66,66,66,66,66,66,66,66,66,66,66,66,66,66,66,66,66,66,66,66,66,66,66,66,66],"relic_stats":{"counters":[15,115],"PreservedInsect":0,"obtain_stats":[{"Lantern":12,"HornCleat":9,"Velvet Choker":0,"Philosopher\u0027s Stone":17,"PreservedInsect":24,"White Beast Statue":28,"Ring of the Snake":0},{"Lantern":6,"HornCleat":4,"Velvet Choker":0,"Philosopher\u0027s Stone":7,"PreservedInsect":12,"White Beast Statue":13,"Ring of the Snake":0},{"Lantern":24,"HornCleat":16,"Velvet Choker":0,"Philosopher\u0027s Stone":44,"PreservedInsect":92,"White Beast Statue":101,"Ring of the Snake":0}]},"card_choices":[{"not_picked":["Outmaneuver","Setup"],"picked":"Sucker Punch","floor":1},{"not_picked":["Dodge and Roll","PiercingWail","Infinite Blades"],"picked":"SKIP","floor":2},{"not_picked":["Blade Dance","Underhanded Strike"],"picked":"Leg Sweep","floor":4},{"not_picked":["Outmaneuver","Adrenaline"],"picked":"Dash","floor":7},{"not_picked":["Tactician","Catalyst"],"picked":"Dagger Spray","floor":11},{"not_picked":["Choke","Accuracy","Masterful Stab"],"picked":"SKIP","floor":12},{"not_picked":["Malaise","Tools of the Trade"],"picked":"Wraith Form v2","floor":16},{"not_picked":["Leg Sweep","Flying Knee"],"picked":"Dash","floor":18},{"not_picked":["Flying Knee","Cloak And Dagger+1"],"picked":"Backflip","floor":19},{"not_picked":["Backflip","Sucker Punch","Adrenaline"],"picked":"SKIP","floor":21},{"not_picked":["Dagger Spray","Prepared"],"picked":"Noxious Fumes","floor":22},{"not_picked":["Finisher","Concentrate","Masterful Stab"],"picked":"SKIP","floor":24},{"not_picked":["Cloak And Dagger","Dodge and Roll"],"picked":"Poisoned Stab","floor":25},{"not_picked":["Deadly Poison","Bane"],"picked":"Dodge and Roll+1","floor":31}],"player_experience":816508,"relics_obtained":[{"floor":9,"key":"HornCleat"},{"floor":12,"key":"Lantern"},{"floor":24,"key":"PreservedInsect"}],"event_choices":[{"damage_healed":0,"gold_gain":0,"player_choice":"Grow","damage_taken":0,"max_hp_gain":0,"max_hp_loss":0,"event_name":"Living Wall","floor":3,"gold_loss":0,"cards_upgraded":["Sucker Punch"]},{"cards_removed":["Strike_G"],"damage_healed":0,"gold_gain":0,"player_choice":"Card Removal","damage_taken":0,"max_hp_gain":0,"max_hp_loss":0,"event_name":"The Cleric","floor":5,"gold_loss":75},{"damage_healed":0,"gold_gain":0,"player_choice":"Searched \u00271\u0027 times","damage_taken":0,"max_hp_gain":0,"max_hp_loss":0,"event_name":"Dead Adventurer","floor":13,"gold_loss":0},{"damage_healed":0,"gold_gain":0,"player_choice":"Smashed Altar","damage_taken":0,"max_hp_gain":0,"max_hp_loss":0,"event_name":"Forgotten Altar","floor":27,"gold_loss":0,"cards_obtained":["Decay"]},{"damage_healed":0,"gold_gain":0,"player_choice":"Obtained Relic","damage_taken":0,"relics_obtained":["White Beast Statue"],"max_hp_gain":0,"max_hp_loss":0,"event_name":"Addict","floor":28,"gold_loss":85}],"is_beta":false,"boss_relics":[{"not_picked":["Runic Dome","SacredBark"],"picked":"Philosopher\u0027s Stone"}],"items_purged_floors":[20],"is_endless":false,"potions_floor_spawned":[2,7,16,18,19,21,31],"killed_by":"Collector","ascension_level":20}}