{"host":"k2mw1od0xoi9pcfj","time":1611150763,"event":{"mods":["Act Like it!","Aspiration","BaseMod","Downfall","Energized Spire","Highlight Path","Minty Spire (QoL Compilation)","Relic Stats","Retaliation","StSLib","TheHeartMod"],"gold_per_floor":[116,116,116,66,66,101,101,129,210,241,254,254,269,288,288,390,390,408,259,259,294,309,309,321,321,321,321,341,341,82,101,101,101,101],"floor_reached":33,"language":"ENG","playtime":1420,"items_purged":[],"score":329,"play_id":"2a70d94c-fa64-4aab-baac-c4784ad876e9","local_time":"20210120075243","is_ascension_mode":true,"campfire_choices":[{"data":"Zap","floor":7,"key":"SMITH"},{"floor":12,"key":"RECALL"},{"floor":15,"key":"REST"},{"data":"White Noise","floor":23,"key":"SMITH"},{"floor":25,"key":"REST"},{"floor":32,"key":"REST"}],"circlet_count":0,"master_deck":["Strike_B","Strike_B","Strike_B","Defend_B","Defend_B","Defend_B","Zap+1","Recycle","White Noise+1","Scrape","White Noise","Conserve Battery","Turbo","All For One","downfall:Bewildered","Tempest","Conserve Battery","Conserve Battery","Steam+1"],"relics":["Cracked Core","NeowsBlessing","Strawberry","Frozen Egg 2","Bottled Flame","DataDisk","energizedSpire:OldTV","aspiration:ChemicalBlood","sneckomod:BabySnecko","Red Mask","Pantograph","MutagenicStrength","aspiration:HummingbirdHeart"],"acts_visited":["Exordium","TheCity"],"potions_floor_usage":[16,21,22,24,28,31],"damage_taken":[{"damage":0,"enemies":"Small Slimes","floor":1,"turns":1},{"damage":0,"enemies":"Gremlin Nob","floor":6,"turns":1},{"damage":0,"enemies":"Lagavulin","floor":8,"turns":2},{"damage":32,"enemies":"Gremlin Nob","floor":10,"turns":4},{"damage":1,"enemies":"Jaw Worm","floor":11,"turns":3},{"damage":5,"enemies":"2 Louse","floor":13,"turns":3},{"damage":9,"enemies":"Exordium Thugs","floor":14,"turns":5},{"damage":24,"enemies":"Slime Boss","floor":16,"turns":8},{"damage":8,"enemies":"3 Byrds","floor":18,"turns":2},{"damage":31,"enemies":"Masked Bandits","floor":21,"turns":4},{"damage":21,"enemies":"Spheric Guardian","floor":22,"turns":4},{"damage":10,"enemies":"Snecko","floor":24,"turns":5},{"damage":7,"enemies":"Chosen and Byrds","floor":28,"turns":5},{"damage":10,"enemies":"Sentry and Sphere","floor":31,"turns":4},{"damage":0,"enemies":"Automaton","floor":33,"turns":2}],"seed_played":"-6529840759414743188","potions_obtained":[{"floor":6,"key":"Explosive Potion"},{"floor":11,"key":"AttackPotion"},{"floor":16,"key":"Fire Potion"},{"floor":21,"key":"SpeedPotion"},{"floor":22,"key":"SkillPotion"},{"floor":31,"key":"LiquidMemories"}],"is_trial":false,"path_per_floor":["M","?","?","?","?","E","R","E","T","E","M","R","M","M","R","B",null,"M","$","?","?","M","R","M","R","T","?","M","?","$","M","R","B"],"character_chosen":"DEFECT","items_purchased":["aspiration:ChemicalBlood","aspiration:HummingbirdHeart"],"campfire_rested":3,"item_purchase_floors":[19,30],"current_hp_per_floor":[75,68,68,68,68,68,68,68,68,36,35,35,30,21,45,21,82,74,74,74,43,22,22,12,36,36,36,29,29,29,19,43,68,68],"gold":101,"neow_bonus":"THREE_ENEMY_KILL","is_daily":false,"chose_seed":false,"campfire_upgraded":2,"win_rate":0.0,"timestamp":1611150763,"path_taken":["M","?","?","?","?","E","R","E","T","E","M","R","M","?","R","BOSS","M","$","?","?","M","R","M","R","T","?","M","?","$","M","R","BOSS"],"items_purchased_type":["Relic","Relic"],"build_version":"2020-12-22","purchased_purges":0,"victory":false,"max_hp_per_floor":[75,75,82,82,82,82,82,82,82,82,82,82,82,82,82,82,82,82,82,82,82,82,82,82,82,82,82,82,82,82,82,82,82,82],"relic_stats":{"counters":[15,52],"Pantograph":25,"obtain_stats":[{"NeowsBlessing":0,"aspiration:HummingbirdHeart":30,"Frozen Egg 2":6,"sneckomod:BabySnecko":20,"Bottled Flame":8,"DataDisk":10,"Strawberry":3,"Pantograph":26,"MutagenicStrength":29,"Red Mask":21,"Cracked Core":0,"energizedSpire:OldTV":17,"aspiration:ChemicalBlood":19},{"NeowsBlessing":0,"aspiration:HummingbirdHeart":13,"Frozen Egg 2":2,"sneckomod:BabySnecko":9,"Bottled Flame":3,"DataDisk":4,"Strawberry":1,"Pantograph":12,"MutagenicStrength":13,"Red Mask":10,"Cracked Core":0,"energizedSpire:OldTV":8,"aspiration:ChemicalBlood":9},{"NeowsBlessing":0,"aspiration:HummingbirdHeart":46,"Frozen Egg 2":2,"sneckomod:BabySnecko":28,"Bottled Flame":4,"DataDisk":8,"Strawberry":1,"Pantograph":41,"MutagenicStrength":46,"Red Mask":32,"Cracked Core":0,"energizedSpire:OldTV":26,"aspiration:ChemicalBlood":28}]},"card_choices":[{"not_picked":["Go for the Eyes","Rebound"],"picked":"Recycle","floor":1},{"not_picked":["Turbo","Tempest"],"picked":"Scrape","floor":6},{"not_picked":["Reinforced Body","Cold Snap","Melter"],"picked":"SKIP","floor":8},{"not_picked":["Reinforced Body","Cold Snap","Melter"],"picked":"SKIP","floor":8},{"not_picked":["Stack","Fusion","Leap"],"picked":"SKIP","floor":10},{"not_picked":["Sweeping Beam","Coolheaded"],"picked":"White Noise","floor":11},{"not_picked":["Melter","Capacitor+1"],"picked":"Conserve Battery","floor":13},{"not_picked":["Genetic Algorithm","Undo"],"picked":"Turbo","floor":14},{"not_picked":["Hyperbeam","Meteor Strike"],"picked":"All For One","floor":16},{"not_picked":["Steam","Sweeping Beam","Stack"],"picked":"SKIP","floor":18},{"not_picked":["Auto Shields","Barrage+1"],"picked":"Tempest","floor":21},{"not_picked":["Ball Lightning+1","Rebound"],"picked":"Conserve Battery","floor":22},{"not_picked":["Rip and Tear+1","Thunder Strike"],"picked":"Conserve Battery","floor":24},{"not_picked":["Chaos+1","Rebound"],"picked":"Steam+1","floor":28},{"not_picked":["Ball Lightning","Compile Driver","Cold Snap"],"picked":"SKIP","floor":31}],"player_experience":654448,"relics_obtained":[{"floor":6,"key":"Frozen Egg 2"},{"floor":8,"key":"Bottled Flame"},{"floor":10,"key":"DataDisk"},{"floor":21,"key":"Red Mask"},{"floor":26,"key":"Pantograph"}],"event_choices":[{"cards_removed":["Strike_B"],"damage_healed":0,"gold_gain":0,"player_choice":"Card Removal","damage_taken":7,"max_hp_gain":0,"max_hp_loss":0,"event_name":"Golden Wing","floor":2,"gold_loss":0},{"damage_healed":0,"gold_gain":0,"player_choice":"Success","damage_taken":7,"relics_obtained":["Strawberry"],"max_hp_gain":0,"max_hp_loss":0,"event_name":"Scrap Ooze","floor":3,"gold_loss":0},{"cards_removed":["Defend_B"],"damage_healed":0,"gold_gain":0,"player_choice":"Card Removal","damage_taken":0,"max_hp_gain":0,"max_hp_loss":0,"event_name":"The Cleric","floor":4,"gold_loss":50},{"damage_healed":0,"gold_gain":0,"cards_transformed":["Dualcast"],"player_choice":"Transformed","damage_taken":0,"max_hp_gain":0,"max_hp_loss":0,"event_name":"Transmorgrifier","floor":5,"gold_loss":0,"cards_obtained":["White Noise"]},{"damage_healed":0,"gold_gain":0,"player_choice":"Fought Bandits","damage_taken":0,"max_hp_gain":0,"max_hp_loss":0,"event_name":"Masked Bandits","floor":21,"gold_loss":0},{"damage_healed":0,"gold_gain":0,"player_choice":"Inject Mutagens","damage_taken":0,"relics_obtained":["MutagenicStrength"],"max_hp_gain":0,"max_hp_loss":0,"event_name":"Drug Dealer","floor":29,"gold_loss":0}],"is_beta":false,"boss_relics":[{"not_picked":["energizedSpire:MagnifyingGlass","Astrolabe"],"picked":"energizedSpire:OldTV"}],"items_purged_floors":[],"is_endless":false,"potions_floor_spawned":[6,11,16,21,22,31],"killed_by":"Automaton","ascension_level":1}}