{"host":"1mv6gj0zv8k9e9tz","time":1611158518,"event":{"mods":["AchievementEnabler","BaseMod","Better Third Choice","Colored Map","KOR Keyword Fix","Minty Spire (QoL Compilation)","Permanent Neow","Rare Cards Sparkle","StSLib"],"gold_per_floor":[117,130,148,148,168,168,200,200,200,213,243,243,243,243,243,243,243],"floor_reached":16,"language":"KOR","playtime":558,"items_purged":[],"score":198,"play_id":"be474156-97ac-4eed-8505-9e50afdff911","local_time":"20210121010158","is_ascension_mode":true,"campfire_choices":[{"data":"Glass Knife","floor":6,"key":"SMITH"},{"data":"Footwork","floor":8,"key":"SMITH"},{"floor":13,"key":"REST"},{"data":"Neutralize","floor":15,"key":"SMITH"}],"circlet_count":0,"master_deck":["AscendersBane","Strike_G","Strike_G","Strike_G","Strike_G","Defend_G","Defend_G","Defend_G","Defend_G","Survivor","Neutralize+1","Glass Knife+1","Footwork+1","Cloak And Dagger","Catalyst","Dodge and Roll","Quick Slash+1"],"relics":["Ring of the Snake","Ginger","Molten Egg 2","Bottled Flame"],"acts_visited":["Exordium"],"potions_floor_usage":[7,11,16],"damage_taken":[{"damage":0,"enemies":"2 Louse","floor":1,"turns":2},{"damage":0,"enemies":"Cultist","floor":2,"turns":4},{"damage":0,"enemies":"Jaw Worm","floor":3,"turns":6},{"damage":1,"enemies":"Exordium Wildlife","floor":5,"turns":5},{"damage":34,"enemies":"Gremlin Nob","floor":7,"turns":5},{"damage":6,"enemies":"Large Slime","floor":10,"turns":6},{"damage":8,"enemies":"Lagavulin","floor":11,"turns":6},{"damage":22,"enemies":"Slime Boss","floor":16,"turns":9}],"seed_played":"-4428983108065155771","potions_obtained":[{"floor":1,"key":"ColorlessPotion"},{"floor":7,"key":"Fire Potion"},{"floor":11,"key":"Fire Potion"}],"is_trial":false,"path_per_floor":["M","M","M","?","M","R","E","R","T","M","E","?","R","?","R","B"],"character_chosen":"THE_SILENT","items_purchased":[],"campfire_rested":1,"item_purchase_floors":[],"current_hp_per_floor":[59,59,59,52,51,51,17,17,17,11,3,3,22,22,22,0,0],"gold":243,"neow_bonus":"ONE_RANDOM_RARE_CARD","is_daily":false,"chose_seed":false,"campfire_upgraded":3,"win_rate":0.0,"timestamp":1611158518,"path_taken":["M","M","M","?","M","R","E","R","T","M","E","?","R","?","R","BOSS"],"items_purchased_type":[],"build_version":"2020-12-22","purchased_purges":0,"victory":false,"max_hp_per_floor":[66,66,66,66,66,66,66,66,66,66,66,66,66,66,66,66,66],"card_choices":[{"not_picked":["Concentrate","Predator","Well Laid Plans"],"picked":"SKIP","floor":1},{"not_picked":["Calculated Gamble","Finisher"],"picked":"Footwork","floor":2},{"not_picked":["Flechettes","Flying Knee","Deflect"],"picked":"SKIP","floor":3},{"not_picked":["Poisoned Stab","Backflip"],"picked":"Cloak And Dagger","floor":5},{"not_picked":["Envenom","Caltrops"],"picked":"Catalyst","floor":7},{"not_picked":["Underhanded Strike+1","Prepared","Blade Dance"],"picked":"SKIP","floor":10},{"not_picked":["Infinite Blades","Distraction"],"picked":"Dodge and Roll","floor":11}],"player_experience":533766,"relics_obtained":[{"floor":7,"key":"Ginger"},{"floor":9,"key":"Molten Egg 2"},{"floor":11,"key":"Bottled Flame"}],"event_choices":[{"cards_removed":["Defend_G"],"damage_healed":0,"gold_gain":0,"player_choice":"Card Removal","damage_taken":7,"max_hp_gain":0,"max_hp_loss":0,"event_name":"Golden Wing","floor":4,"gold_loss":0},{"damage_healed":3,"gold_gain":0,"player_choice":"Leave","damage_taken":0,"max_hp_gain":0,"max_hp_loss":66,"event_name":"betterThird:BetterShining","floor":12,"gold_loss":0},{"damage_healed":0,"gold_gain":0,"cards_transformed":["Strike_G"],"player_choice":"Transformed","damage_taken":0,"max_hp_gain":0,"max_hp_loss":0,"event_name":"Transmorgrifier","floor":14,"gold_loss":0,"cards_obtained":["Quick Slash"]}],"is_beta":false,"boss_relics":[],"items_purged_floors":[],"is_endless":false,"potions_floor_spawned":[1,7,11],"killed_by":"Slime Boss","ascension_level":16}}