{"host":"usrgk25etjl0nf5i","time":1611120003,"event":{"mods":["2.2 Compatiblity","BaseMod","Downfall","Hubris","Minty Spire (QoL Compilation)","StSLib","SuperFastMode"],"gold_per_floor":[119,138,88,88,14,47,61,61,61],"floor_reached":8,"language":"ENG","playtime":225,"items_purged":[],"score":87,"play_id":"44256f99-6a43-456f-b13d-127825fa021a","local_time":"20210119212003","is_ascension_mode":true,"campfire_choices":[],"circlet_count":0,"master_deck":["AscendersBane","Strike_B","Strike_B","Strike_B","Defend_B","Defend_B","Defend_B","Defend_B","Zap","Dualcast","Gash","Regret","Beam Cell"],"relics":["Cracked Core","Singing Bowl","Happy Flower","Letter Opener"],"acts_visited":["Exordium"],"potions_floor_usage":[],"damage_taken":[{"damage":1,"enemies":"Cultist","floor":1,"turns":3},{"damage":2,"enemies":"Jaw Worm","floor":2,"turns":3},{"damage":43,"enemies":"Gremlin Nob","floor":6,"turns":5},{"damage":11,"enemies":"2 Louse","floor":7,"turns":3},{"damage":23,"enemies":"Lagavulin","floor":8,"turns":3}],"seed_played":"-5018860262421682719","potions_obtained":[],"is_trial":false,"path_per_floor":["M","M","?","?","?","E","M","E"],"character_chosen":"DEFECT","items_purchased":[],"campfire_rested":0,"item_purchase_floors":[],"current_hp_per_floor":[74,72,72,72,72,29,20,0,0],"gold":61,"neow_bonus":"TEN_PERCENT_HP_BONUS","is_daily":false,"chose_seed":false,"campfire_upgraded":0,"win_rate":0.0,"timestamp":1611120003,"path_taken":["M","?","?","?","?","E","?","E"],"items_purchased_type":[],"build_version":"2020-12-22","purchased_purges":0,"victory":false,"max_hp_per_floor":[82,82,82,82,82,82,84,84,84],"card_choices":[{"not_picked":["Streamline","Cold Snap"],"picked":"Gash","floor":1},{"not_picked":["Cold Snap","Static Discharge","Barrage"],"picked":"SKIP","floor":2},{"not_picked":["Barrage","hubris:Prefetch"],"picked":"Beam Cell","floor":6},{"not_picked":["Redo","Sweeping Beam","Streamline"],"picked":"Singing Bowl","floor":7}],"player_experience":651451,"relics_obtained":[{"floor":6,"key":"Letter Opener"}],"event_choices":[{"cards_removed":["Strike_B"],"damage_healed":0,"gold_gain":0,"player_choice":"Card Removal","damage_taken":0,"max_hp_gain":0,"max_hp_loss":0,"event_name":"The Cleric","floor":3,"gold_loss":50},{"damage_healed":0,"gold_gain":0,"player_choice":"Box","damage_taken":0,"relics_obtained":["Singing Bowl"],"max_hp_gain":0,"max_hp_loss":0,"event_name":"Big Fish","floor":4,"gold_loss":0,"cards_obtained":["Regret"]},{"damage_healed":0,"gold_gain":0,"player_choice":"Paid Gold","damage_taken":0,"relics_obtained":["Happy Flower"],"max_hp_gain":0,"max_hp_loss":0,"event_name":"WeMeetAgain","floor":5,"gold_loss":74}],"is_beta":false,"boss_relics":[],"items_purged_floors":[],"is_endless":false,"potions_floor_spawned":[],"killed_by":"Lagavulin","ascension_level":11}}