{"host":"h0xw20cia6ppa69g","time":1611127085,"event":{"mods":["AchievementEnabler","BaseMod","Colored Map","Filter the Spire","Googly Eyes","Minty Spire (QoL Compilation)","Relic Stats","StSLib","The Awakened One except there are too many feathers","everything is the same but u backflip on backflip"],"gold_per_floor":[117,117,117,132,148,177,177,193,243,268,53,3,29,10,10,114,114,128,140,140,155,8,39,39,71,71,81,81,113,40,52,64,179,191,213,239,261,283,308,350,139,165,165,178,212,223,223,223,223,223,223,223,52,77,77,77],"floor_reached":55,"language":"ENG","playtime":3246,"items_purged":["Strike_B","Strike_B","Strike_B"],"score":1004,"play_id":"27681c70-5d22-4d56-be88-499fe9f80f82","local_time":"20210120011805","is_ascension_mode":true,"campfire_choices":[{"data":"The Bomb","floor":7,"key":"SMITH"},{"data":"Hologram","floor":15,"key":"SMITH"},{"floor":28,"key":"RECALL"},{"data":"Hologram","floor":32,"key":"SMITH"},{"data":"Echo Form","floor":49,"key":"SMITH"},{"data":"Reinforced Body","floor":52,"key":"SMITH"}],"circlet_count":0,"master_deck":["Strike_B","Defend_B","Defend_B","Defend_B","Dualcast","The Bomb+1","Leap","Undo","Turbo","Steam","Auto Shields","Go for the Eyes","Compile Driver+1","Conserve Battery","Stack","Hologram+1","Turbo","Conserve Battery","Echo Form+1","Chill","Aggregate+1","Coolheaded","Skim","All For One","BootSequence","Hologram+1","Core Surge+1","Turbo+1","White Noise+1","Coolheaded+1","Go for the Eyes+1","Reinforced Body+1","The Bomb+1","Reinforced Body","Leap+1","Force Field"],"relics":["Cracked Core","The Courier","PreservedInsect","Happy Flower","Orrery","Art of War","Philosopher\u0027s Stone","Strange Spoon","Eternal Feather","Incense Burner","Potion Belt","Sundial","MawBank","Smiling Mask","Black Star","Oddly Smooth Stone","FossilizedHelix","DollysMirror","Dream Catcher","Prayer Wheel","Darkstone Periapt","Meat on the Bone","Cauldron","Whetstone","Akabeko"],"acts_visited":["Exordium","TheCity","TheBeyond","TheEnding"],"potions_floor_usage":[18,23,25,42,46,50,53,55,55,55,55],"damage_taken":[{"damage":0,"enemies":"2 Louse","floor":1,"turns":2},{"damage":0,"enemies":"Cultist","floor":4,"turns":3},{"damage":0,"enemies":"Small Slimes","floor":5,"turns":4},{"damage":38,"enemies":"Gremlin Nob","floor":6,"turns":5},{"damage":0,"enemies":"Blue Slaver","floor":8,"turns":5},{"damage":2,"enemies":"Lagavulin","floor":10,"turns":5},{"damage":1,"enemies":"3 Sentries","floor":13,"turns":4},{"damage":1,"enemies":"Slime Boss","floor":16,"turns":6},{"damage":18,"enemies":"2 Thieves","floor":18,"turns":3},{"damage":10,"enemies":"3 Byrds","floor":19,"turns":3},{"damage":6,"enemies":"Snake Plant","floor":21,"turns":5},{"damage":0,"enemies":"Book of Stabbing","floor":23,"turns":4},{"damage":13,"enemies":"Slavers","floor":25,"turns":4},{"damage":10,"enemies":"Shelled Parasite and Fungi","floor":27,"turns":8},{"damage":12,"enemies":"Book of Stabbing","floor":29,"turns":6},{"damage":12,"enemies":"Automaton","floor":33,"turns":17},{"damage":0,"enemies":"3 Shapes","floor":35,"turns":4},{"damage":0,"enemies":"Orb Walker","floor":36,"turns":4},{"damage":36,"enemies":"3 Darklings","floor":37,"turns":11},{"damage":2,"enemies":"4 Shapes","floor":38,"turns":10},{"damage":7,"enemies":"Spire Growth","floor":39,"turns":7},{"damage":0,"enemies":"Giant Head","floor":40,"turns":10},{"damage":0,"enemies":"Reptomancer","floor":42,"turns":7},{"damage":0,"enemies":"Sphere and 2 Shapes","floor":44,"turns":5},{"damage":0,"enemies":"Nemesis","floor":45,"turns":7},{"damage":14,"enemies":"Jaw Worm Horde","floor":46,"turns":6},{"damage":58,"enemies":"Donu and Deca","floor":50,"turns":12},{"damage":24,"enemies":"Shield and Spear","floor":54,"turns":8},{"damage":107,"enemies":"The Heart","floor":55,"turns":9}],"seed_played":"-6324068003515661969","potions_obtained":[{"floor":4,"key":"Fruit Juice"},{"floor":6,"key":"AttackPotion"},{"floor":8,"key":"Explosive Potion"},{"floor":19,"key":"Fire Potion"},{"floor":23,"key":"BlessingOfTheForge"},{"floor":36,"key":"SpeedPotion"},{"floor":38,"key":"Strength Potion"},{"floor":42,"key":"Regen Potion"},{"floor":45,"key":"Fruit Juice"},{"floor":53,"key":"Fruit Juice"},{"floor":53,"key":"FocusPotion"},{"floor":53,"key":"CultistPotion"},{"floor":53,"key":"Regen Potion"}],"is_trial":false,"path_per_floor":["M","?","?","M","M","E","R","M","T","E","$","?","E","$","R","B",null,"M","M","?","M","$","E","?","E","T","M","R","E","?","$","R","B",null,"M","M","M","M","M","E","$","E","T","M","E","M","?","?","R","B",null,"R","$","E","B"],"character_chosen":"DEFECT","items_purchased":["Orrery","Hologram","Conserve Battery","Strange Spoon","Turbo","DollysMirror","Reinforced Body","Cauldron"],"campfire_rested":0,"item_purchase_floors":[11,11,14,22,22,41,41,53],"current_hp_per_floor":[54,47,47,47,47,9,9,9,9,7,7,7,6,6,6,5,75,57,47,47,41,41,46,46,33,33,23,38,26,26,26,41,29,80,80,80,44,42,35,35,35,35,35,35,35,33,70,70,70,29,75,75,80,56,0,0],"gold":77,"neow_bonus":"RANDOM_COLORLESS_2","is_daily":false,"chose_seed":false,"campfire_upgraded":5,"win_rate":0.0,"timestamp":1611127085,"path_taken":["M","?","?","M","?","E","R","M","T","E","$","?","E","$","R","BOSS","M","M","?","M","$","E","?","E","T","M","R","E","?","?","R","BOSS","M","?","?","M","M","E","$","E","T","M","E","M","?","?","R","BOSS","R","$","E","BOSS"],"items_purchased_type":["Relic","Card","Card","Relic","Card","Relic","Card","Relic"],"build_version":"2020-12-22","purchased_purges":3,"victory":false,"max_hp_per_floor":[75,75,75,75,75,75,75,75,75,75,75,75,75,75,75,75,75,75,75,75,75,75,80,80,80,80,80,80,80,80,80,80,80,80,80,80,80,80,80,80,80,80,80,80,80,80,70,70,70,75,75,75,80,80,80,80],"relic_stats":{"Darkstone Periapt":0,"Happy Flower":[53],"counters":[29,184],"Eternal Feather":30,"PreservedInsect":481,"Whetstone":["Core Surge","Compile Driver"],"MawBank":144,"Smiling Mask":80,"Strange Spoon":[27],"Dream Catcher":0,"Sundial":[12],"Prayer Wheel":2,"Art of War":[43],"Black Star":4,"obtain_stats":[{"Darkstone Periapt":45,"Incense Burner":24,"Whetstone":54,"Smiling Mask":30,"Dream Catcher":42,"Sundial":26,"DollysMirror":41,"Philosopher\u0027s Stone":17,"Prayer Wheel":42,"Cracked Core":0,"Potion Belt":25,"Happy Flower":10,"Oddly Smooth Stone":40,"Eternal Feather":23,"The Courier":6,"PreservedInsect":9,"MawBank":29,"Akabeko":54,"Strange Spoon":22,"Cauldron":53,"Orrery":11,"Art of War":13,"Black Star":34,"FossilizedHelix":40,"Meat on the Bone":45},{"Darkstone Periapt":25,"Incense Burner":12,"Whetstone":28,"Smiling Mask":15,"Dream Catcher":23,"Sundial":13,"DollysMirror":22,"Philosopher\u0027s Stone":8,"Prayer Wheel":23,"Cracked Core":0,"Potion Belt":13,"Happy Flower":6,"Oddly Smooth Stone":22,"Eternal Feather":12,"The Courier":4,"PreservedInsect":5,"MawBank":15,"Akabeko":28,"Strange Spoon":11,"Cauldron":27,"Orrery":6,"Art of War":7,"Black Star":16,"FossilizedHelix":22,"Meat on the Bone":25},{"Darkstone Periapt":149,"Incense Burner":49,"Whetstone":175,"Smiling Mask":67,"Dream Catcher":137,"Sundial":53,"DollysMirror":130,"Philosopher\u0027s Stone":34,"Prayer Wheel":137,"Cracked Core":0,"Potion Belt":53,"Happy Flower":24,"Oddly Smooth Stone":130,"Eternal Feather":49,"The Courier":14,"PreservedInsect":19,"MawBank":67,"Akabeko":175,"Strange Spoon":45,"Cauldron":167,"Orrery":24,"Art of War":28,"Black Star":84,"FossilizedHelix":130,"Meat on the Bone":149}],"Meat on the Bone":24},"card_choices":[{"not_picked":["Chrysalis","Metamorphosis"],"picked":"The Bomb","floor":0},{"not_picked":["Storm","Chaos"],"picked":"Leap","floor":1},{"not_picked":["Double Energy","Fusion"],"picked":"Turbo","floor":4},{"not_picked":["Capacitor","Streamline"],"picked":"Steam","floor":5},{"not_picked":["Capacitor","Force Field"],"picked":"Auto Shields","floor":6},{"not_picked":["Force Field","Tempest","Sweeping Beam"],"picked":"SKIP","floor":8},{"not_picked":["Tempest","Beam Cell"],"picked":"Go for the Eyes","floor":10},{"not_picked":["Go for the Eyes","Rip and Tear"],"picked":"Compile Driver","floor":11},{"not_picked":["Melter","Ball Lightning"],"picked":"Conserve Battery","floor":11},{"not_picked":["Beam Cell","Static Discharge"],"picked":"Stack","floor":11},{"not_picked":["Barrage","Stack"],"picked":"Turbo","floor":13},{"not_picked":["Reboot","Amplify"],"picked":"Echo Form","floor":16},{"not_picked":["Steam Power","Hologram"],"picked":"Chill","floor":18},{"not_picked":["Rip and Tear","Rebound"],"picked":"Aggregate+1","floor":19},{"not_picked":["Capacitor","Glacier+1"],"picked":"Skim","floor":21},{"not_picked":["Double Energy","Redo","Tempest"],"picked":"SKIP","floor":23},{"not_picked":["Streamline","Conserve Battery"],"picked":"All For One","floor":25},{"not_picked":["Steam Power","Gash+1"],"picked":"BootSequence","floor":27},{"not_picked":["Turbo+1","Fusion"],"picked":"Hologram","floor":29},{"not_picked":["Reboot","Multi-Cast"],"picked":"Core Surge","floor":33},{"not_picked":["Sweeping Beam+1","Redo+1"],"picked":"Turbo+1","floor":35},{"not_picked":["FTL","Sweeping Beam+1"],"picked":"White Noise+1","floor":36},{"not_picked":["Static Discharge+1","Turbo"],"picked":"Coolheaded+1","floor":37},{"not_picked":["Beam Cell+1","Conserve Battery"],"picked":"Go for the Eyes+1","floor":38},{"not_picked":["Reboot","Blizzard+1","Go for the Eyes+1"],"picked":"SKIP","floor":39},{"not_picked":["Reprogram+1","Streamline"],"picked":"Reinforced Body","floor":40},{"not_picked":["Cold Snap+1","Beam Cell","Double Energy+1"],"picked":"SKIP","floor":42},{"not_picked":["Stack+1","Redo+1"],"picked":"Leap+1","floor":44},{"not_picked":["Gash+1","Cold Snap+1","Barrage"],"picked":"SKIP","floor":44},{"not_picked":["Heatsinks+1","Electrodynamics","Streamline+1"],"picked":"SKIP","floor":45},{"not_picked":["Heatsinks+1","Electrodynamics","Streamline+1"],"picked":"SKIP","floor":45},{"not_picked":["Redo","Streamline"],"picked":"Force Field","floor":46},{"not_picked":["Ball Lightning","Chaos+1","Fusion"],"picked":"SKIP","floor":46},{"not_picked":["Auto Shields","Compile Driver","Cold Snap+1"],"picked":"SKIP","floor":54}],"player_experience":3735165,"relics_obtained":[{"floor":6,"key":"The Courier"},{"floor":9,"key":"PreservedInsect"},{"floor":10,"key":"Happy Flower"},{"floor":13,"key":"Art of War"},{"floor":23,"key":"Eternal Feather"},{"floor":25,"key":"Potion Belt"},{"floor":26,"key":"Sundial"},{"floor":29,"key":"MawBank"},{"floor":40,"key":"Oddly Smooth Stone"},{"floor":40,"key":"FossilizedHelix"},{"floor":42,"key":"Dream Catcher"},{"floor":42,"key":"Prayer Wheel"},{"floor":45,"key":"Darkstone Periapt"},{"floor":45,"key":"Meat on the Bone"},{"floor":54,"key":"Whetstone"},{"floor":54,"key":"Akabeko"}],"event_choices":[{"cards_removed":["Zap"],"damage_healed":0,"gold_gain":0,"player_choice":"Card Removal","damage_taken":7,"max_hp_gain":0,"max_hp_loss":0,"event_name":"Golden Wing","floor":2,"gold_loss":0},{"damage_healed":0,"gold_gain":0,"player_choice":"1 cards matched","damage_taken":0,"max_hp_gain":0,"max_hp_loss":0,"event_name":"Match and Keep!","floor":3,"gold_loss":0,"cards_obtained":["Undo"]},{"cards_removed":["Defend_B"],"damage_healed":0,"gold_gain":0,"player_choice":"Card Removal","damage_taken":0,"max_hp_gain":0,"max_hp_loss":0,"event_name":"The Cleric","floor":12,"gold_loss":50},{"damage_healed":0,"gold_gain":0,"player_choice":"Read","damage_taken":0,"max_hp_gain":0,"max_hp_loss":0,"event_name":"The Library","floor":20,"gold_loss":0,"cards_obtained":["Coolheaded"]},{"damage_healed":0,"gold_gain":0,"player_choice":"Opened","damage_taken":0,"relics_obtained":["Incense Burner"],"max_hp_gain":0,"max_hp_loss":0,"event_name":"The Mausoleum","floor":24,"gold_loss":0},{"damage_healed":0,"gold_gain":0,"player_choice":"Obtained Relic","damage_taken":0,"relics_obtained":["Smiling Mask"],"max_hp_gain":0,"max_hp_loss":0,"event_name":"Addict","floor":30,"gold_loss":85},{"damage_healed":70,"gold_gain":0,"player_choice":"Heal","damage_taken":0,"max_hp_gain":0,"max_hp_loss":10,"event_name":"The Moai Head","floor":47,"gold_loss":0},{"cards_removed":["Turbo"],"damage_healed":0,"gold_gain":0,"player_choice":"Removed Skill","damage_taken":0,"max_hp_gain":0,"max_hp_loss":0,"event_name":"Falling","floor":48,"gold_loss":0}],"is_beta":false,"boss_relics":[{"not_picked":["Pandora\u0027s Box","Coffee Dripper"],"picked":"Philosopher\u0027s Stone"},{"not_picked":["Velvet Choker","Runic Dome"],"picked":"Black Star"}],"items_purged_floors":[11,41,53],"is_endless":false,"potions_floor_spawned":[4,6,8,19,23,36,38,42,45],"killed_by":"The Heart","ascension_level":1}}