{"host":"3498uni0c31c9bdm","time":1611118876,"event":{"mods":["BaseMod","Better Third Choice","Minty Spire (QoL Compilation)","Replay The Spire","StSLib"],"gold_per_floor":[210,260,279,279,303,337,337,360,387,411,411,430,430,32,32,151,151,174,187,438,418,432,432,352,366,389,314,33,33,33,33],"floor_reached":30,"language":"ENG","playtime":1281,"items_purged":[],"score":402,"play_id":"2e89df91-ca15-406f-8f83-af527760058f","local_time":"20210120160116","is_ascension_mode":true,"campfire_choices":[{"floor":7,"key":"REST"},{"floor":11,"key":"REST"},{"floor":13,"key":"RECALL"},{"floor":23,"key":"REST"}],"circlet_count":0,"master_deck":["Strike_P","Strike_P","Strike_P","Strike_P","Defend_P","Defend_P","Defend_P","Defend_P","Eruption","Vigilance","BowlingBash","CommonCold","TalkToTheHand","Injury","PathToVictory+1","FlurryOfBlows","Writhe","WindmillStrike","CarveReality+1","Prostrate","Consecrate","Consecrate","Doubt","DeusExMachina","PathToVictory+1","EmptyFist+1","ReplayTheSpireMod:Splinters","Decay","Consecrate","Replay:Hum","Replay:ManipulateFuture","Prostrate","PathToVictory+1","Writhe"],"relics":["PureWater","Ring of Greed","Replay:Wax Seal","MealTicket","Ring of Peace","Golden Idol","Bag of Preparation","Replay:Baseball","Lizard Tail","Oddly Smooth Stone","Black Star","Replay:Bottled Eggs","Tiny Chest"],"acts_visited":["Exordium","TheCity"],"potions_floor_usage":[8,16,19,22,22,25],"damage_taken":[{"damage":4,"enemies":"Jaw Worm","floor":1,"turns":4},{"damage":0,"enemies":"Small Slimes","floor":3,"turns":3},{"damage":0,"enemies":"Cultist","floor":5,"turns":4},{"damage":47,"enemies":"3 Sentries","floor":6,"turns":13},{"damage":0,"enemies":"Lots of Slimes","floor":8,"turns":4},{"damage":0,"enemies":"2 Fungi Beasts","floor":10,"turns":3},{"damage":0,"enemies":"Exordium Wildlife","floor":12,"turns":3},{"damage":47,"enemies":"Fading Forest","floor":16,"turns":11},{"damage":40,"enemies":"Spheric Guardian","floor":18,"turns":6},{"damage":0,"enemies":"3 Byrds","floor":19,"turns":4},{"damage":25,"enemies":"Cultist and Chosen","floor":22,"turns":7},{"damage":42,"enemies":"Snake Plant","floor":24,"turns":5},{"damage":0,"enemies":"Centurion and Healer","floor":25,"turns":4},{"damage":47,"enemies":"Gremlin Leader","floor":30,"turns":4}],"seed_played":"-1922482457276187064","potions_obtained":[{"floor":6,"key":"Strength Potion"},{"floor":8,"key":"Swift Potion"},{"floor":16,"key":"Explosive Potion"},{"floor":19,"key":"Block Potion"},{"floor":21,"key":"Death Potion"},{"floor":24,"key":"Cursed Concoction"},{"floor":25,"key":"BottledMiracle"}],"is_trial":false,"path_per_floor":["M","?","M","?","M","E","R","M","T","M","R","M","R","$","R","B",null,"M","M","?","?","M","R","M","M","T","?","$","?","E"],"character_chosen":"WATCHER","items_purchased":["Lizard Tail","Consecrate","Oddly Smooth Stone","PathToVictory+1","Replay:Bottled Eggs"],"campfire_rested":3,"item_purchase_floors":[14,14,14,28,28],"current_hp_per_floor":[61,61,61,61,61,14,35,35,35,35,56,56,56,71,72,37,63,23,23,23,23,36,57,15,15,15,15,30,30,0,0],"gold":33,"neow_bonus":"HUNDRED_GOLD","is_daily":false,"chose_seed":false,"campfire_upgraded":0,"win_rate":0.0,"timestamp":1611118876,"path_taken":["M","?","M","?","M","E","R","M","T","M","R","M","R","$","R","BOSS","M","M","?","?","?","R","?","M","T","?","$","?","E"],"items_purchased_type":["Relic","Card","Relic","Card","Relic"],"build_version":"2020-12-22","purchased_purges":0,"victory":false,"max_hp_per_floor":[72,72,72,72,72,72,72,72,72,72,72,72,72,72,72,72,72,72,72,72,72,72,72,72,72,72,72,72,72,72,72],"card_choices":[{"not_picked":["CrushJoints","Halt"],"picked":"BowlingBash","floor":1},{"not_picked":["Pray","FlyingSleeves"],"picked":"TalkToTheHand","floor":3},{"not_picked":["Collect","EmptyMind"],"picked":"PathToVictory","floor":5},{"not_picked":["MasterReality","Worship"],"picked":"FlurryOfBlows","floor":6},{"not_picked":["Protect","Halt"],"picked":"WindmillStrike","floor":8},{"not_picked":["FlurryOfBlows","Nirvana"],"picked":"CarveReality","floor":10},{"not_picked":["Consecrate","ClearTheMind"],"picked":"Prostrate","floor":12},{"not_picked":["Wish","LessonLearned"],"picked":"DeusExMachina","floor":16},{"not_picked":["CutThroughFate","ForeignInfluence"],"picked":"PathToVictory","floor":18},{"not_picked":["JustLucky+1","BowlingBash+1"],"picked":"EmptyFist+1","floor":19},{"not_picked":["Halt+1","Nirvana+1"],"picked":"Consecrate","floor":20},{"not_picked":["WindmillStrike","Fasting2"],"picked":"Replay:Hum","floor":22},{"not_picked":["Crescendo","Halt+1"],"picked":"Replay:ManipulateFuture","floor":24},{"not_picked":["FlurryOfBlows","EmptyBody"],"picked":"Prostrate","floor":25}],"player_experience":721372,"relics_obtained":[{"floor":2,"key":"Ring of Greed"},{"floor":2,"key":"Replay:Wax Seal"},{"floor":2,"key":"MealTicket"},{"floor":2,"key":"Ring of Peace"},{"floor":6,"key":"Bag of Preparation"},{"floor":9,"key":"Replay:Baseball"}],"event_choices":[{"damage_healed":0,"gold_gain":0,"player_choice":"Take Wound","damage_taken":0,"relics_obtained":["Golden Idol"],"max_hp_gain":0,"max_hp_loss":0,"event_name":"Golden Idol","floor":4,"gold_loss":0,"cards_obtained":["Injury"]},{"damage_healed":0,"gold_gain":0,"player_choice":"Bought 1 Potion","damage_taken":0,"max_hp_gain":0,"max_hp_loss":0,"event_name":"The Woman in Blue","floor":21,"gold_loss":0},{"cards_removed":["ReplayTheSpireMod:Restless Dread"],"damage_healed":0,"gold_gain":0,"player_choice":"Gave Gold","damage_taken":0,"max_hp_gain":0,"max_hp_loss":0,"event_name":"Beggar","floor":27,"gold_loss":75},{"damage_healed":0,"gold_gain":0,"player_choice":"Opened","damage_taken":0,"relics_obtained":["Tiny Chest"],"max_hp_gain":0,"max_hp_loss":0,"event_name":"The Mausoleum","floor":29,"gold_loss":0,"cards_obtained":["Writhe"]}],"is_beta":false,"boss_relics":[{"not_picked":["Sozu","Velvet Choker"],"picked":"Black Star"}],"items_purged_floors":[],"is_endless":false,"potions_floor_spawned":[6,8,16,19,24,25],"killed_by":"Gremlin Leader","ascension_level":6}}