{"host":"mg3e76uznu9x14du","time":1611125493,"event":{"mods":["BaseMod","Colored Map","Downfall","Minty Spire (QoL Compilation)","Permanent Neow","Relic Stats","StSLib","everything is the same but u backflip on backflip"],"gold_per_floor":[349,362,462,473,1,0,0,33,52,52,52,52,52,52,52],"floor_reached":13,"language":"ENG","playtime":746,"items_purged":[],"score":181,"play_id":"65a19349-8f46-4161-a205-b07d4ac44b49","local_time":"20210120015133","is_ascension_mode":false,"campfire_choices":[{"floor":1,"key":"RECALL"},{"floor":12,"key":"REST"}],"circlet_count":0,"master_deck":["bronze:Strike","bronze:Strike","bronze:Strike","bronze:Defend","bronze:Defend","bronze:Defend","bronze:Defend+1","bronze:Replicate","bronze:Goto","Parasite","bronze:WhirlingStrike","Doubt","Clumsy","bronze:Assembly","downfall:Aged","Parasite","bronze:Fortify","bronze:Repair","bronze:WhirlingStrike","bronze:Shield","bronze:CloningBeam+1","bronze:Repulsor+1","downfall:Malfunctioning"],"relics":["bronze:BronzeCore","Blue Candle","Frozen Egg 2","Lee\u0027s Waffle","Bag of Preparation","Ornamental Fan"],"acts_visited":["Exordium"],"potions_floor_usage":[13],"damage_taken":[{"damage":1,"enemies":"Jaw Worm","floor":2,"turns":5},{"damage":5,"enemies":"2 Louse","floor":4,"turns":3},{"damage":15,"enemies":"downfall:FleeingMerchant","floor":5,"turns":4},{"damage":19,"enemies":"downfall:FleeingMerchant","floor":6,"turns":4},{"damage":67,"enemies":"3 Sentries","floor":8,"turns":13},{"damage":0,"enemies":"Cultist","floor":9,"turns":3},{"damage":42,"enemies":"Gremlin Nob","floor":13,"turns":5}],"seed_played":"-7051356435828264392","potions_obtained":[{"floor":9,"key":"SneckoOil"}],"is_trial":false,"path_per_floor":["R","M","?","M","$","$","T","E","M","?","?","R","E"],"character_chosen":"THE_AUTOMATON","items_purchased":["Frozen Egg 2","Lee\u0027s Waffle","bronze:WhirlingStrike"],"campfire_rested":1,"item_purchase_floors":[5,5,5],"current_hp_per_floor":[70,69,74,69,82,70,70,10,10,10,10,34,0,0,0],"gold":52,"neow_bonus":"TWO_FIFTY_GOLD","is_daily":false,"chose_seed":false,"campfire_upgraded":0,"win_rate":0.0,"timestamp":1611125493,"path_taken":["R","M","?","M","?","$","T","E","M","?","?","R","E"],"items_purchased_type":["Relic","Relic","Card"],"build_version":"2020-12-22","purchased_purges":0,"victory":false,"max_hp_per_floor":[70,70,75,75,82,82,82,82,82,82,82,82,82,82,82],"relic_stats":{"Lee\u0027s Waffle":28,"counters":[7,37],"Ornamental Fan":[12],"Blue Candle":[14],"Bag of Preparation":[6],"obtain_stats":[{"Lee\u0027s Waffle":5,"bronze:BronzeCore":0,"Ornamental Fan":8,"Blue Candle":3,"Bag of Preparation":7,"Frozen Egg 2":5},{"Lee\u0027s Waffle":3,"bronze:BronzeCore":0,"Ornamental Fan":5,"Blue Candle":1,"Bag of Preparation":4,"Frozen Egg 2":3},{"Lee\u0027s Waffle":12,"bronze:BronzeCore":0,"Ornamental Fan":29,"Blue Candle":5,"Bag of Preparation":16,"Frozen Egg 2":12}]},"card_choices":[{"not_picked":["bronze:Invalidate","bronze:Shield"],"picked":"bronze:WhirlingStrike","floor":2},{"not_picked":["bronze:CutThrough","bronze:Safeguard"],"picked":"bronze:Fortify","floor":4},{"not_picked":["bronze:FineTuning","bronze:HardenedForm"],"picked":"bronze:Repair","floor":5},{"not_picked":["bronze:FollowUp","bronze:Safeguard"],"picked":"bronze:Shield","floor":6},{"not_picked":["bronze:ForLoop","bronze:BitShift"],"picked":"bronze:CloningBeam","floor":8},{"not_picked":["bronze:Philosophize","bronze:Frontload"],"picked":"bronze:Repulsor+1","floor":9}],"player_experience":454971,"relics_obtained":[{"floor":7,"key":"Bag of Preparation"},{"floor":8,"key":"Ornamental Fan"}],"event_choices":[],"is_beta":false,"boss_relics":[],"items_purged_floors":[],"is_endless":false,"potions_floor_spawned":[9],"killed_by":"Gremlin Nob","ascension_level":0}}