{"host":"9v3x998ddbx8o276","time":1611136783,"event":{"mods":["AchievementEnabler","BaseMod","Colored Map","Colored Powertips","Highlight Path","Minty Spire (QoL Compilation)","Quick Restart","Rare Cards Sparkle"],"gold_per_floor":[118,137,137,137,137,166,184,210,233,256,256,256,308,338,338,466,475,513,531,562,595,645,645,688,688,688,731,761,761,761],"floor_reached":29,"language":"ENG","playtime":983,"items_purged":[],"score":403,"play_id":"b83dcfc3-428f-4961-94f8-3e08ff0bff6b","local_time":"20210120202943","is_ascension_mode":true,"campfire_choices":[{"data":"Bash","floor":12,"key":"SMITH"},{"data":"Dual Wield","floor":15,"key":"SMITH"},{"floor":23,"key":"REST"},{"floor":25,"key":"REST"}],"circlet_count":0,"master_deck":["Strike_R+1","Strike_R+1","Strike_R","Defend_R","Defend_R","Defend_R","Defend_R","Bash+1","Pommel Strike","Pommel Strike","Cleave","Reckless Charge","Clash","Second Wind","Juggernaut","Dual Wield+1","Corruption","CurseOfTheBell","Shrug It Off","Infernal Blade+1","Rage","Evolve","Intimidate","Rupture","Berserk","Hemokinesis","Shockwave+1","Burning Pact+1"],"relics":["Burning Blood","NeowsBlessing","PreservedInsect","Strawberry","Red Skull","CeramicFish","Golden Idol","Oddly Smooth Stone","Calling Bell","Vajra","Singing Bowl","Prayer Wheel","Red Mask","Meat on the Bone","White Beast Statue"],"acts_visited":["Exordium","TheCity"],"potions_floor_usage":[13,20,20,21,27,28,29],"damage_taken":[{"damage":0,"enemies":"Small Slimes","floor":1,"turns":1},{"damage":0,"enemies":"2 Louse","floor":2,"turns":1},{"damage":0,"enemies":"Lagavulin","floor":6,"turns":1},{"damage":0,"enemies":"Cultist","floor":7,"turns":2},{"damage":8,"enemies":"Gremlin Nob","floor":8,"turns":3},{"damage":21,"enemies":"Lots of Slimes","floor":10,"turns":4},{"damage":20,"enemies":"3 Sentries","floor":13,"turns":6},{"damage":5,"enemies":"Looter","floor":14,"turns":2},{"damage":30,"enemies":"Slime Boss","floor":16,"turns":8},{"damage":6,"enemies":"Chosen","floor":18,"turns":4},{"damage":56,"enemies":"Masked Bandits","floor":20,"turns":4},{"damage":14,"enemies":"Spheric Guardian","floor":21,"turns":4},{"damage":7,"enemies":"Gremlin Leader","floor":24,"turns":4},{"damage":55,"enemies":"Shelled Parasite and Fungi","floor":27,"turns":6},{"damage":16,"enemies":"Chosen and Byrds","floor":28,"turns":4},{"damage":24,"enemies":"Centurion and Healer","floor":29,"turns":2}],"seed_played":"-6599013793432180314","potions_obtained":[{"floor":6,"key":"EssenceOfSteel"},{"floor":7,"key":"SpeedPotion"},{"floor":8,"key":"SkillPotion"},{"floor":13,"key":"LiquidBronze"},{"floor":24,"key":"ColorlessPotion"},{"floor":27,"key":"AttackPotion"},{"floor":28,"key":"Energy Potion"}],"is_trial":false,"path_per_floor":["M","M","?","?","?","E","M","E","T","M","?","R","E","M","R","B",null,"M","?","?","M","?","R","E","R","T","M","M","M"],"character_chosen":"IRONCLAD","items_purchased":[],"campfire_rested":2,"item_purchase_floors":[],"current_hp_per_floor":[78,80,64,31,57,70,76,74,74,59,59,59,45,46,46,22,66,66,66,18,10,10,34,33,57,57,20,24,0,0],"gold":761,"neow_bonus":"THREE_ENEMY_KILL","is_daily":false,"chose_seed":false,"campfire_upgraded":2,"win_rate":0.0,"timestamp":1611136783,"path_taken":["M","M","?","?","?","E","M","E","T","M","?","R","E","M","R","BOSS","M","?","?","M","?","R","E","R","T","M","M","M"],"items_purchased_type":[],"build_version":"2020-12-22","purchased_purges":0,"victory":false,"max_hp_per_floor":[80,80,80,80,80,87,87,87,87,87,81,81,81,81,81,81,81,81,81,83,83,83,83,83,83,83,83,85,85,85],"card_choices":[{"not_picked":["Havoc","Intimidate"],"picked":"Pommel Strike","floor":1},{"not_picked":["Headbutt","Havoc"],"picked":"Pommel Strike","floor":2},{"not_picked":["Heavy Blade","True Grit"],"picked":"Cleave","floor":6},{"not_picked":["Combust","Power Through"],"picked":"Reckless Charge","floor":7},{"not_picked":["Body Slam","Rupture"],"picked":"Clash","floor":8},{"not_picked":["Headbutt","Iron Wave"],"picked":"Second Wind","floor":10},{"not_picked":["Perfected Strike","Sword Boomerang"],"picked":"Juggernaut","floor":13},{"not_picked":["Sentinel","Pommel Strike"],"picked":"Dual Wield","floor":14},{"not_picked":["Fiend Fire","Bludgeon"],"picked":"Corruption","floor":16},{"not_picked":["Perfected Strike","Thunderclap+1"],"picked":"Shrug It Off","floor":18},{"not_picked":["Sword Boomerang","Anger"],"picked":"Infernal Blade+1","floor":18},{"not_picked":["Flex","Heavy Blade","Rage"],"picked":"Singing Bowl","floor":20},{"not_picked":["Rampage","Body Slam"],"picked":"Intimidate","floor":21},{"not_picked":["Twin Strike","Clash"],"picked":"Rupture","floor":21},{"not_picked":["Armaments","Sever Soul"],"picked":"Berserk","floor":24},{"not_picked":["Reckless Charge+1","Heavy Blade+1"],"picked":"Hemokinesis","floor":27},{"not_picked":["Thunderclap","Pommel Strike"],"picked":"Shockwave+1","floor":27},{"not_picked":["Cleave","Body Slam"],"picked":"Burning Pact+1","floor":28},{"not_picked":["Clothesline+1","Twin Strike","Thunderclap"],"picked":"Singing Bowl","floor":28}],"player_experience":1676029,"relics_obtained":[{"floor":6,"key":"Strawberry"},{"floor":8,"key":"Red Skull"},{"floor":9,"key":"CeramicFish"},{"floor":13,"key":"Oddly Smooth Stone"},{"floor":17,"key":"Vajra"},{"floor":17,"key":"Singing Bowl"},{"floor":17,"key":"Prayer Wheel"},{"floor":20,"key":"Red Mask"},{"floor":24,"key":"Meat on the Bone"},{"floor":26,"key":"White Beast Statue"}],"event_choices":[{"damage_healed":0,"gold_gain":0,"player_choice":"Entered Light","damage_taken":16,"max_hp_gain":0,"max_hp_loss":0,"event_name":"Shining Light","floor":3,"gold_loss":0,"cards_upgraded":["Strike_R","Strike_R"]},{"damage_healed":0,"gold_gain":0,"player_choice":"Success","damage_taken":33,"relics_obtained":["PreservedInsect"],"max_hp_gain":0,"max_hp_loss":0,"event_name":"Scrap Ooze","floor":4,"gold_loss":0},{"damage_healed":26,"gold_gain":0,"player_choice":"Banana","damage_taken":0,"max_hp_gain":0,"max_hp_loss":0,"event_name":"Big Fish","floor":5,"gold_loss":0},{"damage_healed":0,"gold_gain":0,"player_choice":"Lose Max HP","damage_taken":0,"relics_obtained":["Golden Idol"],"max_hp_gain":0,"max_hp_loss":6,"event_name":"Golden Idol","floor":11,"gold_loss":0},{"damage_healed":0,"gold_gain":0,"cards_transformed":["Strike_R","Strike_R"],"player_choice":"Became Test Subject","damage_taken":0,"max_hp_gain":0,"max_hp_loss":0,"event_name":"Drug Dealer","floor":19,"gold_loss":0,"cards_obtained":["Rage","Evolve"]},{"damage_healed":0,"gold_gain":0,"player_choice":"Fought Bandits","damage_taken":0,"max_hp_gain":0,"max_hp_loss":0,"event_name":"Masked Bandits","floor":20,"gold_loss":0},{"damage_healed":0,"gold_gain":100,"player_choice":"Bet on Murderer","damage_taken":0,"max_hp_gain":0,"max_hp_loss":0,"event_name":"The Joust","floor":22,"gold_loss":50}],"is_beta":false,"boss_relics":[{"not_picked":["Runic Cube","Black Star"],"picked":"Calling Bell"}],"items_purged_floors":[],"is_endless":false,"potions_floor_spawned":[6,7,8,13,24,27,28],"killed_by":"Centurion and Healer","ascension_level":8}}