{"host":"sefvftc5g87x47w2","time":1611113188,"event":{"mods":["AchievementEnabler","BaseMod","Colored Map","Colored Powertips","DeckTracker","Minty Spire (QoL Compilation)","Quick Restart","Rare Cards Sparkle","StSLib","everything is the same but u backflip on backflip"],"gold_per_floor":[114,132,145,145,125,54,54,54,106,120,130,130,140,155,155,252,252,267,284,142,159,171,197,197,197,251,278,278,278,278],"floor_reached":29,"language":"KOR","playtime":3347,"items_purged":["Strike_P"],"score":259,"play_id":"6de42e66-18e6-42d3-9a90-0512c82c7dd2","local_time":"20210120122628","is_ascension_mode":false,"campfire_choices":[{"data":"Eruption","floor":8,"key":"SMITH"},{"data":"MasterReality","floor":12,"key":"SMITH"},{"data":"Pray","floor":15,"key":"SMITH"},{"floor":24,"key":"REST"}],"circlet_count":0,"master_deck":["Strike_P","Strike_P","Strike_P","Defend_P+1","Defend_P","Defend_P","Eruption+1","Vigilance","FlurryOfBlows","Consecrate","DeceiveReality","Adaptation","ConjureBlade+1","Halt","MasterReality+1","Pray+1","Sanctity","Brilliance","CurseOfTheBell","Tantrum","BattleHymn+1","Vengeance","PathToVictory+1","EmptyFist","Judgement","CutThroughFate","RitualDagger"],"relics":["PureWater","NeowsBlessing","War Paint","Calling Bell","Orichalcum","Gremlin Horn","GoldenEye","Strawberry","Enchiridion","Omamori","Toxic Egg 2"],"acts_visited":["Exordium","TheCity"],"potions_floor_usage":[21,22,23,27,27],"damage_taken":[{"damage":0.0,"enemies":"2 Louse","floor":1.0,"turns":1.0},{"damage":0.0,"enemies":"Small Slimes","floor":2.0,"turns":1.0},{"damage":0.0,"enemies":"Jaw Worm","floor":3.0,"turns":1.0},{"damage":19.0,"enemies":"Exordium Thugs","floor":5.0,"turns":5.0},{"damage":6,"enemies":"Looter","floor":10,"turns":3},{"damage":7,"enemies":"Blue Slaver","floor":11,"turns":3},{"damage":0,"enemies":"Large Slime","floor":13,"turns":4},{"damage":2,"enemies":"Looter","floor":14,"turns":3},{"damage":21,"enemies":"Slime Boss","floor":16,"turns":7},{"damage":0,"enemies":"Spheric Guardian","floor":18,"turns":3},{"damage":4,"enemies":"Chosen","floor":19,"turns":4},{"damage":4,"enemies":"Centurion and Healer","floor":21,"turns":4},{"damage":6,"enemies":"Snecko","floor":22,"turns":5},{"damage":43,"enemies":"Slavers","floor":23,"turns":3},{"damage":18,"enemies":"Book of Stabbing","floor":27,"turns":3},{"damage":12,"enemies":"Shelled Parasite and Fungi","floor":29,"turns":1}],"seed_played":"3812650434196087318","potions_obtained":[{"floor":10,"key":"LiquidBronze"},{"floor":13,"key":"Fire Potion"},{"floor":14,"key":"Block Potion"},{"floor":21,"key":"AttackPotion"},{"floor":22,"key":"StancePotion"}],"is_trial":false,"path_per_floor":["M","M","M","?","M","$","?","R","T","M","M","R","M","M","R","B",null,"M","M","$","M","M","E","R","?","T","E","?","M"],"character_chosen":"WATCHER","items_purchased":["ConjureBlade","Vengeance"],"campfire_rested":1,"item_purchase_floors":[6,20],"current_hp_per_floor":[72,72,72,65,46,46,46,46,46,40,33,33,33,31,31,10,72,72,68,68,64,58,22,45,29,29,11,5,0,0],"gold":278,"neow_bonus":"THREE_ENEMY_KILL","is_daily":false,"chose_seed":false,"campfire_upgraded":3,"win_rate":0.0,"timestamp":1611113188,"path_taken":["M","M","M","?","M","$","?","R","T","M","M","R","?","M","R","BOSS","M","M","$","M","M","E","R","?","T","E","?","M"],"items_purchased_type":["Card","Card"],"build_version":"2020-12-22","purchased_purges":1,"victory":false,"max_hp_per_floor":[72,72,72,72,72,72,72,72,72,72,72,72,72,72,72,72,72,72,72,72,72,72,79,79,79,79,79,79,79,79],"card_choices":[{"not_picked":["ThirdEye","CrushJoints"],"picked":"FlurryOfBlows","floor":1.0},{"not_picked":["FlurryOfBlows","Crescendo"],"picked":"Consecrate","floor":2.0},{"not_picked":["Adaptation","SashWhip"],"picked":"DeceiveReality","floor":3.0},{"not_picked":["CutThroughFate","PathToVictory"],"picked":"Adaptation","floor":5.0},{"not_picked":["FollowUp","PathToVictory"],"picked":"Halt","floor":10},{"not_picked":["EmptyFist","Fasting2"],"picked":"MasterReality","floor":11},{"not_picked":["FearNoEvil","Conclude"],"picked":"Pray","floor":13},{"not_picked":["SignatureMove","Adaptation"],"picked":"Sanctity","floor":14},{"not_picked":["DevaForm","ConjureBlade"],"picked":"Brilliance","floor":16},{"not_picked":["CarveReality","WreathOfFlame"],"picked":"Tantrum","floor":18},{"not_picked":["Protect","Nirvana"],"picked":"BattleHymn+1","floor":19},{"not_picked":["CutThroughFate+1","SandsOfTime"],"picked":"PathToVictory+1","floor":21},{"not_picked":["Consecrate","Protect"],"picked":"EmptyFist","floor":22},{"not_picked":["EmptyBody","CrushJoints+1"],"picked":"Judgement","floor":23},{"not_picked":["CarveReality","Weave"],"picked":"CutThroughFate","floor":27}],"player_experience":85969,"relics_obtained":[{"floor":9,"key":"War Paint"},{"floor":17,"key":"Orichalcum"},{"floor":17,"key":"Gremlin Horn"},{"floor":17,"key":"GoldenEye"},{"floor":23,"key":"Strawberry"},{"floor":25,"key":"Enchiridion"},{"floor":26,"key":"Omamori"},{"floor":27,"key":"Toxic Egg 2"}],"event_choices":[{"cards_removed":["Defend_P"],"damage_healed":0.0,"max_hp_gain":0.0,"max_hp_loss":0.0,"gold_gain":0.0,"event_name":"Golden Wing","player_choice":"Card Removal","floor":4.0,"gold_loss":0.0,"damage_taken":7.0},{"damage_healed":0,"gold_gain":0,"player_choice":"Ignored","damage_taken":0,"max_hp_gain":0,"max_hp_loss":0,"event_name":"Liars Game","floor":7,"gold_loss":0},{"damage_healed":0,"gold_gain":0,"player_choice":"Obtained Book","damage_taken":16,"max_hp_gain":0,"max_hp_loss":0,"event_name":"Cursed Tome","floor":25,"gold_loss":0},{"damage_healed":0,"gold_gain":0,"player_choice":"Joined the Cult","damage_taken":6,"max_hp_gain":0,"max_hp_loss":0,"event_name":"Nest","floor":28,"gold_loss":0,"cards_obtained":["RitualDagger"]}],"is_beta":false,"boss_relics":[{"not_picked":["Runic Dome","Busted Crown"],"picked":"Calling Bell"}],"items_purged_floors":[20],"is_endless":false,"potions_floor_spawned":[10,13,14,21,22],"killed_by":"Shelled Parasite and Fungi","ascension_level":0}}