{"host":"rolltorest","time":1611182945,"event":{"mods":["BaseMod","Minty Spire (QoL Compilation)","Relic Stats","Slay the Relics Exporter","StSLib"],"gold_per_floor":[169,184,27,40,54,54,86,86,140,168,179,199,265,300,300,377,377,391,391,391,19,37,64,64,89,89,89,89,114,214,246,246,246,246],"floor_reached":33,"language":"ENG","playtime":1046,"items_purged":["Shame"],"score":1007,"play_id":"5a91b0d7-bc01-4a98-9ee8-6303579832f7","local_time":"20210120144905","is_ascension_mode":true,"campfire_choices":[{"data":"WheelKick","floor":6,"key":"SMITH"},{"data":"FlurryOfBlows","floor":8,"key":"SMITH"},{"data":"EmptyFist","floor":15,"key":"SMITH"},{"data":"Halt","floor":24,"key":"SMITH"},{"data":"Meditate","floor":28,"key":"SMITH"},{"floor":32,"key":"REST"}],"circlet_count":0,"master_deck":["AscendersBane","Strike_P+1","Strike_P+1","Strike_P+1","Strike_P+1","Defend_P+1","Defend_P+1","Defend_P+1","Defend_P+1","Eruption+1","Vigilance","WheelKick+1","WheelKick","Protect+1","CrushJoints","Tantrum+1","FlurryOfBlows+1","Scrawl","EmptyFist+1","Blasphemy+1","Consecrate+1","Halt+1","FearNoEvil","FollowUp","Adaptation+1","MentalFortress+1","Meditate+1","BowlingBash+1","EmptyBody"],"relics":["Tiny House","Toolbox","Frozen Egg 2","Strawberry","Regal Pillow","Toy Ornithopter","Runic Pyramid","Bag of Marbles","Bag of Preparation","War Paint","Prayer Wheel","Lantern","Nunchaku","Mango","The Courier","Whetstone"],"acts_visited":["Exordium","TheCity"],"potions_floor_usage":[7,10,16,25],"damage_taken":[{"damage":0,"enemies":"Cultist","floor":1,"turns":2},{"damage":4,"enemies":"Jaw Worm","floor":2,"turns":4},{"damage":2,"enemies":"Small Slimes","floor":4,"turns":5},{"damage":4,"enemies":"2 Fungi Beasts","floor":5,"turns":3},{"damage":18,"enemies":"3 Sentries","floor":7,"turns":6},{"damage":0,"enemies":"Lagavulin","floor":10,"turns":2},{"damage":8,"enemies":"Exordium Wildlife","floor":11,"turns":4},{"damage":3,"enemies":"Blue Slaver","floor":12,"turns":3},{"damage":0,"enemies":"Gremlin Nob","floor":14,"turns":2},{"damage":0,"enemies":"Slime Boss","floor":16,"turns":6},{"damage":9,"enemies":"2 Thieves","floor":18,"turns":2},{"damage":4,"enemies":"Shell Parasite","floor":22,"turns":3},{"damage":5,"enemies":"Book of Stabbing","floor":23,"turns":4},{"damage":0,"enemies":"Slavers","floor":25,"turns":3},{"damage":37,"enemies":"Book of Stabbing","floor":29,"turns":4},{"damage":0,"enemies":"Colosseum Slavers","floor":30,"turns":2},{"damage":0,"enemies":"Colosseum Nobs","floor":30,"turns":2},{"damage":0,"enemies":"Gremlin Leader","floor":31,"turns":1},{"damage":1,"enemies":"Automaton","floor":33,"turns":6}],"seed_played":"5845721512999731680","potions_obtained":[{"floor":0,"key":"PowerPotion"},{"floor":1,"key":"PowerPotion"},{"floor":4,"key":"Ambrosia"},{"floor":10,"key":"BottledMiracle"},{"floor":11,"key":"SteroidPotion"},{"floor":18,"key":"FearPotion"},{"floor":25,"key":"Dexterity Potion"},{"floor":31,"key":"EssenceOfSteel"}],"is_trial":false,"path_per_floor":["M","M","$","M","M","R","E","R","T","E","M","M","?","E","R","B",null,"M","?","?","$","M","E","R","E","T","?","R","E","?","E","R","B"],"character_chosen":"WATCHER","items_purchased":["Toolbox","Bag of Preparation","Halt","FearNoEvil"],"campfire_rested":1,"item_purchase_floors":[3,21,21,21],"current_hp_per_floor":[66,62,62,60,56,56,38,38,45,45,37,34,34,34,34,39,70,61,61,61,61,57,52,52,57,57,57,57,20,34,34,77,76,76],"gold":246,"neow_bonus":"BOSS_RELIC","is_daily":false,"chose_seed":false,"campfire_upgraded":5,"win_rate":0.0,"timestamp":1611182945,"path_taken":["M","M","?","M","M","R","E","R","T","E","M","M","?","E","R","BOSS","M","?","?","$","?","E","R","E","T","?","R","E","?","E","R","BOSS"],"items_purchased_type":["Relic","Relic","Card","Card"],"build_version":"2020-12-18","purchased_purges":1,"victory":false,"max_hp_per_floor":[73,73,73,73,73,73,73,73,80,80,80,80,80,80,80,80,80,80,80,80,80,80,80,80,80,80,80,80,80,94,94,94,94,94],"relic_stats":{"Regal Pillow":15,"Nunchaku":[4],"counters":[19,64],"Prayer Wheel":0,"Bag of Preparation":[16],"Whetstone":["Tantrum","Consecrate"],"War Paint":["Protect","Blasphemy"],"obtain_stats":[{"Regal Pillow":10,"Lantern":26,"Tiny House":0,"Mango":30,"The Courier":30,"Bag of Preparation":21,"Whetstone":31,"Frozen Egg 2":7,"War Paint":23,"Nunchaku":29,"Strawberry":9,"Toolbox":3,"Prayer Wheel":25,"Bag of Marbles":20,"PureWater":0,"Toy Ornithopter":14,"Runic Pyramid":17},{"Regal Pillow":6,"Lantern":14,"Tiny House":0,"Mango":17,"The Courier":17,"Bag of Preparation":11,"Whetstone":18,"Frozen Egg 2":5,"War Paint":13,"Nunchaku":15,"Strawberry":5,"Toolbox":2,"Prayer Wheel":14,"Bag of Marbles":11,"PureWater":0,"Toy Ornithopter":9,"Runic Pyramid":10},{"Regal Pillow":22,"Lantern":49,"Tiny House":0,"Mango":57,"The Courier":57,"Bag of Preparation":39,"Whetstone":58,"Frozen Egg 2":20,"War Paint":46,"Nunchaku":53,"Strawberry":20,"Toolbox":6,"Prayer Wheel":49,"Bag of Marbles":39,"PureWater":0,"Toy Ornithopter":31,"Runic Pyramid":37}],"Toy Ornithopter":10},"card_choices":[{"not_picked":["LikeWater","SashWhip"],"picked":"WheelKick","floor":0},{"not_picked":["ForeignInfluence","Swivel"],"picked":"WheelKick","floor":1},{"not_picked":["Crescendo","CutThroughFate"],"picked":"Protect","floor":2},{"not_picked":["CutThroughFate","Nirvana"],"picked":"CrushJoints","floor":4},{"not_picked":["WindmillStrike","EmptyMind"],"picked":"Tantrum","floor":5},{"not_picked":["Tantrum","Swivel"],"picked":"FlurryOfBlows","floor":7},{"not_picked":["Swivel","Protect"],"picked":"Scrawl","floor":10},{"not_picked":["Prostrate","Vengeance","PathToVictory"],"picked":"SKIP","floor":11},{"not_picked":["CrushJoints","DeceiveReality","Nirvana+1"],"picked":"SKIP","floor":12},{"not_picked":["Judgement","Swivel"],"picked":"EmptyFist","floor":14},{"not_picked":["MasterReality+1","Devotion+1"],"picked":"Blasphemy","floor":16},{"not_picked":["Evaluate","Nirvana+1"],"picked":"Consecrate","floor":18},{"not_picked":["FlyingSleeves+1","InnerPeace"],"picked":"FollowUp","floor":22},{"not_picked":["ThirdEye","Prostrate+1"],"picked":"Adaptation+1","floor":23},{"not_picked":["ThirdEye","EmptyBody"],"picked":"MentalFortress+1","floor":25},{"not_picked":["ReachHeaven","PathToVictory","Fasting2+1"],"picked":"SKIP","floor":29},{"not_picked":["ForeignInfluence","FlyingSleeves"],"picked":"BowlingBash+1","floor":30},{"not_picked":["PathToVictory+1","Prostrate"],"picked":"EmptyBody","floor":31}],"player_experience":1743224,"relics_obtained":[{"floor":7,"key":"Frozen Egg 2"},{"floor":9,"key":"Strawberry"},{"floor":10,"key":"Regal Pillow"},{"floor":14,"key":"Toy Ornithopter"},{"floor":23,"key":"War Paint"},{"floor":25,"key":"Prayer Wheel"},{"floor":26,"key":"Lantern"},{"floor":29,"key":"Nunchaku"},{"floor":30,"key":"Mango"},{"floor":30,"key":"The Courier"},{"floor":31,"key":"Whetstone"}],"event_choices":[{"damage_healed":0,"gold_gain":66,"player_choice":"Gained Gold","damage_taken":0,"max_hp_gain":0,"max_hp_loss":0,"event_name":"Golden Wing","floor":13,"gold_loss":0},{"damage_healed":0,"gold_gain":0,"player_choice":"Simplicity","damage_taken":0,"max_hp_gain":0,"max_hp_loss":0,"event_name":"Back to Basics","floor":19,"gold_loss":0,"cards_upgraded":["Strike_P","Strike_P","Strike_P","Strike_P","Defend_P","Defend_P","Defend_P","Defend_P"]},{"damage_healed":0,"gold_gain":0,"player_choice":"Stole Relic","damage_taken":0,"relics_obtained":["Bag of Marbles"],"max_hp_gain":0,"max_hp_loss":0,"event_name":"Addict","floor":20,"gold_loss":0,"cards_obtained":["Shame"]},{"damage_healed":0,"gold_gain":0,"player_choice":"Read","damage_taken":0,"max_hp_gain":0,"max_hp_loss":0,"event_name":"The Library","floor":27,"gold_loss":0,"cards_obtained":["Meditate"]},{"damage_healed":0,"gold_gain":0,"player_choice":"Fight","damage_taken":0,"max_hp_gain":0,"max_hp_loss":0,"event_name":"Colosseum","floor":30,"gold_loss":0},{"damage_healed":0,"gold_gain":0,"player_choice":"Fought Nobs","damage_taken":0,"max_hp_gain":0,"max_hp_loss":0,"event_name":"Colosseum","floor":30,"gold_loss":0}],"is_beta":true,"boss_relics":[{"not_picked":["Philosopher\u0027s Stone","Coffee Dripper"],"picked":"Runic Pyramid"}],"items_purged_floors":[21],"is_endless":false,"potions_floor_spawned":[1,4,10,11,14,18,25,30,31],"killed_by":"Automaton","ascension_level":20}}