{"host":"j7au2ovow4c9pz79","time":1611171593,"event":{"mods":["AchievementEnabler","BaseMod","Better Third Choice","BetterRewards","Colored Powertips","Defuse TimeMaze Blight","Energized Spire","Googly Eyes","Hubris","Infinite Spire","Minty Spire (QoL Compilation)","Quick Restart","Replay The Spire","Spicy Shops","StSLib","SuperFastMode","Transform Curses"],"gold_per_floor":[109,109,119,119,119,149,149,165,165,165,192,204,224,235,235,334,334,350,350,350,404,415,442,442,457,457,469,519,538,549,549,549],"floor_reached":31,"language":"ENG","playtime":727,"items_purged":[],"score":319,"play_id":"4ac5a3bc-18ef-4711-957e-92b6a5dba796","local_time":"20210120203953","is_ascension_mode":false,"campfire_choices":[{"data":"Footwork","floor":7,"key":"SMITH"},{"data":"Survivor","floor":10,"key":"SMITH"},{"floor":15,"key":"REST"},{"floor":24,"key":"REST"}],"circlet_count":0,"master_deck":["Strike_G","Strike_G","Strike_G","Strike_G+1","Strike_G","Defend_G","Defend_G","Defend_G","Defend_G","Defend_G","Survivor+1","Neutralize","Masterful Stab+1","infinitespire:FinalStrike+1","Bane","Footwork+1","Cloak And Dagger","Deadly Poison","Cloak And Dagger","Caltrops","Bouncing Flask","Glass Knife","Dagger Throw+1","RitualDagger","Bane","Leg Sweep","Cloak And Dagger","Cloak And Dagger+1","hubris:Fate","Draining Mist+1","Sucker Punch+1","Accuracy"],"relics":["Ring of the Serpent","infinitespire:Joker Card","Replay:Kaleidoscope","Bronze Scales","infinitespire:Bottled Soul","hubris:MobiusCoin","Blue Doll","Tiny House"],"acts_visited":["Exordium","TheCity"],"potions_floor_usage":[30,30],"damage_taken":[{"damage":2,"enemies":"Jaw Worm","floor":1,"turns":5},{"damage":0,"enemies":"Small Slimes","floor":3,"turns":2},{"damage":28,"enemies":"Gremlin Nob","floor":6,"turns":4},{"damage":0,"enemies":"2 Louse","floor":8,"turns":2},{"damage":0,"enemies":"Lagavulin","floor":11,"turns":5},{"damage":0,"enemies":"Red Slaver","floor":12,"turns":1},{"damage":3,"enemies":"Exordium Wildlife","floor":13,"turns":6},{"damage":0,"enemies":"3 Louse","floor":14,"turns":2},{"damage":26,"enemies":"Slime Boss","floor":16,"turns":6},{"damage":0,"enemies":"Chosen","floor":18,"turns":2},{"damage":2,"enemies":"3 Byrds","floor":22,"turns":3},{"damage":49,"enemies":"Nightmare","floor":23,"turns":8},{"damage":11,"enemies":"Cultist and Chosen","floor":25,"turns":7},{"damage":4,"enemies":"Snake Plant","floor":27,"turns":3},{"damage":4,"enemies":"Centurion and Healer","floor":29,"turns":5},{"damage":18,"enemies":"3 Cultists","floor":30,"turns":4},{"damage":14,"enemies":"Snake Plant","floor":31,"turns":1}],"seed_played":"-6689472428196241222","potions_obtained":[{"floor":6,"key":"PowerPotion"},{"floor":8,"key":"LifebloodPotion"},{"floor":13,"key":"CunningPotion"},{"floor":30,"key":"Dexterity Potion"}],"is_trial":false,"path_per_floor":["M","?","M","?","?","E","R","M","T","R","E","M","M","M","R","B",null,"M","?","?","T","M","NM","R","M","T","M","AVR","M","M","M"],"character_chosen":"THE_SILENT","items_purchased":[],"campfire_rested":2,"item_purchase_floors":[],"current_hp_per_floor":[75,56,56,56,56,28,28,28,28,28,28,28,25,25,48,22,77,77,77,71,71,69,20,43,32,32,28,33,29,11,0,0],"gold":549,"neow_bonus":"TEN_PERCENT_HP_BONUS","is_daily":false,"chose_seed":false,"campfire_upgraded":2,"win_rate":0.0,"timestamp":1611171593,"path_taken":["M","?","M","?","?","E","R","M","T","R","E","?","M","M","R","BOSS","M","?","?","?","M","NM","R","M","T","?","AVR","?","M","M"],"items_purchased_type":[],"build_version":"2020-12-22","purchased_purges":0,"victory":false,"max_hp_per_floor":[77,77,77,77,77,77,77,77,77,77,77,77,77,77,77,77,77,77,77,77,77,77,77,77,77,77,77,82,82,82,82,82],"card_choices":[{"not_picked":["Sucker Punch","Hidden Blade"],"picked":"Masterful Stab","floor":1},{"not_picked":["infinitespire:Menacing","ReplayTheSpireMod:Echoes of Time"],"picked":"infinitespire:FinalStrike","floor":2},{"not_picked":["Acrobatics","Escape Plan"],"picked":"Bane","floor":3},{"not_picked":["Underhanded Strike","Deadly Poison"],"picked":"Footwork","floor":6},{"not_picked":["Reflex","hubris:Counter"],"picked":"Cloak And Dagger","floor":8},{"not_picked":["Riddle With Holes","Dodge and Roll"],"picked":"Deadly Poison","floor":11},{"not_picked":["Prepared","Dagger Spray"],"picked":"Cloak And Dagger","floor":12},{"not_picked":["Flechettes","hubris:SlightOfHand"],"picked":"Caltrops","floor":13},{"not_picked":["Endless Agony","Dagger Spray"],"picked":"Bouncing Flask","floor":14},{"not_picked":["Venomology","Grand Finale"],"picked":"Glass Knife","floor":16},{"not_picked":["Outmaneuver","Infinite Blades"],"picked":"Dagger Throw+1","floor":18},{"not_picked":["Hidden Blade","Distraction+1"],"picked":"Bane","floor":22},{"not_picked":["PiercingWail","Deflect"],"picked":"Leg Sweep","floor":23},{"not_picked":["Quick Slash+1","Dagger Spray"],"picked":"Cloak And Dagger","floor":25},{"not_picked":["Quick Slash","Acrobatics"],"picked":"Cloak And Dagger+1","floor":27},{"not_picked":["hubris:Counter","Malaise"],"picked":"Draining Mist+1","floor":28},{"not_picked":["Dagger Throw","Quick Slash+1"],"picked":"Sucker Punch+1","floor":29},{"not_picked":["hubris:SlightOfHand","Blade Dance+1"],"picked":"Accuracy","floor":30}],"player_experience":1889173,"relics_obtained":[{"floor":6,"key":"infinitespire:Joker Card"},{"floor":11,"key":"Replay:Kaleidoscope"},{"floor":21,"key":"Bronze Scales"},{"floor":23,"key":"infinitespire:Bottled Soul"},{"floor":26,"key":"hubris:MobiusCoin"}],"event_choices":[{"damage_healed":0,"gold_gain":0,"player_choice":"Forge","damage_taken":0,"max_hp_gain":0,"max_hp_loss":0,"event_name":"Accursed Blacksmith","floor":5,"gold_loss":0,"cards_upgraded":["Masterful Stab"]},{"damage_healed":25,"gold_gain":0,"player_choice":"Heal","damage_taken":0,"max_hp_gain":0,"max_hp_loss":0,"event_name":"The Library","floor":19,"gold_loss":0},{"damage_healed":0,"gold_gain":0,"player_choice":"Dagger","damage_taken":6,"max_hp_gain":0,"max_hp_loss":0,"event_name":"betterThird:BetterNest","floor":20,"gold_loss":0,"cards_obtained":["RitualDagger"]}],"is_beta":false,"boss_relics":[{"not_picked":["energizedSpire:HugeHouse","energizedSpire:PogoStick"],"picked":"Ring of the Serpent"}],"items_purged_floors":[],"is_endless":true,"potions_floor_spawned":[6,8,13,18,22,27,30],"killed_by":"Snake Plant","ascension_level":0}}