{"host":"wj6vwlg8bkoql3lv","time":1611183234,"event":{"mods":["BaseMod","Colored Map","Friendly Minions","Hermit","Hubris","Infinite Spire","JesterMod","Jorbs\u0027s Wanderer Trilogy","Marisa????????","Minty Spire (QoL Compilation)","Replay The Spire","Shade Mod","StSLib","The Blue Laboratory","The Bug Knight","The Cursed","The Disciple","The Gatherer","The Hierophant","The Jungle","The Marked","The Mystic","The Runesmith","The Senshi","The Servant 0.9.4"],"gold_per_floor":[114,132,132,132,144,144,170,170,170,0,16,36,36,20,20,20,20],"floor_reached":16,"language":"ENG","playtime":1254,"items_purged":[],"score":102,"play_id":"7e97245d-b24e-4efb-8f1c-0414198b6adb","local_time":"20210120225354","is_ascension_mode":false,"campfire_choices":[{"data":"theSenshi:MoonPrismPowerMakeUp","floor":6,"key":"SMITH"},{"data":"theSenshi:CrisisMakeUp","floor":8,"key":"SMITH"},{"floor":13,"key":"REST"},{"floor":15,"key":"REST"}],"circlet_count":0,"master_deck":["theSenshi:SailorKick","theSenshi:SailorKick","theSenshi:SailorKick","theSenshi:SailorKick","theSenshi:SailorBlock","theSenshi:SailorBlock","theSenshi:SailorBlock","theSenshi:SailorBlock","theSenshi:RoseThrow","theSenshi:MoonPrismPowerMakeUp+1","theSenshi:SailorStarFighterAssists","theSenshi:MoonsReflection","theSenshi:SailorPlanetPower","theSenshi:CrisisMakeUp+1","theSenshi:MoonCosmicPowerMakeUp","theSenshi:SailorV","theSenshi:Sidestep","theSenshi:TuxedoMaskAssists","theSenshi:EncouragingSpeech"],"relics":["theSenshi:TransformationBroochRelic","theSenshi:CrescentMoonWandRelic","Chameleon Ring","theSenshi:CrisisMoonCompactRelic"],"acts_visited":["Exordium"],"potions_floor_usage":[7],"damage_taken":[{"damage":0,"enemies":"Cultist","floor":1,"turns":5},{"damage":1,"enemies":"Small Slimes","floor":2,"turns":5},{"damage":0,"enemies":"2 Louse","floor":5,"turns":3},{"damage":30,"enemies":"Lagavulin","floor":7,"turns":11},{"damage":10,"enemies":"2 Fungi Beasts","floor":11,"turns":5},{"damage":23,"enemies":"Large Slime","floor":12,"turns":10},{"damage":20,"enemies":"Exordium Thugs","floor":14,"turns":5},{"damage":0,"enemies":"Fading Forest","floor":16,"turns":1}],"seed_played":"694994473033815764","potions_obtained":[{"floor":5,"key":"Venom Potion"},{"floor":12,"key":"blueLaboratory:PyrophylliteBrew"},{"floor":14,"key":"BlessingOfTheForge"}],"is_trial":false,"path_per_floor":["M","M","T","?","M","R","E","R","T","$","M","M","R","M","R","B"],"character_chosen":"THE_SENSHI","items_purchased":["theSenshi:MoonCosmicPowerMakeUp","theSenshi:SailorV","theSenshi:Sidestep"],"campfire_rested":2,"item_purchase_floors":[10,10,10],"current_hp_per_floor":[82,81,81,81,81,81,51,51,51,51,41,18,42,22,46,46,46],"gold":20,"neow_bonus":"TEN_PERCENT_HP_BONUS","is_daily":false,"chose_seed":false,"campfire_upgraded":2,"win_rate":0.0,"timestamp":1611183234,"path_taken":["M","M","?","?","M","R","E","R","T","$","M","M","R","M","R","BOSS"],"items_purchased_type":["Card","Card","Card"],"build_version":"2020-12-22","purchased_purges":0,"victory":false,"max_hp_per_floor":[82,82,82,82,82,82,82,82,82,82,82,82,82,82,82,82,82],"card_choices":[{"not_picked":["theSenshi:SailorChibiMoonAssists","theSenshi:SailorStarMakerAssists"],"picked":"theSenshi:SailorStarFighterAssists","floor":1},{"not_picked":["theSenshi:LunaWiseMentor","theSenshi:LateForSchool"],"picked":"theSenshi:MoonsReflection","floor":2},{"not_picked":["theSenshi:HesSoDreamy","theSenshi:EncouragingSpeech"],"picked":"theSenshi:SailorPlanetPower","floor":5},{"not_picked":["theSenshi:SailorCosmosAssists","theSenshi:LunasBite"],"picked":"theSenshi:CrisisMakeUp","floor":7},{"not_picked":["theSenshi:MoonPower","theSenshi:SupersonicWaves"],"picked":"theSenshi:TuxedoMaskAssists","floor":11},{"not_picked":["theSenshi:YouCanTalk","theSenshi:MoonKick"],"picked":"theSenshi:EncouragingSpeech","floor":12},{"not_picked":["theSenshi:SchoolBag","theSenshi:DramaticEntrance","theSenshi:HesSoDreamy"],"picked":"SKIP","floor":14}],"player_experience":111812,"relics_obtained":[{"floor":3,"key":"theSenshi:CrescentMoonWandRelic"},{"floor":7,"key":"Chameleon Ring"},{"floor":9,"key":"theSenshi:CrisisMoonCompactRelic"}],"event_choices":[],"is_beta":false,"boss_relics":[],"items_purged_floors":[],"is_endless":false,"potions_floor_spawned":[5,12,14],"killed_by":"Fading Forest","ascension_level":0}}