{"host":"drkpql2ocxl3f5d4","time":1611165019,"event":{"mods":["BaseMod","Colored Map","Downfall","Energized Spire","Friendly Minions","Googly Eyes","Infinite Spire","Minty Spire (QoL Compilation)","StSLib"],"gold_per_floor":[99,114,128,128,141,11,11,11,46,158,188,218,155,187,212,326,338,338,338,338,338,338,338,338,338,338,338,338,338,338,338,338,338,338,338,338,338,338,338,97,97,97,113,113,147,496,46,46,66,66],"floor_reached":51,"language":"ENG","playtime":2989,"items_purged":["hexamod:Strike","hexamod:Defend","downfall:Malfunctioning"],"score":735,"play_id":"d37c174d-48a7-42ed-9fce-85853e727f98","local_time":"20210120185019","is_ascension_mode":false,"campfire_choices":[{"data":"expansioncontent:DefensiveStance","floor":1.0,"key":"SMITH"},{"data":"hexamod:Firestarter","floor":8.0,"key":"SMITH"},{"data":"hexamod:EtherealExpedition","floor":13.0,"key":"SMITH"},{"data":"hexamod:ParanormalForm","floor":18.0,"key":"SMITH"},{"floor":25.0,"key":"RECALL"},{"floor":30.0,"key":"REST"},{"data":"infinitespire:NeuralNetwork","floor":35.0,"key":"SMITH"}],"circlet_count":1,"master_deck":["hexamod:Strike","hexamod:Strike","hexamod:Strike","hexamod:Defend","hexamod:Defend","hexamod:Sear","hexamod:Float","Madness+1","hexamod:SpectersWail","hexamod:FastForward+1","hexamod:EtherealExpedition+1","hexamod:Firestarter+1","hexamod:FlamesFromBeyond","hexamod:SwordOfDarkness","hexamod:EmpoweredFlame","hexamod:UnlimitedPower","hexamod:GhostLash","hexamod:AdvancingGuard","hexamod:ParanormalForm+1","hexamod:AdvancingGuard+1","infinitespire:NeuralNetwork","infinitespire:NeuralNetwork+1","hexamod:FlamesFromBeyond","Necronomicurse","hexamod:InspiringFlames+1","hexamod:HauntingEcho+1","hexamod:UnlimitedPower","hexamod:SpectersWail","hexamod:PowerFromBeyond","expansioncontent:DashGenerateEvil+1","hexamod:SwordOfDarkness","CurseOfTheBell","hexamod:SkipABeat+1","expansioncontent:StudyTheSpire","hexamod:SpectersWail"],"relics":["hexamod:SpiritBrand","MawBank","downfall:HeartBlessingBlue","Circlet","Busted Crown","hexamod:InflammatoryLetter","Oddly Smooth Stone","Necronomicon","downfall:HeartBlessingRed","SlaversCollar","infinitespire:Eraser","Calling Bell","infinitespire:Satchel","White Beast Statue","hexamod:SoulConsumer","Vajra","Old Coin","Sling","Ginger"],"acts_visited":["Exordium","TheCity","TheBeyond"],"potions_floor_usage":[49,50],"damage_taken":[{"damage":0.0,"enemies":"2 Louse","floor":2.0,"turns":3.0},{"damage":0.0,"enemies":"Cultist","floor":3.0,"turns":3.0},{"damage":0.0,"enemies":"Small Slimes","floor":5.0,"turns":3.0},{"damage":0.0,"enemies":"downfall:FleeingMerchant","floor":6.0,"turns":4.0},{"damage":2.0,"enemies":"3 Sentries","floor":9.0,"turns":5.0},{"damage":9.0,"enemies":"Exordium Thugs","floor":11.0,"turns":3.0},{"damage":5.0,"enemies":"Gremlin Gang","floor":12.0,"turns":5.0},{"damage":0.0,"enemies":"Exordium Wildlife","floor":14.0,"turns":5.0},{"damage":0.0,"enemies":"Exordium Thugs","floor":15.0,"turns":3.0},{"damage":7.0,"enemies":"downfall:Watcher","floor":16.0,"turns":9.0},{"damage":5.0,"enemies":"3 Byrds","floor":19.0,"turns":4.0},{"damage":5.0,"enemies":"Snake Plant","floor":22.0,"turns":4.0},{"damage":0.0,"enemies":"Chosen and Byrds","floor":23.0,"turns":6.0},{"damage":0.0,"enemies":"Cultist and Chosen","floor":28.0,"turns":4.0},{"damage":0.0,"enemies":"Shelled Parasite and Fungi","floor":29.0,"turns":4.0},{"damage":0.0,"enemies":"3 Cultists","floor":31.0,"turns":4.0},{"damage":1.0,"enemies":"Cultist and Chosen","floor":32.0,"turns":4.0},{"damage":10.0,"enemies":"downfall:Silent","floor":33.0,"turns":6.0},{"damage":4.0,"enemies":"Orb Walker","floor":36.0,"turns":3.0},{"damage":9.0,"enemies":"3 Darklings","floor":37.0,"turns":4.0},{"damage":3.0,"enemies":"Jaw Worm Horde","floor":38.0,"turns":4.0},{"damage":0.0,"enemies":"Transient","floor":39.0,"turns":5.0},{"damage":0.0,"enemies":"downfall:FleeingMerchant","floor":40.0,"turns":4.0},{"damage":4,"enemies":"Maw","floor":43,"turns":5},{"damage":0,"enemies":"Nemesis","floor":45,"turns":5},{"damage":0,"enemies":"2 Orb Walkers","floor":46,"turns":3},{"damage":0,"enemies":"downfall:FleeingMerchant","floor":47,"turns":3},{"damage":18,"enemies":"Sphere and 2 Shapes","floor":49,"turns":4},{"damage":30,"enemies":"DF_ARCHETYPE_ORBS","floor":50,"turns":5}],"seed_played":"3613133438853433776","potions_obtained":[{"floor":2.0,"key":"hexamod:EctoCoolerPotion"},{"floor":5.0,"key":"Ancient Potion"},{"floor":11.0,"key":"LiquidMemories"},{"floor":14.0,"key":"Explosive Potion"},{"floor":15.0,"key":"BlessingOfTheForge"},{"floor":16.0,"key":"Block Potion"},{"floor":22.0,"key":"Fire Potion"},{"floor":28.0,"key":"sneckomod:MuddlingPotion"},{"floor":29.0,"key":"ColorlessPotion"},{"floor":33.0,"key":"hexamod:InfernoChargePotion"},{"floor":38.0,"key":"champ:CounterPotion"},{"floor":45,"key":"DistilledChaos"},{"floor":46,"key":"SkillPotion"},{"floor":49,"key":"GamblersBrew"}],"is_trial":false,"path_per_floor":["R","M","M","?","M","$","T","R","E","?","M","M","R","M","M","B",null,"R","M","AVR","?","M","M","T","R","?","?","M","M","R","M","M","B",null,"R","M","M","M","M","$","T","?","M","?","E","?","$","?","M","B",null],"character_chosen":"THE_SPIRIT","items_purchased":["hexamod:FlamesFromBeyond","expansioncontent:DashGenerateEvil","Energy Potion","expansioncontent:StudyTheSpire","Sling","Ginger","hexamod:SpectersWail"],"campfire_rested":1,"item_purchase_floors":[6,40,40,47,47,47,47],"current_hp_per_floor":[70,70,70,70,70,70,70,70,68,68,59,54,64,64,64,57,80,80,75,75,55,50,50,50,50,50,34,34,34,58,58,57,47,80,80,76,67,64,64,64,64,64,60,60,64,64,68,68,54,38],"gold":66,"neow_bonus":"RANDOM_COLORLESS","is_daily":false,"chose_seed":false,"campfire_upgraded":5,"win_rate":0.0,"timestamp":1611165019,"path_taken":["R","M","M","?","?","$","T","R","E","?","?","M","R","?","M","BOSS","R","M","AVR","?","M","M","T","R","?","?","M","M","R","?","M","BOSS","R","M","M","M","M","$","T","?","M","?","E","?","$","?","M","BOSS"],"items_purchased_type":["Card","Card","Potion","Card","Relic","Relic","Card"],"build_version":"2020-12-22","purchased_purges":3,"victory":true,"max_hp_per_floor":[70,70,70,70,70,70,70,70,70,70,70,70,80,80,80,80,80,80,80,80,80,80,80,80,80,80,80,80,80,80,80,80,80,80,80,80,80,80,80,80,80,80,80,80,80,80,80,80,80,80],"card_choices":[{"not_picked":["expansioncontent:Chronoboost","expansioncontent:SlimeTackle"],"picked":"expansioncontent:DefensiveStance","floor":0.0},{"not_picked":["hexamod:RecurringNightmare","hexamod:PhantomFireball"],"picked":"hexamod:SpectersWail","floor":2.0},{"not_picked":["hexamod:Incineration","hexamod:GhostShield"],"picked":"hexamod:FastForward","floor":3.0},{"not_picked":["hexamod:SecondSeal","hexamod:NightmareStrike"],"picked":"hexamod:EtherealExpedition","floor":5.0},{"not_picked":["hexamod:RainOfEmbers","hexamod:AdvancingGuard"],"picked":"hexamod:Firestarter","floor":6.0},{"not_picked":["hexamod:Hexaguard","hexamod:ShieldOfDarkness"],"picked":"hexamod:SwordOfDarkness","floor":9.0},{"not_picked":["hexamod:RainOfEmbers","hexamod:BurningTouch"],"picked":"hexamod:EmpoweredFlame","floor":11.0},{"not_picked":["hexamod:NecessarySacrifice","hexamod:FastForward"],"picked":"hexamod:UnlimitedPower","floor":12.0},{"not_picked":["hexamod:ShieldOfDarkness","hexamod:GhostShield"],"picked":"hexamod:GhostLash","floor":14.0},{"not_picked":["hexamod:RainOfEmbers","hexamod:GhostOfSpirePresent"],"picked":"hexamod:AdvancingGuard","floor":15.0},{"not_picked":["hexamod:CrushingStance","hexamod:SixthSeal"],"picked":"hexamod:ParanormalForm","floor":16.0},{"not_picked":["hexamod:ShieldOfDarkness","hexamod:ThermalTransfer"],"picked":"hexamod:AdvancingGuard+1","floor":19.0},{"not_picked":["infinitespire:Punishment","infinitespire:Starlight"],"picked":"infinitespire:NeuralNetwork","floor":21.0},{"not_picked":[],"picked":"hexamod:FlamesFromBeyond","floor":22.0},{"not_picked":["hexamod:SecondSeal"],"picked":"SKIP","floor":23.0},{"not_picked":["hexamod:HeatMetal"],"picked":"SKIP","floor":28.0},{"not_picked":[],"picked":"hexamod:InspiringFlames+1","floor":29.0},{"not_picked":["hexamod:BurningTouch"],"picked":"SKIP","floor":31.0},{"not_picked":[],"picked":"hexamod:HauntingEcho+1","floor":32.0},{"not_picked":[],"picked":"hexamod:UnlimitedPower","floor":33.0},{"not_picked":[],"picked":"hexamod:SpectersWail","floor":36.0},{"not_picked":[],"picked":"hexamod:PowerFromBeyond","floor":37.0},{"not_picked":["hexamod:SecondSeal"],"picked":"SKIP","floor":38.0},{"not_picked":["hexamod:NecessarySacrifice"],"picked":"SKIP","floor":39.0},{"not_picked":["hexamod:BurningTouch+1"],"picked":"SKIP","floor":40.0},{"not_picked":[],"picked":"hexamod:SwordOfDarkness","floor":43},{"not_picked":[],"picked":"hexamod:SkipABeat+1","floor":45},{"not_picked":["hexamod:NightmareGuise"],"picked":"SKIP","floor":47},{"not_picked":["hexamod:ThermalTransfer"],"picked":"SKIP","floor":49}],"player_experience":666105,"relics_obtained":[{"floor":9.0,"key":"MawBank"},{"floor":24.0,"key":"Oddly Smooth Stone"},{"floor":27.0,"key":"Necronomicon"},{"floor":41,"key":"infinitespire:Eraser"},{"floor":44,"key":"infinitespire:Satchel"},{"floor":44,"key":"White Beast Statue"},{"floor":44,"key":"hexamod:SoulConsumer"},{"floor":45,"key":"Vajra"},{"floor":46,"key":"Old Coin"}],"event_choices":[{"damage_healed":0.0,"max_hp_gain":0.0,"max_hp_loss":0.0,"gold_gain":0.0,"event_name":"Upgrade Shrine","player_choice":"Upgraded","floor":4.0,"gold_loss":0.0,"damage_taken":0.0,"cards_upgraded":["hexamod:FastForward"]},{"damage_healed":0,"gold_gain":0,"player_choice":"Fight","damage_taken":0,"max_hp_gain":0,"max_hp_loss":0,"event_name":"Mysterious Sphere","floor":46,"gold_loss":0},{"damage_healed":0,"gold_gain":0,"player_choice":"Forge","damage_taken":0,"max_hp_gain":0,"max_hp_loss":0,"event_name":"Accursed Blacksmith","floor":48,"gold_loss":0,"cards_upgraded":["expansioncontent:DashGenerateEvil"]}],"is_beta":false,"boss_relics":[{"not_picked":["Runic Dome","Sozu"],"picked":"downfall:Hecktoplasm"},{"not_picked":["Tiny House","Velvet Choker"],"picked":"SlaversCollar"}],"items_purged_floors":[6,20,47],"is_endless":false,"potions_floor_spawned":[2,5,11,14,15,16,22,28,29,33,38,43,45,46,47,49],"ascension_level":0}}