{"host":"4lxzgdqpvzyot39g","time":1611178088,"event":{"mods":["100% Spire Juice","Abigail Mod","Act Like it!","Aspiration","BaseMod","Beaked The Cultist","Better Altar","Better Match","Better Note","Better Sensory Stone","Better Skull","Better Third Choice","CCEM","Colored Map","Colored Powertips","Conspire","Dark Map","Displayed Cursed Tome","Dota2Spire","Energized Spire","Fox Events","Friendly Minions","Gensokyo","GifTheSpireLib","Halation","Hallownest","Hermit","Highlight Path","HololiveMod","Hubris","Infinite Spire","Jedi Mod","JesterMod","Mari Mod (Legacy)","Mari\u0027s V1 Patch","MarisaÅiñ∂âJÅ@ñÇóùçπÅj","Minty Spire (QoL Compilation)","Prisma Mod","Quarter Circle Forward PUNCH!","Relic Filter","Replay The Spire","Robot Space Explorer","SCP261 Mod","Small Relic Pack","Spicy Shops","Spikes Relics","Spire Arcade","StS++","StSLib","Stuff the Spire","The Alterego","The Blue Laboratory","The Bug Knight","The Cursed","The Fake Hero","The Marked","The Servant 0.9.4","The Wild Card","Trackpad","Waifu the Spire","WarShipGirlsR/??è≠èóR mod","vexMod","Åy?ï®?îvÅzREMEMod"],"gold_per_floor":[79,89,101,101,121,164,49,49,72,100,111,111,111,142,142,218,218,229,247,247,58,58,92,110,135,135,135,145,171,185,185,185,272,272,294,294,294,308,82,213,213,247,273,292,292,325,337,337,337,388,388,388,103,154,168],"floor_reached":56,"language":"ENG","playtime":5258,"items_purged":["Hololive_Strike","Hololive_OvertimeWork","Forethought","Hololive_Defend"],"score":2814,"play_id":"650a2e77-91b6-414b-b252-e20ea38bb34a","local_time":"20210120162808","is_ascension_mode":true,"campfire_choices":[{"data":"Hololive_CallOzoraSubaru","floor":12.0,"key":"SMITH"},{"data":"Hololive_CallOkamiMio","floor":15.0,"key":"SMITH"},{"floor":32.0,"key":"RECALL"},{"data":"Hololive_CallTsunomakiWatame","floor":41,"key":"SMITH"},{"data":"Hololive_CallTokinoSora","floor":45,"key":"SMITH"},{"data":"Hololive_Defend","floor":49,"key":"PURGE"},{"data":"Hololive_CallHoshimachiSuisei","floor":52,"key":"SMITH"}],"circlet_count":0,"master_deck":["AscendersBane","Hololive_CallShirakamiFubuki","Hololive_CallRosalyn","Hololive_CallKiryuuCoco","Hololive_CallYogiri","Hololive_CallMurasakiShion","Hololive_CallTsunomakiWatame+1","Hololive_CallOzoraSubaru+1","Hololive_FlyingPonyTail","Hololive_FlyingPonyTail","Hololive_CallUsadaPekora","Hololive_CallOkamiMio+1","Hololive_CallShiranuiFlare","Hololive_Yoholoon","Hololive_DurableLive","Hololive_CallFriendA","Hololive_CallOmaruPolka","Hololive_CallAkiRosenthal","StuffTheSpire:BrainWave","Hololive_Spy","Hololive_CallHoshimachiSuisei+1","Hololive_CallMomosuzuNene+13","Hololive_CallSakuraMiko","Hololive_DurableLive","Hololive_CallMoonaHoshinova+1","Hololive_CallNekomataOkayu","Hololive_CallHoushouMarine","Hololive_FlyingPonyTail","Hololive_CallTokinoSora+1","Hololive_CallNatsuiroMatsuri+1","Hololive_Spy","Hololive_CallYuzukiChoco","Hololive_CallNatsuiroMatsuri","Hololive_FlyingPonyTail","Hololive_CallShishiroBotan+1"],"relics":["Hololive_TheStar","REME_ComplimentaryCards","infinitespire:Joker Card","StuffTheSpire:Tea","Replay:Bottled Steam","hubris:RunicObelisk","hubris:PeanutButter","Happy Flower","trackpad:AdjectivePendant","Replay:WaspNest","energizedSpire:EnergizedDie","StSpp:BrokenTotem","trackpad:ByrdCharm","Simple Rune","Unceasing Top","conspire:TopHat"],"acts_visited":["Exordium","Gensokyo:Gensokyoer","Hallownest:KingdomsEdge","TheEnding"],"potions_floor_usage":[54],"damage_taken":[{"damage":1.0,"enemies":"Jaw Worm","floor":1.0,"turns":5.0},{"damage":5.0,"enemies":"Small Slimes","floor":2.0,"turns":5.0},{"damage":0.0,"enemies":"Cultist","floor":3.0,"turns":3.0},{"damage":0.0,"enemies":"Large Slime","floor":5.0,"turns":5.0},{"damage":0.0,"enemies":"3 Sentries","floor":6.0,"turns":8.0},{"damage":0.0,"enemies":"Lagavulin","floor":10.0,"turns":6.0},{"damage":0.0,"enemies":"Blue Slaver","floor":11.0,"turns":3.0},{"damage":0.0,"enemies":"Gremlin Nob","floor":14.0,"turns":4.0},{"damage":0.0,"enemies":"Fading Forest","floor":16.0,"turns":11.0},{"damage":0.0,"enemies":"Gensokyo:Chomper","floor":18.0,"turns":3.0},{"damage":0.0,"enemies":"Gensokyo:3_Dogs","floor":19.0,"turns":9.0},{"damage":0.0,"enemies":"Gensokyo:Reisen","floor":23.0,"turns":6.0},{"damage":23.0,"enemies":"Gensokyo:Swordslinger","floor":24.0,"turns":5.0},{"damage":0.0,"enemies":"Gensokyo:Koishi","floor":25.0,"turns":6.0},{"damage":0.0,"enemies":"Gensokyo:Slime_Group","floor":28.0,"turns":5.0},{"damage":0.0,"enemies":"Gensokyo:Tenshi","floor":29.0,"turns":5.0},{"damage":0.0,"enemies":"Gensokyo:Monolith_and_Dog","floor":30.0,"turns":6.0},{"damage":0.0,"enemies":"Gensokyo:Eiki","floor":33.0,"turns":12.0},{"damage":0,"enemies":"Hallownest:Shield_Heavy","floor":35,"turns":6},{"damage":0,"enemies":"Hallownest:2_Littles","floor":36,"turns":9},{"damage":0,"enemies":"Hallownest:Xero_Hu_Marmu","floor":37,"turns":13},{"damage":0,"enemies":"Hallownest:2_Wing_and_1_Kings","floor":38,"turns":6},{"damage":0,"enemies":"Hallownest:2_Soldiers_and_1_Guardian","floor":40,"turns":18},{"damage":0,"enemies":"Hallownest:StalkingDevout","floor":42,"turns":5},{"damage":0,"enemies":"Hallownest:Shield_Sturdy","floor":44,"turns":7},{"damage":0,"enemies":"Hallownest:eliteCollector","floor":46,"turns":8},{"damage":0,"enemies":"Hallownest:2_Wing_and_1_Kings","floor":47,"turns":5},{"damage":0,"enemies":"Hallownest:Radiance","floor":50,"turns":9},{"damage":0,"enemies":"Shield and Spear","floor":54,"turns":7},{"damage":0,"enemies":"The Heart","floor":55,"turns":8}],"seed_played":"-5048266313829209507","potions_obtained":[{"floor":2.0,"key":"Explosive Potion"},{"floor":6.0,"key":"blueLaboratory:FrostheartPotion"},{"floor":11.0,"key":"SteroidPotion"},{"floor":14.0,"key":"Fire Potion"},{"floor":16.0,"key":"Weak Potion"},{"floor":25.0,"key":"blueLaboratory:FruitPreserves"},{"floor":33.0,"key":"Dexterity Potion"},{"floor":35,"key":"blueLaboratory:FrostheartPotion"},{"floor":46,"key":"StSpp:SecondWindPotion"},{"floor":54,"key":"SpeedPotion"}],"is_trial":false,"path_per_floor":["M","M","M","?","M","E","$","?","T","E","M","R","?","E","R","B",null,"M","M","?","$","?","E","M","E","T","?","M","E","M","AVR","R","B",null,"M","M","M","M","$","M","R","E","T","M","R","E","M","?","R_BF","B",null,"R","$","E","B",null],"character_chosen":"Hololive_HololiveCharacter","items_purchased":["Hololive_CallOkamiMio","Hololive_Spy","Hololive_CallHoushouMarine","StSpp:BrokenTotem","Hololive_FlyingPonyTail","Hololive_CallNatsuiroMatsuri","Hololive_FlyingPonyTail"],"campfire_rested":0,"item_purchase_floors":[7,21,39,39,39,53,53],"current_hp_per_floor":[26,21,21,21,21,21,21,21,21,21,21,21,21,21,21,21,28,30,30,30,30,30,30,7,15,15,17,17,17,17,17,17,17,27,27,27,27,27,27,27,27,27,27,27,27,27,27,30,30,30,30,30,30,30,30],"gold":168,"neow_bonus":"RANDOM_EVENT","is_daily":false,"chose_seed":false,"campfire_upgraded":5,"win_rate":0.0,"timestamp":1611178088,"path_taken":["M","M","M","?","M","E","$","?","T","E","?","R","?","E","R","BOSS","M","M","?","$","?","E","M","E","T","?","M","E","M","AVR","R","BOSS","M","M","M","?","$","M","R","E","T","M","R","E","M","?","R_BF","BOSS","R","$","E","BOSS"],"items_purchased_type":["Card","Card","Card","Relic","Card","Card","Card"],"build_version":"2020-12-22","purchased_purges":4,"victory":true,"max_hp_per_floor":[30,30,30,30,30,30,30,30,30,30,30,30,30,30,30,30,30,30,30,30,30,30,30,30,30,30,30,30,30,30,30,30,30,30,30,30,30,30,30,30,30,30,30,30,30,30,30,30,30,30,30,30,30,30,30],"card_choices":[{"not_picked":["Hololive_CallAmaneKanata","Hololive_LuckPotion","Hololive_RevenueBasedLive"],"picked":"Hololive_CallOzoraSubaru","floor":1.0},{"not_picked":["Hololive_Drill","Hololive_CocoNews","Hololive_ILoveYou"],"picked":"Hololive_FlyingPonyTail","floor":2.0},{"not_picked":["Hololive_CallAiraniIofifteen","Hololive_CocoNews","Hololive_Breathe"],"picked":"Hololive_FlyingPonyTail","floor":3.0},{"not_picked":["Hololive_SummonFox","Hololive_RevenueBasedLive","Hololive_Drill"],"picked":"Hololive_CallUsadaPekora","floor":5.0},{"not_picked":["Hololive_OvertimeWork","Hololive_StrengthChampion","Hololive_Sequa","Hololive_CallMurasakiShion"],"picked":"SKIP","floor":6.0},{"not_picked":["Hololive_Psychosis","Hololive_CallAiraniIofifteen","Hololive_CallYukihanaLamy"],"picked":"Hololive_Yoholoon","floor":10.0},{"not_picked":["Hololive_ILoveYou","Hololive_HuntDinosaur","Hololive_CallHimemoriLuna"],"picked":"Hololive_DurableLive","floor":11.0},{"not_picked":["Hololive_HuntDinosaur","Hololive_Breathe","Hololive_Rebound"],"picked":"Hololive_CallFriendA","floor":14.0},{"not_picked":["Hololive_Psychosis","Hololive_CocoNews","Hololive_OvertimeWork"],"picked":"Hololive_CallOmaruPolka","floor":18.0},{"not_picked":["Hololive_RevenueBasedLive","Hololive_LuckPotion","Hololive_Trident"],"picked":"Hololive_CallAkiRosenthal","floor":19.0},{"not_picked":["StuffTheSpire:Innocence","StuffTheSpire:Brawn"],"picked":"StuffTheSpire:BrainWave","floor":20.0},{"not_picked":["Dark Shackles","Dramatic Entrance","PlatinumSkin"],"picked":"Forethought","floor":22.0},{"not_picked":["Hololive_CallYuzukiChoco+1","Hololive_StrengthChampion","Hololive_BeCareful"],"picked":"Hololive_CallHoshimachiSuisei","floor":23.0},{"not_picked":["Hololive_ManjiGathering","Hololive_HuntDinosaur","Hololive_OvertimeWork"],"picked":"Hololive_CallMomosuzuNene","floor":24.0},{"not_picked":["Hololive_Breathe","Hololive_CallKiryuuCoco","Hololive_Drill","Hololive_LuckPotion"],"picked":"SKIP","floor":25.0},{"not_picked":["Hololive_RevenueBasedLive","Hololive_Sequa","Hololive_CallKiryuuCoco","Hololive_Breathe+1"],"picked":"SKIP","floor":28.0},{"not_picked":["Hololive_Sequa","Hololive_StrengthChampion","Hololive_Trident","Hololive_Breathe"],"picked":"SKIP","floor":29.0},{"not_picked":["Hololive_Rebound","Hololive_Breathe","Hololive_CallMoonaHoshinova"],"picked":"Hololive_CallSakuraMiko","floor":30.0},{"not_picked":["Hololive_DDD","Hololive_ASMR","Hololive_HighAtkLowDef"],"picked":"Hololive_DurableLive","floor":33.0},{"not_picked":["Hololive_StrengthChampion","Hololive_Drill","Hololive_Sequa"],"picked":"Hololive_CallMoonaHoshinova+1","floor":35},{"not_picked":["Hololive_SummonFox","Hololive_CallAyundaRisu","Hololive_CocoNews+1"],"picked":"Hololive_CallNekomataOkayu","floor":36},{"not_picked":["Hololive_CallMomosuzuNene","Hololive_CallShirakamiFubuki","Hololive_StrengthChampion","Hololive_RevenueBasedLive+1"],"picked":"SKIP","floor":37},{"not_picked":["Hololive_Drill","Hololive_Psychosis","Hololive_StarCraft","Hololive_CallShirakamiFubuki"],"picked":"SKIP","floor":38},{"not_picked":["Hololive_LuckPotion","Hololive_Trident","Hololive_OvertimeWork","Hololive_CocoNews"],"picked":"SKIP","floor":40},{"not_picked":["Hololive_CallShirakamiFubuki+1","Hololive_Spy","Hololive_Drill"],"picked":"Hololive_CallTokinoSora","floor":42},{"not_picked":["Hololive_HuntDinosaur","Hololive_ILoveYou+1","Hololive_CallMurasakiShion"],"picked":"Hololive_CallNatsuiroMatsuri+1","floor":44},{"not_picked":["Hololive_StrengthChampion+1","Hololive_OvertimeWork","Hololive_CallUruhaRushia"],"picked":"Hololive_Spy","floor":46},{"not_picked":["Hololive_Drill","Hololive_DDD","Hololive_Breathe"],"picked":"Hololive_CallYuzukiChoco","floor":47},{"not_picked":["Hololive_Psychosis","Hololive_Sequa","Hololive_FlyingPonyTail+1"],"picked":"Hololive_CallShishiroBotan+1","floor":54}],"player_experience":1105055,"relics_obtained":[{"floor":6.0,"key":"infinitespire:Joker Card"},{"floor":9.0,"key":"MiniBlackHole"},{"floor":10.0,"key":"StuffTheSpire:Tea"},{"floor":14.0,"key":"Replay:Bottled Steam"},{"floor":23.0,"key":"hubris:PeanutButter"},{"floor":25.0,"key":"Happy Flower"},{"floor":29.0,"key":"trackpad:AdjectivePendant"},{"floor":42,"key":"trackpad:ByrdCharm"},{"floor":43,"key":"Simple Rune"},{"floor":46,"key":"Unceasing Top"},{"floor":54,"key":"conspire:TopHat"}],"event_choices":[{"damage_healed":0.0,"max_hp_gain":0.0,"max_hp_loss":0.0,"gold_gain":0.0,"cards_transformed":["Hololive_Strike"],"event_name":"Transmorgrifier","player_choice":"Transformed","floor":8.0,"gold_loss":0.0,"damage_taken":0.0,"cards_obtained":["Hololive_CallShiranuiFlare"]},{"damage_healed":0.0,"max_hp_gain":0.0,"max_hp_loss":0.0,"gold_gain":2.0,"event_name":"betterStone:BetterStone","player_choice":"1","floor":22.0,"gold_loss":0.0,"damage_taken":0.0}],"is_beta":false,"boss_relics":[{"not_picked":["Honey Jar","halation:Yufonium"],"picked":"hubris:RunicObelisk"},{"not_picked":["hubris:GrandSneckoEye","vexMod:BigBerry"],"picked":"energizedSpire:EnergizedDie"}],"items_purged_floors":[7,21,31,53],"is_endless":false,"potions_floor_spawned":[2,6,11,14,16,18,23,25,33,35,38,40,44,46,47,54],"ascension_level":17}}