{"host":"bg8va46pgqgvtzim","time":1611130241,"event":{"mods":["BaseMod","Minty Spire (QoL Compilation)","Quick Restart","StSLib","SuperFastMode"],"gold_per_floor":[110,124,139,156,156,168,168,201,201,213,213,240,253,273,273,369,369,386,386,311,327,340,370,370,395,418,448,448,94,110,142,142,242,242,253,268,218,228,248,248,274,374,446,479,495,495,530,541,541,541,541,541,10,38,38],"floor_reached":56,"language":"ZHS","playtime":1992,"items_purged":["Defend_B","Strike_B+1","Cold Snap+1"],"score":1488,"play_id":"8d3c9762-5c0d-49ed-9f7f-41156e465a62","local_time":"20210120161041","is_ascension_mode":true,"campfire_choices":[{"data":"Recycle","floor":7.0,"key":"SMITH"},{"data":"Defragment","floor":11.0,"key":"SMITH"},{"data":"Zap","floor":15.0,"key":"SMITH"},{"data":"Dualcast","floor":24.0,"key":"SMITH"},{"data":"Turbo","floor":32.0,"key":"SMITH"},{"floor":40,"key":"RECALL"},{"floor":49,"key":"REST"},{"floor":52,"key":"REST"}],"circlet_count":0,"master_deck":["Defend_B","Defend_B","Defend_B","Zap+1","Dualcast+1","Heatsinks","Glacier","Recycle+1","Defragment+1","Turbo+1","Gash","All For One","Gash","Hologram","Impatience+1","Fission+1","Beam Cell+1","White Noise+1","Coolheaded+1","Heatsinks","Dark Shackles+1","Secret Weapon+1","Skim+1"],"relics":["Cracked Core","Whetstone","InkBottle","Bottled Lightning","Runic Pyramid","Pear","Meat on the Bone","Omamori","Kunai","Membership Card","Toxic Egg 2","Question Card","Fusion Hammer","Emotion Chip","Nunchaku","Prayer Wheel","DataDisk","Runic Capacitor","Mercury Hourglass","Strawberry"],"acts_visited":["Exordium","TheCity","TheBeyond","TheEnding"],"potions_floor_usage":[39,45,55,55],"damage_taken":[{"damage":2.0,"enemies":"Jaw Worm","floor":1.0,"turns":4.0},{"damage":10.0,"enemies":"Small Slimes","floor":2.0,"turns":4.0},{"damage":0.0,"enemies":"Cultist","floor":3.0,"turns":3.0},{"damage":4.0,"enemies":"Lots of Slimes","floor":4.0,"turns":7.0},{"damage":0.0,"enemies":"3 Louse","floor":6.0,"turns":4.0},{"damage":36.0,"enemies":"Gremlin Nob","floor":8.0,"turns":6.0},{"damage":2.0,"enemies":"Gremlin Gang","floor":10.0,"turns":5.0},{"damage":0.0,"enemies":"Lagavulin","floor":12.0,"turns":10.0},{"damage":11.0,"enemies":"Large Slime","floor":13.0,"turns":6.0},{"damage":6.0,"enemies":"Looter","floor":14.0,"turns":2.0},{"damage":17.0,"enemies":"The Guardian","floor":16.0,"turns":13.0},{"damage":0.0,"enemies":"Spheric Guardian","floor":18.0,"turns":4.0},{"damage":0.0,"enemies":"Masked Bandits","floor":19.0,"turns":1.0},{"damage":0.0,"enemies":"Chosen","floor":21.0,"turns":4.0},{"damage":14.0,"enemies":"Snake Plant","floor":22.0,"turns":5.0},{"damage":7.0,"enemies":"Book of Stabbing","floor":23.0,"turns":6.0},{"damage":29.0,"enemies":"Slavers","floor":25.0,"turns":6.0},{"damage":12.0,"enemies":"Book of Stabbing","floor":27.0,"turns":4.0},{"damage":6.0,"enemies":"Centurion and Healer","floor":30.0,"turns":3.0},{"damage":14.0,"enemies":"Gremlin Leader","floor":31.0,"turns":4.0},{"damage":0.0,"enemies":"Automaton","floor":33.0,"turns":6.0},{"damage":7,"enemies":"3 Shapes","floor":35,"turns":2},{"damage":0,"enemies":"Orb Walker","floor":36,"turns":2},{"damage":5,"enemies":"Transient","floor":38,"turns":5},{"damage":0,"enemies":"4 Shapes","floor":39,"turns":6},{"damage":9,"enemies":"Nemesis","floor":41,"turns":3},{"damage":3,"enemies":"Giant Head","floor":44,"turns":2},{"damage":28,"enemies":"Jaw Worm Horde","floor":45,"turns":3},{"damage":15,"enemies":"Reptomancer","floor":47,"turns":6},{"damage":0,"enemies":"Transient","floor":48,"turns":5},{"damage":10,"enemies":"Awakened One","floor":50,"turns":5},{"damage":0,"enemies":"Shield and Spear","floor":54,"turns":2},{"damage":1,"enemies":"The Heart","floor":55,"turns":4}],"seed_played":"-699300513916854960","potions_obtained":[{"floor":1.0,"key":"Energy Potion"},{"floor":3.0,"key":"Strength Potion"},{"floor":12.0,"key":"FairyPotion"},{"floor":13.0,"key":"SteroidPotion"},{"floor":16.0,"key":"EntropicBrew"},{"floor":18.0,"key":"SmokeBomb"},{"floor":21.0,"key":"EntropicBrew"},{"floor":27.0,"key":"Regen Potion"},{"floor":30.0,"key":"Explosive Potion"},{"floor":35,"key":"DuplicationPotion"},{"floor":38,"key":"Block Potion"},{"floor":39,"key":"FairyPotion"},{"floor":47,"key":"Energy Potion"}],"is_trial":false,"path_per_floor":["M","M","M","M","?","M","R","E","T","M","R","E","M","M","R","B",null,"M","?","?","M","M","E","R","E","T","E","?","$","M","E","R","B",null,"M","M","$","M","M","R","E","?","T","E","M","?","E","M","R","B",null,"R","$","E","B",null],"character_chosen":"DEFECT","items_purchased":["Membership Card","Toxic Egg 2","Impatience+1","DataDisk","Coolheaded+1","Runic Capacitor","Mercury Hourglass","Heatsinks","Dark Shackles+1","Secret Weapon+1"],"campfire_rested":2,"item_purchase_floors":[29,29,29,53,53,53,53,53,53,53],"current_hp_per_floor":[66,56,56,52,52,52,52,16,16,14,14,14,3,20,20,3,68,68,68,68,68,54,57,57,28,28,28,28,28,34,32,32,44,78,71,71,71,66,66,66,57,57,57,54,47,47,44,44,67,57,78,78,78,85,84],"gold":38,"neow_bonus":"REMOVE_TWO","is_daily":false,"chose_seed":false,"campfire_upgraded":5,"win_rate":0.0,"timestamp":1611130241,"path_taken":["M","M","M","M","?","M","R","E","T","M","R","E","M","M","R","BOSS","BOSS","M","?","?","M","M","E","R","E","T","E","?","$","M","E","R","BOSS","M","M","$","M","M","R","E","?","T","E","?","?","E","?","R","BOSS","R","$","E","BOSS"],"items_purchased_type":["Relic","Relic","Card","Relic","Card","Relic","Relic","Card","Card","Card"],"build_version":"2020-12-22","purchased_purges":3,"victory":true,"max_hp_per_floor":[68,68,68,68,68,68,68,68,68,68,68,68,68,68,68,68,68,68,68,68,68,68,78,78,78,78,78,78,78,78,78,78,78,78,78,78,78,78,78,78,78,78,78,78,78,78,78,78,78,78,78,78,78,85,85],"card_choices":[{"not_picked":["Undo","Loop"],"picked":"Heatsinks","floor":1.0},{"not_picked":["Stack","Turbo"],"picked":"Cold Snap","floor":2.0},{"not_picked":["Self Repair","Beam Cell"],"picked":"Glacier","floor":3.0},{"not_picked":["Force Field","Reinforced Body"],"picked":"Recycle","floor":4.0},{"not_picked":["Sweeping Beam","Scrape","Steam"],"picked":"SKIP","floor":6.0},{"not_picked":["Turbo","Steam"],"picked":"Defragment","floor":8.0},{"not_picked":["Barrage","Beam Cell","Force Field"],"picked":"SKIP","floor":10.0},{"not_picked":["Blizzard","Reprogram"],"picked":"Turbo","floor":12.0},{"not_picked":["Conserve Battery","Rebound"],"picked":"Gash","floor":13.0},{"not_picked":["Reprogram","Beam Cell","Steam"],"picked":"SKIP","floor":14.0},{"not_picked":["Meteor Strike","Biased Cognition"],"picked":"All For One","floor":16.0},{"not_picked":["Conserve Battery","Stack"],"picked":"Gash","floor":18.0},{"not_picked":["Barrage","Darkness","Conserve Battery"],"picked":"SKIP","floor":21.0},{"not_picked":["Redo","Conserve Battery+1"],"picked":"Hologram","floor":22.0},{"not_picked":["Undo","Glacier","Consume+1"],"picked":"SKIP","floor":23.0},{"not_picked":["Hello World","Rebound","Ball Lightning"],"picked":"SKIP","floor":25.0},{"not_picked":["Turbo","Multi-Cast","Lockon+1"],"picked":"SKIP","floor":27.0},{"not_picked":["Redo+1","Leap+1","Hologram+1"],"picked":"SKIP","floor":30.0},{"not_picked":["Multi-Cast+1","Conserve Battery+1","Gash+1"],"picked":"SKIP","floor":31.0},{"not_picked":["Echo Form","Seek+1","Reboot+1"],"picked":"Fission+1","floor":33.0},{"not_picked":["Hologram+1","Cold Snap+1","Ball Lightning+1"],"picked":"Beam Cell+1","floor":35},{"not_picked":["Force Field+1","Beam Cell","Conserve Battery+1","Barrage+1"],"picked":"SKIP","floor":36},{"not_picked":["Stack+1","Turbo+1","Streamline","Rebound"],"picked":"SKIP","floor":38},{"not_picked":["Reinforced Body+1","Leap+1","Aggregate+1","Chill+1"],"picked":"SKIP","floor":39},{"not_picked":["Go for the Eyes","Rainbow+1","Compile Driver+1","Steam Power+1"],"picked":"SKIP","floor":41},{"not_picked":["Storm+1","Chaos+1","Redo+1"],"picked":"White Noise+1","floor":44},{"not_picked":["Undo+1","Ball Lightning+1","Rebound","Compile Driver"],"picked":"SKIP","floor":45},{"not_picked":["Chaos+1","Steam+1","Conserve Battery+1","Beam Cell+1"],"picked":"SKIP","floor":47},{"not_picked":["Conserve Battery+1","Capacitor","Redo+1","Sweeping Beam+1"],"picked":"SKIP","floor":48},{"not_picked":["Conserve Battery+1","Cold Snap+1","Streamline+1","Redo+1"],"picked":"SKIP","floor":48},{"not_picked":["Defragment","Ball Lightning","Hyperbeam"],"picked":"Skim+1","floor":54}],"player_experience":2279037,"relics_obtained":[{"floor":8.0,"key":"Whetstone"},{"floor":9.0,"key":"InkBottle"},{"floor":12.0,"key":"Bottled Lightning"},{"floor":23.0,"key":"Pear"},{"floor":25.0,"key":"Meat on the Bone"},{"floor":26.0,"key":"Omamori"},{"floor":27.0,"key":"Kunai"},{"floor":31.0,"key":"Question Card"},{"floor":41,"key":"Emotion Chip"},{"floor":44,"key":"Nunchaku"},{"floor":47,"key":"Prayer Wheel"},{"floor":54,"key":"Strawberry"}],"event_choices":[{"damage_healed":0.0,"max_hp_gain":0.0,"max_hp_loss":0.0,"gold_gain":0.0,"event_name":"Liars Game","player_choice":"Ignored","floor":5.0,"gold_loss":0.0,"damage_taken":0.0},{"damage_healed":0.0,"max_hp_gain":0.0,"max_hp_loss":0.0,"gold_gain":0.0,"event_name":"Masked Bandits","player_choice":"Fought Bandits","floor":19.0,"gold_loss":0.0,"damage_taken":0.0},{"cards_removed":["Strike_B"],"damage_healed":0.0,"max_hp_gain":0.0,"max_hp_loss":0.0,"gold_gain":0.0,"event_name":"Beggar","player_choice":"Gave Gold","floor":20.0,"gold_loss":75.0,"damage_taken":0.0},{"damage_healed":0.0,"max_hp_gain":0.0,"max_hp_loss":0.0,"gold_gain":0.0,"event_name":"N\u0027loth","player_choice":"Ignored","floor":28.0,"gold_loss":0.0,"damage_taken":0.0},{"damage_healed":0,"gold_gain":100,"player_choice":"Pray","damage_taken":0,"max_hp_gain":0,"max_hp_loss":0,"event_name":"Golden Shrine","floor":42,"gold_loss":0},{"damage_healed":0,"gold_gain":0,"player_choice":"Ignored","damage_taken":0,"max_hp_gain":0,"max_hp_loss":0,"event_name":"SecretPortal","floor":46,"gold_loss":0}],"is_beta":false,"boss_relics":[{"not_picked":["FrozenCore","Tiny House"],"picked":"Runic Pyramid"},{"not_picked":["Cursed Key","Pandora\u0027s Box"],"picked":"Fusion Hammer"}],"items_purged_floors":[29,37,53],"is_endless":false,"potions_floor_spawned":[1,3,12,13,16,18,21,27,30,35,38,39,44,47],"ascension_level":1}}