{"host":"kiczkwpc36uxnkg8","time":1611178622,"event":{"mods":["AchievementEnabler","Act Like it!","Aspiration","BaseMod","Better Note","Colored Powertips","Conspire","Defective Defect","Energized Spire","GifTheSpireLib","GungeonMod","Hermit","Hubris","Infinite Spire","Koishi","Marisa????????","Minty Spire (QoL Compilation)","Pale of the Ancients","Permanent Neow","Quick Restart","Relic Filter","Remilia??????","Replay The Spire","Spicy Shops","StSLib","Stuff the Spire","The Animator","The Bug Knight","The Kombatant","Uncapped","Wandering Minibosses"],"gold_per_floor":[18,18,18,18,32,68,68,68,123,123,123],"floor_reached":10,"language":"ENG","playtime":332,"items_purged":[],"score":80,"play_id":"f23e68da-d152-4da0-b739-3d87e71fffb3","local_time":"20210120213702","is_ascension_mode":true,"campfire_choices":[{"data":"DemoMod:Invincible","floor":7.0,"key":"SMITH"}],"circlet_count":0,"master_deck":["HollowMod:NailStrikeStart","HollowMod:NailStrikeStart","HollowMod:NailStrikeStart","HollowMod:NailStrikeStart","HollowMod:QuickDashStart","HollowMod:QuickDashStart","HollowMod:QuickDashStart","HollowMod:QuickDashStart","HollowMod:FocusHealStart","HollowMod:PogoStrike","DemoMod:Invincible+1","HollowMod:InfectionAssault","ReplayTheSpireMod:Faulty Equipment","HollowMod:PaleKingsBlessing"],"relics":["TheKombatant:Shinnoks2ndAmuletRelic","Golden Idol","Ring of Searing","Ring of Peace","Vajra","MealTicket","infinitespire:Cubic Diamond","aspiration:ChemicalBlood"],"acts_visited":["Exordium"],"potions_floor_usage":[],"damage_taken":[{"damage":11.0,"enemies":"Jaw Worm","floor":1.0,"turns":4.0},{"damage":10.0,"enemies":"2 Louse","floor":5.0,"turns":3.0},{"damage":48.0,"enemies":"Lagavulin","floor":6.0,"turns":8.0},{"damage":5,"enemies":"3 Sentries","floor":10,"turns":4}],"seed_played":"8302629911540958007","potions_obtained":[{"floor":1.0,"key":"GamblersBrew"},{"floor":5.0,"key":"Reflective Coating"}],"is_trial":false,"path_per_floor":["M","?","?","?","M","E","R","?","T","E"],"character_chosen":"THE_BUGKNIGHT","items_purchased":[],"campfire_rested":0,"item_purchase_floors":[],"current_hp_per_floor":[68,68,68,68,58,20,20,20,20,18,18],"gold":123,"neow_bonus":"RANDOM_COLORLESS_2","is_daily":false,"chose_seed":false,"campfire_upgraded":1,"win_rate":0.0,"timestamp":1611178622,"path_taken":["M","?","?","?","?","E","R","?","T","E"],"items_purchased_type":[],"build_version":"2020-12-22","purchased_purges":0,"victory":false,"max_hp_per_floor":[75,69,69,69,69,69,69,69,69,69,69],"card_choices":[{"not_picked":["Secret Weapon","Mayhem"],"picked":"DemoMod:Invincible","floor":0.0},{"not_picked":["HollowMod:SoulSplash","HollowMod:ChannelNail"],"picked":"HollowMod:InfectionAssault","floor":1.0},{"not_picked":["HollowMod:AbyssShriek","HollowMod:GoodIntentions","HollowMod:SoulSplash"],"picked":"SKIP","floor":5.0},{"not_picked":["HollowMod:HornetsHelp","HollowMod:ZotesMagnificence"],"picked":"HollowMod:PaleKingsBlessing","floor":6.0}],"player_experience":772974,"relics_obtained":[{"floor":3.0,"key":"Ring of Searing"},{"floor":3.0,"key":"Ring of Peace"},{"floor":6.0,"key":"MealTicket"},{"floor":9.0,"key":"aspiration:ChemicalBlood"}],"event_choices":[{"damage_healed":0.0,"max_hp_gain":0.0,"max_hp_loss":6.0,"gold_gain":0.0,"event_name":"Golden Idol","player_choice":"Lose Max HP","floor":2.0,"gold_loss":0.0,"damage_taken":0.0,"relics_obtained":["Golden Idol"]},{"damage_healed":0.0,"max_hp_gain":0.0,"max_hp_loss":0.0,"gold_gain":0.0,"event_name":"WeMeetAgain","player_choice":"Gave Potion","floor":4.0,"gold_loss":0.0,"damage_taken":0.0,"relics_obtained":["Vajra"]}],"is_beta":false,"boss_relics":[],"items_purged_floors":[],"is_endless":false,"potions_floor_spawned":[1,5],"killed_by":"3 Sentries","ascension_level":5}}