{"host":"ik8ww1p4uabx5gam","time":1611136500,"event":{"mods":["Always Whale","Aspiration","BaseMod","Beaked The Cultist","Better Third Choice","BetterRewards","Colored Map","Colored Powertips","Conspire","Energized Spire","FetchMod","GifTheSpireLib","Hubris","Infinite Spire","Ironclad Rager","Jedi Mod","Minty Spire (QoL Compilation)","Random Character Button","Replay The Spire","Shop Mod","Spicy Shops","Spikes Relics","StSLib","Stuff the Spire","The Blue Laboratory","The Gatherer","Wandering Minibosses","??????REMEMod"],"gold_per_floor":[110,130,140,164,182,182,201,201,201,221,221,246,246,246,320,320,320,320],"floor_reached":16,"language":"ENG","playtime":677,"items_purged":[],"score":109,"play_id":"c4162a1f-78ca-4580-8e08-e71a2d047023","local_time":"20210120035500","is_ascension_mode":true,"metric_token":1809,"campfire_choices":[{"data":"REME_Fury","floor":6,"key":"SMITH"},{"data":"Gatherer:FlowerWhip","floor":11,"key":"SMITH"},{"data":"Gatherer:TacticalStrike","floor":13,"key":"SMITH"}],"circlet_count":0,"master_deck":["Gatherer:Strike_Gatherer","Gatherer:Strike_Gatherer","Gatherer:Strike_Gatherer","Gatherer:Strike_Gatherer","Gatherer:Strike_Gatherer","Gatherer:Defend_Gatherer","Gatherer:Defend_Gatherer","Gatherer:Defend_Gatherer","Gatherer:Defend_Gatherer","Gatherer:Defend_Gatherer","Gatherer:Centralize","Gatherer:FlowerWhip+1","REME_Fury+1","Gatherer:FlowerFalling","Gatherer:MiningStrike","Gatherer:SmartManeuver","Gatherer:TacticalStrike+1"],"relics":["Gatherer:AlchemyBag","REME_ComplimentaryCards","CultistMask","Turnip","SpikesRelics:DaevaFist","CeramicFish"],"acts_visited":["Exordium"],"potions_floor_usage":[12],"damage_taken":[{"damage":5,"enemies":"2 Louse","floor":1,"turns":3},{"damage":2,"enemies":"Cultist","floor":2,"turns":4},{"damage":0,"enemies":"conspire:RoseBush","floor":3,"turns":3},{"damage":15,"enemies":"Exordium Wildlife","floor":4,"turns":5},{"damage":18,"enemies":"Lots of Slimes","floor":5,"turns":5},{"damage":0,"enemies":"Looter","floor":7,"turns":3},{"damage":0,"enemies":"Exordium Thugs","floor":10,"turns":4},{"damage":9,"enemies":"Gremlin Nob","floor":12,"turns":3},{"damage":58,"enemies":"Hexaghost","floor":16,"turns":11}],"seed_played":"2800224244784765535","potions_obtained":[{"floor":2,"key":"FairyPotion"},{"floor":5,"key":"jedi:StrikingPotion"},{"floor":7,"key":"blueLaboratory:BottledHope"}],"is_trial":false,"path_per_floor":["M","M","M","M","M","R","M","?","T","M","R","E","R","?","R_BF","B"],"character_chosen":"THE_GATHERER","items_purchased":[],"campfire_rested":0,"item_purchase_floors":[],"current_hp_per_floor":[74,72,72,57,39,39,39,39,39,39,39,30,30,30,30,0,0,0],"gold":320,"neow_bonus":"TEN_PERCENT_HP_BONUS","is_daily":false,"chose_seed":false,"campfire_upgraded":3,"win_rate":0.0,"timestamp":1611136500,"path_taken":["M","M","M","M","M","R","M","?","T","?","R","E","R","?","R_BF","BOSS"],"items_purchased_type":[],"build_version":"2020-12-22","purchased_purges":0,"victory":false,"max_hp_per_floor":[79,79,79,79,79,79,79,79,79,79,79,79,79,79,79,79,79,79],"card_choices":[{"not_picked":["Gatherer:WoolGloves","Gatherer:BambuSword"],"picked":"Gatherer:FlowerFalling","floor":1},{"not_picked":["Gatherer:GatherMaterial","Gatherer:FlowerShield"],"picked":"Gatherer:MiningStrike","floor":2},{"not_picked":["Gatherer:AcidicSpray","Gatherer:AromaProtection","Gatherer:FlowerPower"],"picked":"SKIP","floor":3},{"not_picked":["Gatherer:FeelingFine","Gatherer:BigPouch","Gatherer:TreeGrowth"],"picked":"SKIP","floor":4},{"not_picked":["Gatherer:Enchant","Gatherer:TreeGrowth"],"picked":"Gatherer:SmartManeuver","floor":5},{"not_picked":["Gatherer:Convert","Gatherer:CarefulStrike","Gatherer:FlowerFalling"],"picked":"SKIP","floor":7},{"not_picked":["Gatherer:GlowingPlant","Gatherer:DrugPower","Gatherer:Duality"],"picked":"SKIP","floor":10},{"not_picked":["Gatherer:BigPouch","Gatherer:SealedBomb"],"picked":"Gatherer:TacticalStrike","floor":12}],"player_experience":1017106,"relics_obtained":[{"floor":9,"key":"Turnip"},{"floor":12,"key":"SpikesRelics:DaevaFist"},{"floor":14,"key":"CeramicFish"}],"event_choices":[{"damage_healed":0,"gold_gain":0,"player_choice":"Trade","damage_taken":0,"relics_obtained":["CultistMask"],"max_hp_gain":0,"max_hp_loss":0,"event_name":"FaceTrader","floor":8,"gold_loss":0},{"damage_healed":0,"gold_gain":74,"player_choice":"Gained Gold","damage_taken":0,"max_hp_gain":0,"max_hp_loss":0,"event_name":"Golden Wing","floor":15,"gold_loss":0}],"is_beta":false,"boss_relics":[],"items_purged_floors":[],"is_endless":false,"potions_floor_spawned":[2,5,7],"killed_by":"Hexaghost","ascension_level":1}}