{"host":"5ffrjkuvgrxgllwx","time":1611111187,"event":{"mods":["AchievementEnabler","BaseMod","Colored Map","Colored Powertips","Downfall","Minty Spire (QoL Compilation)","Quick Restart","Rare Cards Sparkle","StSLib","everything is the same but u backflip on backflip"],"gold_per_floor":[99,114,134,134,145,174,174,13,13,28,39,51,64,94,112,112,112,112],"floor_reached":16,"language":"ENG","playtime":1636,"items_purged":[],"score":116,"play_id":"3c7e5d7e-1a60-4f78-b29e-36a58e41df0d","local_time":"20210119215307","is_ascension_mode":false,"campfire_choices":[{"data":"champ:Taunt","floor":1,"key":"SMITH"},{"floor":9,"key":"REST"}],"circlet_count":0,"master_deck":["champ:Strike","champ:Defend","champ:Defend","champ:Defend","champ:Defend","champ:Execute","champ:Taunt+1","Injury","champ:HeartStrike","champ:ArenaPreparation","champ:AdrenalArmor","champ:FaceSlap","champ:Parry","champ:FanOfKnives","champ:SteelEdge","champ:TornadoPunch","champ:HoldFirm","champ:Encircle","champ:FlashCut","champ:FocusedBerserking","champ:EndlessRage","champ:GutPunch"],"relics":["champ:ChampionCrown","White Beast Statue","Shuriken","Blood Vial"],"acts_visited":["Exordium"],"potions_floor_usage":[13,14,16,16,16],"damage_taken":[{"damage":12,"enemies":"Small Slimes","floor":2,"turns":5},{"damage":33,"enemies":"Cultist","floor":3,"turns":6},{"damage":24,"enemies":"Jaw Worm","floor":5,"turns":6},{"damage":45,"enemies":"3 Sentries","floor":6,"turns":6},{"damage":20,"enemies":"downfall:FleeingMerchant","floor":8,"turns":4},{"damage":29,"enemies":"Lots of Slimes","floor":10,"turns":4},{"damage":15,"enemies":"Large Slime","floor":11,"turns":5},{"damage":0,"enemies":"3 Louse","floor":12,"turns":3},{"damage":0,"enemies":"Blue Slaver","floor":13,"turns":2},{"damage":10,"enemies":"Gremlin Nob","floor":14,"turns":5},{"damage":10,"enemies":"2 Fungi Beasts","floor":15,"turns":3},{"damage":75,"enemies":"DF_ARCHETYPE_STREAMLINE","floor":16,"turns":9}],"seed_played":"8702803422120315179","potions_obtained":[{"floor":6,"key":"hexamod:SoulburnPotion"},{"floor":8,"key":"SteroidPotion"},{"floor":10,"key":"DuplicationPotion"},{"floor":13,"key":"Explosive Potion"},{"floor":14,"key":"Block Potion"}],"is_trial":false,"path_per_floor":["R","M","M","?","M","E","T","$","R","M","M","M","M","E","M","B"],"character_chosen":"THE_CHAMP","items_purchased":["champ:HoldFirm"],"campfire_rested":1,"item_purchase_floors":[8],"current_hp_per_floor":[90,88,85,85,81,46,46,41,68,59,54,54,54,44,46,0,0,0],"gold":112,"neow_bonus":"TRANSFORM_TWO_CARDS","is_daily":false,"chose_seed":false,"campfire_upgraded":1,"win_rate":0.0,"timestamp":1611111187,"path_taken":["R","M","M","?","M","E","T","$","R","M","M","M","M","E","M","BOSS"],"items_purchased_type":["Card"],"build_version":"2020-12-22","purchased_purges":0,"victory":false,"max_hp_per_floor":[90,90,90,90,90,90,90,90,90,90,90,90,90,90,90,90,90,90],"card_choices":[{"not_picked":["champ:Parry","champ:PreemptiveStrike"],"picked":"champ:AdrenalArmor","floor":2},{"not_picked":["champ:HeartStrike","champ:GladiatorStyle"],"picked":"champ:FaceSlap","floor":3},{"not_picked":["champ:BladeFlurry","champ:BringItOn"],"picked":"champ:FanOfKnives","floor":5},{"not_picked":["champ:Encircle","champ:DefensiveShout"],"picked":"champ:SteelEdge","floor":6},{"not_picked":["champ:Parry","champ:EnGarde"],"picked":"champ:TornadoPunch","floor":8},{"not_picked":["champ:CrookedStrike","champ:SkillfulDodge"],"picked":"champ:Encircle","floor":10},{"not_picked":["champ:Parry","champ:DefensiveShout"],"picked":"champ:FlashCut","floor":11},{"not_picked":["champ:CrownThrow","champ:Backstep"],"picked":"champ:FocusedBerserking","floor":12},{"not_picked":["champ:AdrenalArmor","champ:TornadoPunch"],"picked":"champ:EndlessRage","floor":13},{"not_picked":["champ:Duel","champ:FaceSlap","champ:RisingSlash"],"picked":"SKIP","floor":14},{"not_picked":["champ:FlashCut","champ:Circumvent"],"picked":"champ:GutPunch","floor":15}],"player_experience":1400479,"relics_obtained":[{"floor":6,"key":"White Beast Statue"},{"floor":7,"key":"Shuriken"},{"floor":14,"key":"Blood Vial"}],"event_choices":[],"is_beta":false,"boss_relics":[],"items_purged_floors":[],"is_endless":false,"potions_floor_spawned":[6,8,10,11,12,13,14,15],"killed_by":"DF_ARCHETYPE_STREAMLINE","ascension_level":0}}