{"host":"ymw71f7rc9ndansy","time":1611101465,"event":{"mods":["ATMod(阿瑾Mod)","Act Like it!","Aspiration","BaseMod","DeckTracker","Hubris","Library of Ruina","Library of Ruina Extra","Minty Spire (QoL Compilation)","MostiFishMod","Remove Card Discount Mod","Replay The Spire","RumiaBox-露米娅的神秘盒子","StSLib","TestMod","【功能Mod】精心准备","【遗物卡牌】REMEMod"],"gold_per_floor":[117,117,136,153,164,190,190,190,190,221,201,236,236,236,236,311,311,326,287,207,218,244,244,278,278,278,293,332,332,332,362,362,444,444,461,513,230,230,246,246],"floor_reached":39,"language":"ZHS","playtime":628,"items_purged":["LightAttack","LightDefense","Dodge","LightDefense","LightDefense","ChargeAndCover","LightDefense","FocusedStrikes","LightAttack","LightAttack","hubris:Greed","CommonCold","Parasite","AbsorbImpact","DaringDecision"],"score":1476,"play_id":"f7f69f5d-da16-4cba-b97f-a552bfb6f72e","local_time":"20210120081105","is_ascension_mode":true,"campfire_choices":[{"data":"Ragnarok","floor":7.0,"key":"SMITH"},{"data":"ChargeUp","floor":15.0,"key":"SMITH"},{"data":"DimensionalRift","floor":23.0,"key":"SMITH"},{"data":"Reload","floor":29.0,"key":"SMITH"},{"data":"AT_FamilyPortrait","floor":32,"key":"SMITH"}],"circlet_count":0,"master_deck":["AscendersBane","AT_FamilyPortrait+1","Ragnarok+1","ChargeUp+1","SturdyDefense+1","Quickness","DimensionalRift+1","EnergyBeam","CleanUp+1","RagingStorm","Reload+1","UnforgettableMelody","PuppetBlockade"],"relics":["PageOfLibrarian","testmod-TestBox","DaveBox","REME_ComplimentaryCards","AT_ATBox","PatriotShield","testmod-Fanaticism","Baka","hubris:Icosahedron","TungstenRod","Kunai","AT_RedTearstoneRing","Pear","Gremlin Food","GodSword6","hubris:ScarierMask","testmod-Laevatain","Blue Doll","ImprovedEquipment","Enchiridion","Molten Egg 2","GreenFoldingFan","Replay:Bottled Snecko"],"acts_visited":["Exordium","TheCity","TheBeyond"],"potions_floor_usage":[],"damage_taken":[{"damage":0.0,"enemies":"Jaw Worm","floor":1.0,"turns":1.0},{"damage":0.0,"enemies":"2 Louse","floor":3.0,"turns":1.0},{"damage":1.0,"enemies":"Small Slimes","floor":4.0,"turns":1.0},{"damage":0.0,"enemies":"Blue Slaver","floor":5.0,"turns":2.0},{"damage":0.0,"enemies":"Gremlin Nob","floor":6.0,"turns":2.0},{"damage":0.0,"enemies":"3 Sentries","floor":10.0,"turns":1.0},{"damage":0.0,"enemies":"Lagavulin","floor":12.0,"turns":2.0},{"damage":0.0,"enemies":"3 Sentries","floor":14.0,"turns":1.0},{"damage":0.0,"enemies":"The Guardian","floor":16.0,"turns":3.0},{"damage":0.0,"enemies":"2 Thieves","floor":18.0,"turns":1.0},{"damage":0.0,"enemies":"Chosen","floor":21.0,"turns":1.0},{"damage":15.0,"enemies":"Gremlin Leader","floor":24.0,"turns":2.0},{"damage":0.0,"enemies":"Centurion and Healer","floor":27.0,"turns":1.0},{"damage":0.0,"enemies":"Book of Stabbing","floor":28.0,"turns":2.0},{"damage":0,"enemies":"Gremlin Leader","floor":31,"turns":2},{"damage":0,"enemies":"KingOfGreed","floor":33,"turns":2},{"damage":1,"enemies":"3 Shapes","floor":35,"turns":1},{"damage":1,"enemies":"2 Orb Walkers","floor":36,"turns":1},{"damage":1,"enemies":"3 Darklings","floor":39,"turns":1}],"seed_played":"1737635192659840540","potions_obtained":[{"floor":3.0,"key":"Swift Potion"}],"is_trial":false,"path_per_floor":["M","?","M","M","M","E","R","?","T","E","$","E","?","E","R","B",null,"M","$","?","M","?","R","E","?","T","M","E","R","?","E","R","B",null,"M","?","$","?","M"],"character_chosen":"Librarian","items_purchased":["AbsorbImpact","Replay:Bottled Snecko"],"campfire_rested":0,"item_purchase_floors":[19,37],"current_hp_per_floor":[39,39,39,38,38,38,38,38,38,38,38,48,48,48,48,48,86,86,86,86,86,55,55,61,61,61,61,61,61,44,50,50,50,87,96,99,96,91,91,91],"gold":246,"neow_bonus":"THREE_RARE_CARDS","is_daily":false,"chose_seed":false,"campfire_upgraded":5,"win_rate":0.0,"timestamp":1611101465,"path_taken":["M","?","M","M","M","E","R","?","T","E","$","E","?","E","R","BOSS","M","$","?","M","?","R","E","?","T","M","E","R","?","E","R","BOSS","M","?","$","?","M"],"items_purchased_type":["Card","Relic"],"build_version":"2020-12-22","purchased_purges":15,"victory":false,"max_hp_per_floor":[201,201,201,201,201,89,89,89,89,89,89,99,99,99,99,99,99,99,99,99,99,99,99,99,99,99,99,99,99,99,99,99,99,99,99,99,96,91,91,91],"card_choices":[{"not_picked":["Castigation","Disposal"],"picked":"DaringDecision","floor":0.0},{"not_picked":["BiteOff","ProselytesBlade","Diversion","Mutilate","SparkingSpear","Riposte","Rampage_lor","BindingArms"],"picked":"ChargeUp","floor":1.0},{"not_picked":["AbsorbImpact","PinpointShot","Parry2","SuppressingShot","Eliminate","Diversion","CrackOfDawn","BurningFlash","FleetEdge"],"picked":"SKIP","floor":3.0},{"not_picked":["StayCalm","Execute_lor","GuidanceOfTheGears","Tttonst","Thrust","FierceCharge","Laceration","NightInTheBackstreets"],"picked":"SturdyDefense","floor":4.0},{"not_picked":["GreatSerpentsImpact","DestructiveImpact","Thirst","Disposal","NightInTheBackstreets","OpportunitySpotted","Faith","HighKick"],"picked":"Quickness","floor":5.0},{"not_picked":["Parry","DarkCloud","ShrineToMusic","CircusKnives","ShockingBlow","WillOfThePrescript","GuidanceOfTheGears","Creak"],"picked":"DimensionalRift","floor":6.0},{"not_picked":["DirtyBlow","QuickAttack","UncannyStrike","Unlock1","Rampage_lor","Duel_lor","Pound","LossOfSenses"],"picked":"EnergyBeam","floor":10.0},{"not_picked":["BizarreAttack","Concentration","SerpentSwordTechnique","MultiHit","NightInTheBackstreets","Unlock1","MindCrush","Pound"],"picked":"CleanUp","floor":12.0},{"not_picked":["TieShanKao","GroundSmash","Parry2","FrontalAssault","Quickness","HighKick","DaringDecision","SinglePointStab","DefenseOrder"],"picked":"SKIP","floor":14.0},{"not_picked":["WillProduceFineSilk","DaringDecision"],"picked":"RagingStorm","floor":16.0},{"not_picked":["WrathOfTorment","Feast","SummaryJudgment","RushDown+1","ExtremeEdge","TendonChords","UnavoidableGaze","NightInTheBackstreets","Diversion"],"picked":"SKIP","floor":18.0},{"not_picked":["ButterflySlash+1","Riposte","PreparedMind","PinpointShot","AsThePrescriptOrders","CookingPrep","Faith","EndlessBattle","SmokingPipe"],"picked":"SKIP","floor":21.0},{"not_picked":["Wallop_lor","WillOfThePrescript+1","Parry2","WildCard","BackAttack","SteelKnuckles","OpportunitySpotted","Quickness","HighKick"],"picked":"SKIP","floor":24.0},{"not_picked":["EnergyStrike","RatsGuideToSurvival","TendonChords","IllEndYou","DesperateStruggle+1","Creak","EnergyShield","FleetEdge","RepressedFlesh"],"picked":"SKIP","floor":27.0},{"not_picked":["QuickSuppression","Parry","Transpierce","InkOver","CumulusWall","Tailoring","GuidanceOfTheGears","EndlessBattle"],"picked":"Reload","floor":28.0},{"not_picked":["PinpointShot+1","DirtyBlow+1","FlowOfTheSword+1","StartinOutLightly","HandleRequest+1","SkyClearingCut+1","MindPrepared+1","ExtremeEdge+1","EnergyShield+1"],"picked":"SKIP","floor":31},{"not_picked":["GoinFirst+1","BoundaryOfDeath+1"],"picked":"UnforgettableMelody","floor":33},{"not_picked":["Standoff+1","IngredientHunt+1","SteelKnuckles+1","Wallop_lor+1","SenseQuarry","SnakesPrey","Execute_lor+1","MultiHit+1"],"picked":"PuppetBlockade","floor":35}],"player_experience":1059251,"relics_obtained":[{"floor":1.0,"key":"Baka"},{"floor":3.0,"key":"TungstenRod"},{"floor":6.0,"key":"Kunai"},{"floor":10.0,"key":"AT_RedTearstoneRing"},{"floor":12.0,"key":"Pear"},{"floor":12.0,"key":"Gremlin Food"},{"floor":14.0,"key":"GodSword6"},{"floor":24.0,"key":"testmod-Laevatain"},{"floor":26.0,"key":"Blue Doll"},{"floor":28.0,"key":"ImprovedEquipment"},{"floor":30,"key":"Enchiridion"},{"floor":31,"key":"Molten Egg 2"}],"event_choices":[{"damage_healed":0.0,"max_hp_gain":0.0,"max_hp_loss":0.0,"gold_gain":0.0,"event_name":"Living Wall","player_choice":"Grow","floor":8.0,"gold_loss":0.0,"damage_taken":0.0,"cards_upgraded":["SturdyDefense"]},{"damage_healed":0,"gold_gain":0,"player_choice":"Obtained Book","damage_taken":21,"max_hp_gain":0,"max_hp_loss":0,"event_name":"Cursed Tome","floor":30,"gold_loss":0},{"damage_healed":0,"gold_gain":0,"player_choice":"Fight","damage_taken":0,"max_hp_gain":0,"max_hp_loss":0,"event_name":"Mysterious Sphere","floor":36,"gold_loss":0},{"damage_healed":0,"gold_gain":0,"player_choice":"Max HP","damage_taken":0,"max_hp_gain":0,"max_hp_loss":5,"event_name":"Winding Halls","floor":38,"gold_loss":0}],"is_beta":false,"boss_relics":[{"not_picked":["testmod-HarvestTotem","TakeMeEscape"],"picked":"hubris:ScarierMask"},{"not_picked":["RhineCircuit","Painkiller Herb"],"picked":"GreenFoldingFan"}],"items_purged_floors":[11,11,11,11,11,11,11,11,11,11,37,37,37,37,37],"is_endless":false,"potions_floor_spawned":[3,6,16,21,27,28,36],"killed_by":"3 Darklings","ascension_level":20}}