{"host":"7fyy23rucerupe6i","time":1611125433,"event":{"mods":["AchievementEnabler","Act Like it!","BaseMod","BetterRewards","Colored Map","Colored Powertips","Conspire","Custom Start","Downfall","Mad Scientist","Marisa£®ÏF”Í°°ƒß¿Ì…≥£©","Minty Spire (QoL Compilation)","Pale of the Ancients","Quick Restart","Shop Mod","ShortenTheSpire","Spicy Shops","StSLib","SuperFastMode","The Bug Knight","The Construct","The Cursed","The Factory","The Jungle","The Servant 0.9.4","UnlockEverythingMod"],"gold_per_floor":[113,31,44,219,219,219,239,269,269,287,325,53,108,164,164,267,267],"floor_reached":16,"language":"ZHS","playtime":586,"items_purged":["Defend_MRS","Strike_MRS","Doubt"],"score":244,"play_id":"3a490425-3cf0-4f17-9b0d-fbf506bb7da3","local_time":"20210120145033","is_ascension_mode":true,"campfire_choices":[{"data":"NonDirectionalLaser","floor":6,"key":"SMITH"},{"data":"MilkyWay","floor":15,"key":"SMITH"}],"circlet_count":0,"master_deck":["Strike_MRS","Strike_MRS","Strike_MRS","Defend_MRS","Defend_MRS","Defend_MRS","MasterSpark","UpSweep","Acceleration","NonDirectionalLaser+1","BlazeAway","SatelliteIllusion","AsteroidBelt","Parasite","Parasite","MilkyWay+1"],"relics":["MiniHakkero","MealTicket","SimpleLauncher","Guardian:PocketSentry","ClockworkSouvenir","TungstenRod","Question Card","Ornamental Fan","Turnip","CeramicFish","Potion Belt","ShroomBag","Toxic Egg 2"],"acts_visited":["Exordium"],"potions_floor_usage":[8,14,14,16],"damage_taken":[{"damage":4,"enemies":"Small Slimes","floor":1,"turns":2},{"damage":1,"enemies":"Jaw Worm","floor":3,"turns":3},{"damage":3,"enemies":"Cultist","floor":7,"turns":3},{"damage":16,"enemies":"3 Sentries","floor":8,"turns":5},{"damage":10,"enemies":"3 Louse","floor":10,"turns":2},{"damage":14,"enemies":"Lagavulin","floor":11,"turns":6},{"damage":17,"enemies":"3 Sentries","floor":13,"turns":5},{"damage":5,"enemies":"Gremlin Nob","floor":14,"turns":3},{"damage":22,"enemies":"Hexaghost","floor":16,"turns":10}],"seed_played":"-2261526469197529723","potions_obtained":[{"floor":1,"key":"BlessingOfTheForge"},{"floor":13,"key":"PowerPotion"},{"floor":14,"key":"Regen Potion"}],"is_trial":false,"path_per_floor":["M","$","M","?","T","R","M","E","T","M","E","$","E","?","R","B"],"character_chosen":"MARISA","items_purchased":["MealTicket","SimpleLauncher","Guardian:PocketSentry","ClockworkSouvenir","Regen Potion","TungstenRod","Potion Belt"],"campfire_rested":0,"item_purchase_floors":[0,0,0,0,0,2,12],"current_hp_per_floor":[29,44,43,43,43,43,40,38,38,28,14,29,12,11,11,8,8],"gold":267,"neow_bonus":"","is_daily":false,"chose_seed":false,"campfire_upgraded":2,"win_rate":0.0,"timestamp":1611125433,"path_taken":["M","$","M","?","?","R","?","E","T","M","E","$","E","?","R","BOSS"],"items_purchased_type":["Relic","Relic","Relic","Relic","Potion","Relic","Relic"],"build_version":"2020-12-22","purchased_purges":3,"victory":false,"max_hp_per_floor":[75,75,75,75,75,75,75,75,75,75,75,75,75,75,75,75,75],"card_choices":[{"not_picked":["ChargeUpSpray","OpenUniverse"],"picked":"Acceleration","floor":1},{"not_picked":["RefractionSpark","GalacticHalo"],"picked":"NonDirectionalLaser","floor":3},{"not_picked":["IllusionStar","GrandCross","WitchOfGreed"],"picked":"BlazeAway","floor":7},{"not_picked":["ShootingEcho","GalacticHalo","LuminesStrike","SuperPerseids"],"picked":"SKIP","floor":8},{"not_picked":["EnergyFlow","WitchLeyline","GalacticHalo"],"picked":"SatelliteIllusion","floor":10},{"not_picked":["GravityBeat","Occultation","StarlightTyphoon"],"picked":"AsteroidBelt","floor":11},{"not_picked":["GalacticHalo","DarkMatter","SporeBomb"],"picked":"MilkyWay","floor":13}],"player_experience":492374,"relics_obtained":[{"floor":5,"key":"Question Card"},{"floor":8,"key":"Ornamental Fan"},{"floor":9,"key":"Turnip"},{"floor":11,"key":"CeramicFish"},{"floor":13,"key":"ShroomBag"},{"floor":14,"key":"Toxic Egg 2"}],"event_choices":[{"damage_healed":0,"gold_gain":175,"player_choice":"AGREE","damage_taken":0,"max_hp_gain":0,"max_hp_loss":0,"event_name":"Liars Game","floor":4,"gold_loss":0,"cards_obtained":["Doubt"]},{"damage_healed":0,"gold_gain":0,"player_choice":"Searched \u00271\u0027 times","damage_taken":0,"max_hp_gain":0,"max_hp_loss":0,"event_name":"Dead Adventurer","floor":14,"gold_loss":0}],"is_beta":false,"boss_relics":[],"items_purged_floors":[0,0,12],"is_endless":false,"potions_floor_spawned":[1,7,13,14],"killed_by":"Hexaghost","ascension_level":9}}