{"host":"msa0wxqjs3jv1k3j","time":1611133912,"event":{"mods":["AchievementEnabler","BaseMod","BetterRewards","Colored Map","Highlight Path","KOR Keyword Fix","Keyboard Shortcuts","Minty Spire (QoL Compilation)","Quick Restart","SuperFastMode","everything is the same but u backflip on backflip"],"gold_per_floor":[116,131,142,157,171,171,246,246,246,178,178,188,42,77,77,180,180,194,214,214,214,129,129,147,99,123,123,123,138,157,18,18,114,114,134,0,14,32,32,32,32,32],"floor_reached":41,"language":"KOR","playtime":1581,"items_purged":["Strike_R","Decay"],"score":393,"play_id":"16c00a3f-80d3-4459-82ec-2a29574d82ef","local_time":"20210120181152","is_ascension_mode":false,"campfire_choices":[{"data":"Infernal Blade","floor":6,"key":"SMITH"},{"data":"Sword Boomerang","floor":8,"key":"SMITH"},{"data":"Flex","floor":11,"key":"SMITH"},{"data":"Armaments","floor":15,"key":"SMITH"},{"data":"Enlightenment","floor":23,"key":"SMITH"},{"data":"Shrug It Off","floor":28,"key":"SMITH"},{"floor":32,"key":"REST"},{"floor":40,"key":"REST"}],"circlet_count":0,"master_deck":["Bash","Flex+1","Enlightenment+1","Battle Trance","Armaments+1","Sword Boomerang+1","Infernal Blade+1","Corruption","True Grit+1","Pommel Strike+1","Shrug It Off+1","Intimidate","Clothesline","Searing Blow","Burning Pact","Exhume","Heavy Blade","Cleave","Searing Blow","Dual Wield","Infernal Blade+1","Blind"],"relics":["Burning Blood","Turnip","PreservedInsect","War Paint","MealTicket","Lantern","Juzu Bracelet","Pear","Black Star","Enchiridion","Bird Faced Urn","Whetstone","Pandora\u0027s Box","Red Mask"],"acts_visited":["Exordium","TheCity","TheBeyond"],"potions_floor_usage":[4,4,16,16,24,29,30,37,38,41],"damage_taken":[{"damage":0,"enemies":"Cultist","floor":1,"turns":3},{"damage":1,"enemies":"2 Louse","floor":2,"turns":2},{"damage":6,"enemies":"Jaw Worm","floor":3,"turns":2},{"damage":12,"enemies":"Gremlin Gang","floor":4,"turns":5},{"damage":1,"enemies":"2 Fungi Beasts","floor":5,"turns":4},{"damage":2,"enemies":"Looter","floor":12,"turns":2},{"damage":13,"enemies":"Lagavulin","floor":14,"turns":3},{"damage":36,"enemies":"The Guardian","floor":16,"turns":9},{"damage":16,"enemies":"Shell Parasite","floor":18,"turns":5},{"damage":24,"enemies":"Chosen","floor":19,"turns":8},{"damage":8,"enemies":"Snake Plant","floor":24,"turns":4},{"damage":51,"enemies":"3 Cultists","floor":29,"turns":7},{"damage":11,"enemies":"Chosen and Byrds","floor":30,"turns":7},{"damage":52,"enemies":"Champ","floor":33,"turns":9},{"damage":35,"enemies":"Orb Walker","floor":35,"turns":5},{"damage":9,"enemies":"3 Shapes","floor":37,"turns":4},{"damage":43,"enemies":"Writhing Mass","floor":38,"turns":4},{"damage":37,"enemies":"Reptomancer","floor":41,"turns":5}],"seed_played":"-6140379150953516309","potions_obtained":[{"floor":3,"key":"Weak Potion"},{"floor":5,"key":"Energy Potion"},{"floor":12,"key":"SkillPotion"},{"floor":16,"key":"Swift Potion"},{"floor":24,"key":"SkillPotion"},{"floor":30,"key":"ElixirPotion"},{"floor":33,"key":"LiquidMemories"},{"floor":35,"key":"Block Potion"}],"is_trial":false,"path_per_floor":["M","M","M","M","M","R","?","R","T","?","R","M","$","E","R","B",null,"M","M","?","?","?","R","M","$","T","?","R","M","M","$","R","B",null,"M","?","M","M","?","R","E"],"character_chosen":"IRONCLAD","items_purchased":["PreservedInsect","War Paint","Flex","Enlightenment","Battle Trance","Block Potion","Energy Potion","Juzu Bracelet","Shrug It Off","Intimidate"],"campfire_rested":2,"item_purchase_floors":[0,0,0,0,0,0,0,13,25,31],"current_hp_per_floor":[80,80,80,74,79,79,68,68,68,68,68,72,80,83,83,53,90,80,62,46,46,46,46,46,61,61,61,61,18,15,30,57,13,90,61,61,60,25,25,52,17,17],"gold":32,"neow_bonus":"","is_daily":false,"chose_seed":false,"campfire_upgraded":6,"win_rate":0.0,"timestamp":1611133912,"path_taken":["M","M","?","M","M","R","?","R","T","?","R","M","$","E","R","BOSS","M","M","?","?","?","R","M","$","T","?","R","M","M","$","R","BOSS","M","?","M","M","?","R","E"],"items_purchased_type":["Relic","Relic","Card","Card","Card","Potion","Potion","Relic","Card","Card"],"build_version":"2020-12-22","purchased_purges":2,"victory":false,"max_hp_per_floor":[80,80,80,80,80,80,80,80,80,80,80,80,80,90,90,90,90,90,90,90,90,90,90,90,90,90,90,90,90,90,90,90,90,90,90,90,90,90,90,90,90,90],"card_choices":[{"not_picked":["Iron Wave","Dual Wield"],"picked":"Armaments","floor":1},{"not_picked":["Feel No Pain","Wild Strike","Cleave"],"picked":"SKIP","floor":2},{"not_picked":["Feel No Pain","Flex"],"picked":"Sword Boomerang","floor":3},{"not_picked":["Searing Blow","Anger"],"picked":"Infernal Blade","floor":4},{"not_picked":["Twin Strike","Infernal Blade","Exhume"],"picked":"SKIP","floor":5},{"not_picked":["Clash","Armaments","Iron Wave"],"picked":"SKIP","floor":12},{"not_picked":["Sword Boomerang","Dark Embrace","Anger"],"picked":"SKIP","floor":14},{"not_picked":["Offering","Juggernaut"],"picked":"Corruption","floor":16},{"not_picked":["Battle Trance+1","Thunderclap"],"picked":"True Grit+1","floor":18},{"not_picked":["Havoc+1","Iron Wave","Searing Blow"],"picked":"SKIP","floor":19},{"not_picked":["Seeing Red","Pummel+1"],"picked":"Pommel Strike","floor":24},{"not_picked":["Cleave","Carnage","Clash+1"],"picked":"SKIP","floor":29},{"not_picked":["Inflame","Feed","Cleave"],"picked":"SKIP","floor":30},{"not_picked":["Twin Strike+1","Shrug It Off","Entrench+1"],"picked":"SKIP","floor":35},{"not_picked":["Sword Boomerang+1","Clothesline","Body Slam"],"picked":"SKIP","floor":37},{"not_picked":["Sword Boomerang+1","Clothesline","Body Slam"],"picked":"SKIP","floor":37},{"not_picked":["Pommel Strike","Entrench"],"picked":"Infernal Blade+1","floor":38},{"not_picked":["Discovery","Forethought"],"picked":"Blind","floor":39}],"player_experience":137591,"relics_obtained":[{"floor":9,"key":"MealTicket"},{"floor":14,"key":"Pear"},{"floor":20,"key":"Enchiridion"},{"floor":26,"key":"Whetstone"}],"event_choices":[{"damage_healed":0,"gold_gain":75,"player_choice":"Gather Gold","damage_taken":11,"max_hp_gain":0,"max_hp_loss":0,"event_name":"World of Goop","floor":7,"gold_loss":0},{"damage_healed":0,"gold_gain":0,"player_choice":"Paid Gold","damage_taken":0,"relics_obtained":["Lantern"],"max_hp_gain":0,"max_hp_loss":0,"event_name":"WeMeetAgain","floor":10,"gold_loss":68},{"damage_healed":0,"gold_gain":0,"player_choice":"Obtained Book","damage_taken":16,"max_hp_gain":0,"max_hp_loss":0,"event_name":"Cursed Tome","floor":20,"gold_loss":0},{"damage_healed":0,"gold_gain":0,"player_choice":"Cursed","damage_taken":0,"max_hp_gain":0,"max_hp_loss":0,"event_name":"Wheel of Change","floor":21,"gold_loss":0,"cards_obtained":["Decay"]},{"damage_healed":0,"gold_gain":0,"player_choice":"Obtained Relic","damage_taken":0,"relics_obtained":["Bird Faced Urn"],"max_hp_gain":0,"max_hp_loss":0,"event_name":"Addict","floor":22,"gold_loss":85},{"damage_healed":0,"gold_gain":0,"player_choice":"Ignored","damage_taken":0,"max_hp_gain":0,"max_hp_loss":0,"event_name":"Vampires","floor":27,"gold_loss":0},{"damage_healed":0,"gold_gain":0,"player_choice":"Paid","damage_taken":0,"relics_obtained":["Red Mask"],"max_hp_gain":0,"max_hp_loss":0,"event_name":"Tomb of Lord Red Mask","floor":36,"gold_loss":134},{"damage_healed":0,"gold_gain":0,"player_choice":"Memory 1","damage_taken":0,"max_hp_gain":0,"max_hp_loss":0,"event_name":"SensoryStone","floor":39,"gold_loss":0}],"is_beta":false,"boss_relics":[{"not_picked":["Coffee Dripper","Cursed Key"],"picked":"Black Star"},{"not_picked":["Tiny House","Velvet Choker"],"picked":"Pandora\u0027s Box"}],"items_purged_floors":[0,31],"is_endless":false,"potions_floor_spawned":[3,5,12,16,24,30,33,35],"killed_by":"Reptomancer","ascension_level":0}}