{"host":"o7j6aatxjwpw1421","time":1611144047,"event":{"mods":["2.2 Compatiblity","AchievementEnabler","BaseMod","Colored Map","DeckTracker","Highlight Path","Keyboard Shortcuts","Minty Spire (QoL Compilation)","Permanent Neow","Quick Restart","StSLib","SuperFastMode","everything is the same but u backflip on backflip"],"gold_per_floor":[109,34,50,50,60,60,77,77,77,89,102,102,116,145,145,224,224,240,260,13,63,63,95,95,95,95],"floor_reached":25,"language":"KOR","playtime":1199,"items_purged":["Strike_G","Defend_G"],"score":446,"play_id":"f11b6138-2f0f-4798-a63a-14b6a0751a1c","local_time":"20210120210047","is_ascension_mode":true,"campfire_choices":[{"data":"Noxious Fumes","floor":6.0,"key":"SMITH"},{"data":"Neutralize","floor":8.0,"key":"SMITH"},{"data":"Bouncing Flask","floor":12.0,"key":"SMITH"},{"data":"Malaise","floor":15.0,"key":"SMITH"},{"floor":24.0,"key":"REST"}],"circlet_count":0,"master_deck":["AscendersBane","Strike_G","Strike_G","Strike_G","Strike_G","Defend_G+1","Defend_G+1","Defend_G","Survivor","Neutralize+1","Noxious Fumes+1","Poisoned Stab","Bouncing Flask+1","Malaise+1","After Image","Backflip+1","Catalyst","Well Laid Plans","Backflip+1"],"relics":["Ring of the Snake","Thread and Needle","Regal Pillow","Ninja Scroll","SacredBark","Membership Card","War Paint"],"acts_visited":["Exordium","TheCity"],"potions_floor_usage":[25],"damage_taken":[{"damage":0.0,"enemies":"Jaw Worm","floor":1.0,"turns":4.0},{"damage":0.0,"enemies":"Cultist","floor":3.0,"turns":4.0},{"damage":0.0,"enemies":"Small Slimes","floor":5.0,"turns":3.0},{"damage":0.0,"enemies":"Exordium Wildlife","floor":7.0,"turns":4.0},{"damage":0.0,"enemies":"2 Fungi Beasts","floor":10.0,"turns":4.0},{"damage":0.0,"enemies":"Lots of Slimes","floor":11.0,"turns":4.0},{"damage":0.0,"enemies":"Exordium Thugs","floor":13.0,"turns":5.0},{"damage":11.0,"enemies":"Lagavulin","floor":14.0,"turns":5.0},{"damage":30.0,"enemies":"Slime Boss","floor":16.0,"turns":11.0},{"damage":6.0,"enemies":"Spheric Guardian","floor":18.0,"turns":4.0},{"damage":0.0,"enemies":"3 Byrds","floor":19.0,"turns":5.0},{"damage":41.0,"enemies":"Gremlin Leader","floor":23.0,"turns":7.0},{"damage":38,"enemies":"Slavers","floor":25,"turns":6}],"seed_played":"3458902878686563018","potions_obtained":[{"floor":7.0,"key":"SkillPotion"},{"floor":16.0,"key":"Dexterity Potion"},{"floor":23.0,"key":"FearPotion"}],"is_trial":false,"path_per_floor":["M","$","M","?","M","R","M","R","T","M","M","R","M","E","R","B",null,"M","M","$","?","?","E","R","E"],"character_chosen":"THE_SILENT","items_purchased":["Membership Card","Catalyst"],"campfire_rested":1,"item_purchase_floors":[20,20],"current_hp_per_floor":[44,44,44,44,44,44,44,44,44,44,44,44,44,33,33,3,50,44,44,44,44,44,3,37,0,0],"gold":95,"neow_bonus":"ONE_RARE_RELIC","is_daily":false,"chose_seed":false,"campfire_upgraded":4,"win_rate":0.0,"timestamp":1611144047,"path_taken":["M","$","M","?","M","R","M","R","T","M","M","R","M","E","R","BOSS","M","M","$","?","?","E","R","E"],"items_purchased_type":["Relic","Card"],"build_version":"2020-12-22","purchased_purges":2,"victory":false,"max_hp_per_floor":[66,66,66,66,66,66,66,66,66,66,66,66,66,66,66,66,66,66,66,66,66,66,66,66,66,66],"card_choices":[{"not_picked":["Prepared","Dagger Throw"],"picked":"Noxious Fumes","floor":1.0},{"not_picked":["Sucker Punch","Cloak And Dagger"],"picked":"Poisoned Stab","floor":3.0},{"not_picked":["Cloak And Dagger","Backstab","Dodge and Roll"],"picked":"SKIP","floor":5.0},{"not_picked":["Leg Sweep","Quick Slash","Backflip"],"picked":"SKIP","floor":7.0},{"not_picked":["Leg Sweep","PiercingWail"],"picked":"Bouncing Flask","floor":10.0},{"not_picked":["Poisoned Stab","Endless Agony","Deflect"],"picked":"SKIP","floor":11.0},{"not_picked":["Poisoned Stab","Endless Agony","Deflect"],"picked":"SKIP","floor":11.0},{"not_picked":["Poisoned Stab","Sucker Punch","PiercingWail"],"picked":"SKIP","floor":13.0},{"not_picked":["Dodge and Roll","Blade Dance"],"picked":"Malaise","floor":14.0},{"not_picked":["Tools of the Trade","Malaise"],"picked":"After Image","floor":16.0},{"not_picked":["Blade Dance","Cloak And Dagger","Heel Hook"],"picked":"SKIP","floor":18.0},{"not_picked":["Flying Knee","Underhanded Strike"],"picked":"Backflip+1","floor":19.0},{"not_picked":["Blade Dance","Flying Knee"],"picked":"Backflip+1","floor":23.0}],"player_experience":586127,"relics_obtained":[{"floor":9.0,"key":"Regal Pillow"},{"floor":14.0,"key":"Ninja Scroll"},{"floor":23.0,"key":"War Paint"}],"event_choices":[{"cards_removed":["Defend_G"],"damage_healed":0.0,"max_hp_gain":0.0,"max_hp_loss":0.0,"gold_gain":0.0,"event_name":"Bonfire Elementals","player_choice":"Offered Basic","floor":4.0,"gold_loss":0.0,"damage_taken":0.0},{"damage_healed":0.0,"max_hp_gain":0.0,"max_hp_loss":0.0,"gold_gain":50.0,"event_name":"Nest","player_choice":"Stole From Cult","floor":21.0,"gold_loss":0.0,"damage_taken":0.0},{"damage_healed":0.0,"max_hp_gain":0.0,"max_hp_loss":0.0,"gold_gain":0.0,"event_name":"The Library","player_choice":"Read","floor":22.0,"gold_loss":0.0,"damage_taken":0.0,"cards_obtained":["Well Laid Plans"]}],"is_beta":false,"boss_relics":[{"not_picked":["Busted Crown","Calling Bell"],"picked":"SacredBark"}],"items_purged_floors":[2,20],"is_endless":false,"potions_floor_spawned":[7,16,23],"killed_by":"Slavers","ascension_level":20}}