{"host":"m1hsm1cztz438mir","time":1611163546,"event":{"mods":["2.2 Compatiblity","AchievementEnabler","Act Like it!","Aspiration","BaseMod","Better Altar","Better Match","Better Sensory Stone","Better Skull","Better Third Choice","Colored Map","Conjunction","Curses Come First","Halation","Minty Spire (QoL Compilation)","Permanent Neow","Relic Stats","Replay The Spire","Shop Mod","StSLib","Swap Starting Deck Mod"],"gold_per_floor":[109,129,149,204,304,343,370,408,408,444,444,466,493,519,519,634,634,650,70,86,105,45,45,76,76,101,105,105],"floor_reached":27,"language":"ENG","playtime":2336,"items_purged":["Headbutt"],"score":369,"play_id":"4bbe54f5-263d-4342-9a1a-be0eb4d94592","local_time":"20210120172546","is_ascension_mode":true,"campfire_choices":[{"data":"Shockwave","floor":11,"key":"SMITH"},{"floor":15,"key":"REST"},{"floor":23,"key":"REST"}],"circlet_count":0,"master_deck":["Rampage","Headbutt","Headbutt","Headbutt","Shrug It Off","Shrug It Off","Shrug It Off","Shrug It Off","Battle Trance","Shockwave+1","Flex","Dual Wield","ReplayTheSpireMod:Splinters","Havoc","Fire Breathing","Burning Pact","Ghostly Armor","Rage","Havoc","ReplayReversal","Feel No Pain","Corruption","CurseOfTheBell","ReplayTheSpireMod:Muscle Training+1","Dark Embrace+1","ReplayTheSpireMod:Muscle Training","Metamorphosis","Master of Strategy","Evolve+1","Rupture"],"relics":["Burning Blood","swapstartingdeckmod:DeadBlossom","Replay:Bandana","Orichalcum","White Beast Statue","halation:Toothbrush","halation:TwoAmDonut","Calling Bell","Happy Flower","halation:BottledLove","CaptainsWheel","Letter Opener","ReplayTheSpireMod:ShopPack","halation:AfternoonTea","MutagenicStrength","MealTicket"],"acts_visited":["Exordium","TheCity"],"potions_floor_usage":[8,8,14,14,16,16,24,27],"damage_taken":[{"damage":2,"enemies":"Small Slimes","floor":1,"turns":3},{"damage":1,"enemies":"Jaw Worm","floor":2,"turns":3},{"damage":0,"enemies":"Cultist","floor":3,"turns":3},{"damage":22,"enemies":"3 Sentries","floor":6,"turns":7},{"damage":5,"enemies":"Exordium Wildlife","floor":7,"turns":3},{"damage":43,"enemies":"Lagavulin","floor":8,"turns":6},{"damage":7,"enemies":"Gremlin Nob","floor":10,"turns":3},{"damage":4,"enemies":"Large Slime","floor":12,"turns":4},{"damage":5,"enemies":"Blue Slaver","floor":13,"turns":4},{"damage":4,"enemies":"Exordium Thugs","floor":14,"turns":4},{"damage":24,"enemies":"Slime Boss","floor":16,"turns":8},{"damage":6,"enemies":"3 Byrds","floor":18,"turns":5},{"damage":6,"enemies":"Spheric Guardian","floor":20,"turns":4},{"damage":23,"enemies":"Snake Plant","floor":21,"turns":4},{"damage":17,"enemies":"Replay:Snechameleon","floor":24,"turns":5},{"damage":10,"enemies":"Cultist and Chosen","floor":27,"turns":4}],"seed_played":"4860188675544448662","potions_obtained":[{"floor":1,"key":"Conjunction:LightningMarble"},{"floor":4,"key":"Regen Potion"},{"floor":4,"key":"Death Potion"},{"floor":7,"key":"Reflective Coating"},{"floor":10,"key":"Fire Potion"},{"floor":12,"key":"Swift Potion"},{"floor":13,"key":"PowerPotion"},{"floor":14,"key":"Swift Potion"},{"floor":16,"key":"Milkshake"},{"floor":18,"key":"GamblersBrew"},{"floor":20,"key":"ColorlessPotion"},{"floor":24,"key":"Weak Potion"}],"is_trial":false,"path_per_floor":["M","M","M","?","?","E","M","E","T","E","R","M","M","M","R","B",null,"M","$","M","M","?","R","E","?","T","M"],"character_chosen":"IRONCLAD","items_purchased":["Dark Embrace+1","Letter Opener","ReplayTheSpireMod:Muscle Training","ReplayTheSpireMod:ShopPack"],"campfire_rested":2,"item_purchase_floors":[19,19,19,19],"current_hp_per_floor":[73,75,78,78,78,59,57,25,25,21,21,20,18,17,29,8,35,32,34,31,11,11,23,9,9,9,0,0],"gold":105,"neow_bonus":"","is_daily":false,"chose_seed":false,"campfire_upgraded":1,"win_rate":0.0,"timestamp":1611163546,"path_taken":["M","M","M","?","?","E","M","E","T","E","R","M","M","?","R","BOSS","M","$","M","M","?","R","E","?","T","M"],"items_purchased_type":["Card","Relic","Card","Relic"],"build_version":"2020-12-22","purchased_purges":1,"victory":false,"max_hp_per_floor":[80,80,80,80,80,80,80,80,80,80,80,80,80,80,80,80,80,80,83,83,83,83,83,83,83,83,83,83],"relic_stats":{"Happy Flower":[7],"counters":[16,70],"MealTicket":0,"Letter Opener":[75],"Orichalcum":[66],"obtain_stats":[{"Happy Flower":17,"halation:BottledLove":17,"Letter Opener":19,"Orichalcum":6,"Burning Blood":0,"White Beast Statue":8,"Calling Bell":17,"swapstartingdeckmod:DeadBlossom":0,"Replay:Bandana":4,"CaptainsWheel":17,"MutagenicStrength":25,"MealTicket":26,"halation:Toothbrush":9,"halation:TwoAmDonut":10,"halation:AfternoonTea":24,"ReplayTheSpireMod:ShopPack":19},{"Happy Flower":11,"halation:BottledLove":11,"Letter Opener":12,"Orichalcum":4,"Burning Blood":0,"White Beast Statue":6,"Calling Bell":11,"swapstartingdeckmod:DeadBlossom":0,"Replay:Bandana":3,"CaptainsWheel":11,"MutagenicStrength":15,"MealTicket":15,"halation:Toothbrush":6,"halation:TwoAmDonut":7,"halation:AfternoonTea":15,"ReplayTheSpireMod:ShopPack":12},{"Happy Flower":48,"halation:BottledLove":48,"Letter Opener":53,"Orichalcum":16,"Burning Blood":0,"White Beast Statue":25,"Calling Bell":48,"swapstartingdeckmod:DeadBlossom":0,"Replay:Bandana":9,"CaptainsWheel":48,"MutagenicStrength":66,"MealTicket":66,"halation:Toothbrush":25,"halation:TwoAmDonut":28,"halation:AfternoonTea":66,"ReplayTheSpireMod:ShopPack":53}],"Burning Blood":45},"card_choices":[{"not_picked":["True Grit","Heavy Blade"],"picked":"Shockwave","floor":1},{"not_picked":["True Grit","Power Through"],"picked":"Flex","floor":2},{"not_picked":["Wild Strike","Defy Death"],"picked":"Dual Wield","floor":3},{"not_picked":["Iron Wave","Cleave"],"picked":"Havoc","floor":4},{"not_picked":["Bloodletting","Disarm"],"picked":"Fire Breathing","floor":6},{"not_picked":["Massacre","Clothesline"],"picked":"Burning Pact","floor":7},{"not_picked":["Twin Strike","Juggernaut"],"picked":"Ghostly Armor","floor":8},{"not_picked":["Sever Soul","Blood for Blood"],"picked":"Rage","floor":10},{"not_picked":["Sword Boomerang","Run Through"],"picked":"Havoc","floor":12},{"not_picked":["Clothesline","Ghostly Armor"],"picked":"ReplayReversal","floor":13},{"not_picked":["Infernal Blade","Cleave"],"picked":"Feel No Pain","floor":14},{"not_picked":["Barricade","Replay:Many Hands"],"picked":"Corruption","floor":16},{"not_picked":["Twin Strike","Shrug It Off+1"],"picked":"ReplayTheSpireMod:Muscle Training+1","floor":18},{"not_picked":["Crow Ritual","Violence"],"picked":"Metamorphosis","floor":19},{"not_picked":["Madness","Secret Technique"],"picked":"Master of Strategy","floor":19},{"not_picked":["Clothesline","Pommel Strike+1"],"picked":"Evolve+1","floor":20},{"not_picked":["Life Link","Twin Strike","Entrench"],"picked":"SKIP","floor":21},{"not_picked":["Massacre+1","Dark Embrace"],"picked":"Rupture","floor":24}],"player_experience":268902,"relics_obtained":[{"floor":4,"key":"Replay:Bandana"},{"floor":6,"key":"Orichalcum"},{"floor":8,"key":"White Beast Statue"},{"floor":9,"key":"halation:Toothbrush"},{"floor":10,"key":"halation:TwoAmDonut"},{"floor":17,"key":"Happy Flower"},{"floor":17,"key":"halation:BottledLove"},{"floor":17,"key":"CaptainsWheel"},{"floor":24,"key":"halation:AfternoonTea"},{"floor":26,"key":"MealTicket"}],"event_choices":[{"damage_healed":0,"gold_gain":100,"player_choice":"Pray","damage_taken":0,"max_hp_gain":0,"max_hp_loss":0,"event_name":"Golden Shrine","floor":5,"gold_loss":0},{"damage_healed":0,"gold_gain":0,"player_choice":"Inject Mutagens","damage_taken":0,"relics_obtained":["MutagenicStrength"],"max_hp_gain":0,"max_hp_loss":0,"event_name":"Drug Dealer","floor":25,"gold_loss":0}],"is_beta":false,"boss_relics":[{"not_picked":["Mark of Pain","Philosopher\u0027s Stone"],"picked":"Calling Bell"}],"items_purged_floors":[19],"is_endless":false,"potions_floor_spawned":[1,7,10,12,13,14,16,18,20,21,24],"killed_by":"Cultist and Chosen","ascension_level":7}}