{"host":"8u7tvcybuv0u72fd","time":1611113032,"event":{"mods":["BaseMod","BetterRewards","Colored Map","Colored Powertips","Minty Spire (QoL Compilation)","Quick Restart","Shop Mod"],"gold_per_floor":[114,130,141,141,141,141,154,193,193,208,219,219,263,120,120,231,231,242,242,251,269,294,294,310,345,391,391,341,359,359,374,374,480,480,499,499,499,549,188,216,228,243,243,243,257,272,272,281,281,281,281,281,27,62,62],"floor_reached":56,"language":"ENG","playtime":2750,"items_purged":["Strike_R"],"score":1554,"play_id":"2351413c-a600-41ee-94a5-e56396bc212b","local_time":"20210119222352","is_ascension_mode":false,"campfire_choices":[{"data":"Apotheosis","floor":6.0,"key":"SMITH"},{"data":"Body Slam","floor":15.0,"key":"SMITH"},{"data":"Juggernaut","floor":23.0,"key":"SMITH"},{"floor":30.0,"key":"DIG"},{"data":"Bash","floor":32.0,"key":"SMITH"},{"floor":44.0,"key":"DIG"},{"floor":47,"key":"RECALL"},{"floor":49,"key":"DIG"},{"floor":52,"key":"DIG"}],"circlet_count":0,"master_deck":["Strike_R","Strike_R","Strike_R+1","Defend_R","Defend_R","Defend_R","Bash+1","Apotheosis+1","Seeing Red","Shrug It Off","Body Slam+1","Cleave+1","Iron Wave+1","Juggernaut+1","RitualDagger+1","Offering","Dropkick+1","Blind","Pommel Strike+1","Dramatic Entrance+1"],"relics":["Black Blood","Shovel","Self Forming Clay","Pear","HandDrill","CeramicFish","Letter Opener","Molten Egg 2","Akabeko","InkBottle","Lantern","Bag of Marbles","Bag of Preparation","Fusion Hammer","StoneCalendar","Pen Nib","Ornamental Fan","Whetstone","Eternal Feather","Sundial","Kunai","Vajra"],"acts_visited":["Exordium","TheCity","TheBeyond","TheEnding"],"potions_floor_usage":[55,55,55],"damage_taken":[{"damage":0.0,"enemies":"2 Louse","floor":1.0,"turns":4.0},{"damage":1.0,"enemies":"Jaw Worm","floor":2.0,"turns":3.0},{"damage":0.0,"enemies":"Cultist","floor":3.0,"turns":4.0},{"damage":0.0,"enemies":"Large Slime","floor":7.0,"turns":6.0},{"damage":11.0,"enemies":"3 Sentries","floor":8.0,"turns":9.0},{"damage":12.0,"enemies":"Exordium Thugs","floor":10.0,"turns":4.0},{"damage":0.0,"enemies":"Blue Slaver","floor":11.0,"turns":3.0},{"damage":0.0,"enemies":"Gremlin Nob","floor":13.0,"turns":3.0},{"damage":40.0,"enemies":"Slime Boss","floor":16.0,"turns":11.0},{"damage":5.0,"enemies":"Chosen","floor":18.0,"turns":4.0},{"damage":5.0,"enemies":"3 Byrds","floor":21.0,"turns":3.0},{"damage":5.0,"enemies":"Centurion and Healer","floor":24.0,"turns":5.0},{"damage":24.0,"enemies":"Slavers","floor":25.0,"turns":4.0},{"damage":0.0,"enemies":"3 Cultists","floor":29.0,"turns":4.0},{"damage":2.0,"enemies":"Cultist and Chosen","floor":31.0,"turns":6.0},{"damage":52.0,"enemies":"Champ","floor":33.0,"turns":10.0},{"damage":6.0,"enemies":"3 Darklings","floor":35.0,"turns":2.0},{"damage":17.0,"enemies":"Mind Bloom Boss Battle","floor":38.0,"turns":3.0},{"damage":0.0,"enemies":"Orb Walker","floor":40.0,"turns":1.0},{"damage":27.0,"enemies":"Maw","floor":41.0,"turns":5.0},{"damage":0.0,"enemies":"Sphere and 2 Shapes","floor":42.0,"turns":2.0},{"damage":6.0,"enemies":"3 Darklings","floor":45.0,"turns":2.0},{"damage":6.0,"enemies":"Spire Growth","floor":46.0,"turns":1.0},{"damage":55,"enemies":"Time Eater","floor":50,"turns":8},{"damage":11,"enemies":"Shield and Spear","floor":54,"turns":4},{"damage":45,"enemies":"The Heart","floor":55,"turns":7}],"seed_played":"7939018668837141674","potions_obtained":[{"floor":1.0,"key":"DuplicationPotion"},{"floor":8.0,"key":"Energy Potion"},{"floor":11.0,"key":"SteroidPotion"},{"floor":16.0,"key":"Swift Potion"},{"floor":21.0,"key":"Block Potion"},{"floor":31.0,"key":"Block Potion"},{"floor":33.0,"key":"EssenceOfSteel"},{"floor":35.0,"key":"Fruit Juice"}],"is_trial":false,"path_per_floor":["M","M","M","?","?","R","M","E","T","M","M","?","E","$","R","B",null,"M","$","?","M","T","R","M","E","T","T","$","M","R","M","R","B",null,"M","$","?","?","$","M","M","M","T","R","M","M","R","?","R","B",null,"R","$","E","B",null],"character_chosen":"IRONCLAD","items_purchased":["Apotheosis","Self Forming Clay","Pear","HandDrill","FearPotion","Seeing Red","Akabeko","Swift Potion","Pen Nib","SkillPotion","Ancient Potion","Blind","Kunai"],"campfire_rested":0,"item_purchase_floors":[0,0,0,0,0,0,14,28,39,39,39,39,53],"current_hp_per_floor":[48,53,59,52,52,52,58,53,53,47,53,53,59,59,59,25,90,90,90,84,90,90,90,90,78,78,78,78,90,90,90,90,50,90,95,95,95,90,90,95,80,92,92,92,95,95,95,95,95,52,95,95,95,95,62],"gold":62,"neow_bonus":"","is_daily":false,"chose_seed":false,"campfire_upgraded":4,"win_rate":0.0,"timestamp":1611113032,"path_taken":["M","M","M","?","?","R","M","E","T","M","?","?","E","$","R","BOSS","M","$","?","M","?","R","M","E","T","?","$","M","R","?","R","BOSS","M","$","?","?","$","M","M","M","T","R","?","M","R","?","R","BOSS","R","$","E","BOSS"],"items_purchased_type":["Card","Relic","Relic","Relic","Potion","Card","Relic","Potion","Relic","Potion","Potion","Card","Relic"],"build_version":"2020-12-22","purchased_purges":1,"victory":true,"max_hp_per_floor":[90,90,90,90,90,90,90,90,90,90,90,90,90,90,90,90,90,90,90,90,90,90,90,90,90,90,90,90,90,90,90,90,90,90,95,95,95,95,95,95,95,95,95,95,95,95,95,95,95,95,95,95,95,95,95],"card_choices":[{"not_picked":["Sword Boomerang","Anger","Twin Strike"],"picked":"SKIP","floor":1.0},{"not_picked":["Perfected Strike","Hemokinesis"],"picked":"Shrug It Off","floor":2.0},{"not_picked":["Inflame","Anger"],"picked":"Body Slam","floor":3.0},{"not_picked":["Dual Wield","Iron Wave","Body Slam"],"picked":"SKIP","floor":7.0},{"not_picked":["Thunderclap","Clothesline"],"picked":"Cleave","floor":8.0},{"not_picked":["Cleave","Reckless Charge","Flex"],"picked":"SKIP","floor":10.0},{"not_picked":["Carnage","Reaper","Warcry"],"picked":"SKIP","floor":11.0},{"not_picked":["Inflame","Sword Boomerang+1"],"picked":"Iron Wave+1","floor":13.0},{"not_picked":["Corruption","Exhume"],"picked":"Juggernaut","floor":16.0},{"not_picked":["Iron Wave+1","Flex","Metallicize"],"picked":"SKIP","floor":18.0},{"not_picked":["Entrench","Dark Embrace","Wild Strike+1"],"picked":"SKIP","floor":21.0},{"not_picked":["Heavy Blade+1","Body Slam+1","Power Through"],"picked":"SKIP","floor":24.0},{"not_picked":["Flex","Armaments","Havoc"],"picked":"SKIP","floor":25.0},{"not_picked":["Combust","Sentinel","Iron Wave+1"],"picked":"SKIP","floor":29.0},{"not_picked":["Fiend Fire+1","Feel No Pain","Carnage+1"],"picked":"SKIP","floor":31.0},{"not_picked":["Demon Form","Limit Break"],"picked":"Offering","floor":33.0},{"not_picked":["Iron Wave+1","Sword Boomerang+1"],"picked":"Dropkick+1","floor":35.0},{"not_picked":["Second Wind+1","Combust"],"picked":"Pommel Strike+1","floor":40.0},{"not_picked":["Twin Strike+1","Anger+1","Iron Wave+1"],"picked":"SKIP","floor":41.0},{"not_picked":["Shockwave+1","Perfected Strike+1","Limit Break"],"picked":"SKIP","floor":42.0},{"not_picked":["Cleave+1","Anger+1","Body Slam+1"],"picked":"SKIP","floor":45.0},{"not_picked":["Thunderclap+1","True Grit+1","Bloodletting"],"picked":"SKIP","floor":46.0},{"not_picked":["Master of Strategy","PanicButton"],"picked":"Dramatic Entrance+1","floor":48},{"not_picked":["True Grit","Thunderclap+1","Spot Weakness+1"],"picked":"SKIP","floor":54}],"player_experience":1371832,"relics_obtained":[{"floor":8.0,"key":"CeramicFish"},{"floor":9.0,"key":"Letter Opener"},{"floor":13.0,"key":"Molten Egg 2"},{"floor":25.0,"key":"InkBottle"},{"floor":26.0,"key":"Lantern"},{"floor":27.0,"key":"Bag of Marbles"},{"floor":30.0,"key":"Bag of Preparation"},{"floor":38.0,"key":"StoneCalendar"},{"floor":43.0,"key":"Ornamental Fan"},{"floor":44.0,"key":"Whetstone"},{"floor":49,"key":"Eternal Feather"},{"floor":52,"key":"Sundial"},{"floor":54,"key":"Vajra"}],"event_choices":[{"cards_removed":["Strike_R"],"damage_healed":0.0,"max_hp_gain":0.0,"max_hp_loss":0.0,"gold_gain":0.0,"event_name":"Golden Wing","player_choice":"Card Removal","floor":4.0,"gold_loss":0.0,"damage_taken":7.0},{"damage_healed":0.0,"max_hp_gain":0.0,"max_hp_loss":0.0,"gold_gain":0.0,"event_name":"Purifier","player_choice":"Ignored","floor":5.0,"gold_loss":0.0,"damage_taken":0.0},{"damage_healed":0.0,"max_hp_gain":0.0,"max_hp_loss":0.0,"gold_gain":0.0,"event_name":"Liars Game","player_choice":"Ignored","floor":12.0,"gold_loss":0.0,"damage_taken":0.0},{"damage_healed":0.0,"max_hp_gain":0.0,"max_hp_loss":0.0,"gold_gain":0.0,"event_name":"Nest","player_choice":"Joined the Cult","floor":20.0,"gold_loss":0.0,"damage_taken":6.0,"cards_obtained":["RitualDagger"]},{"cards_removed":["Defend_R"],"damage_healed":0.0,"max_hp_gain":0.0,"max_hp_loss":0.0,"gold_gain":0.0,"event_name":"Falling","player_choice":"Removed Skill","floor":37.0,"gold_loss":0.0,"damage_taken":0.0},{"damage_healed":0.0,"max_hp_gain":0.0,"max_hp_loss":0.0,"gold_gain":0.0,"event_name":"MindBloom","player_choice":"Fight","floor":38.0,"gold_loss":0.0,"damage_taken":0.0},{"damage_healed":0,"gold_gain":0,"player_choice":"Memory 1","damage_taken":0,"max_hp_gain":0,"max_hp_loss":0,"event_name":"SensoryStone","floor":48,"gold_loss":0}],"is_beta":false,"boss_relics":[{"not_picked":["Philosopher\u0027s Stone","Coffee Dripper"],"picked":"Black Blood"},{"not_picked":["Black Star","Velvet Choker"],"picked":"Fusion Hammer"}],"items_purged_floors":[0],"is_endless":false,"potions_floor_spawned":[1,8,11,16,21,31,33,35,45,46],"ascension_level":0}}