{"host":"0j49nvi4cbm626s8","time":1611144757,"event":{"mods":["AchievementEnabler","BaseMod","Highlight Path","Marisa????????","Minty Spire (QoL Compilation)"],"gold_per_floor":[113,113,132,150,75,75,103,178,178,178,218,300,300,360,360,719,719,792,846,846,506,431,496,496,411,411,411,275,275,344,344,344,1271,1271,1434,1434,1549,1549,1600,1600,1908,1908,1958,2081,1740,1740,2334,2020,2020,2914],"floor_reached":51,"language":"ENG","playtime":2848,"items_purged":["Strike_MRS","Strike_MRS","Defend_MRS","UpSweep","Defend_MRS"],"score":1406,"play_id":"7d8c777f-da68-49f9-966f-43a10395cb85","local_time":"20210120131237","is_ascension_mode":true,"campfire_choices":[{"data":"OortCloud","floor":6,"key":"SMITH"},{"data":"AsteroidBelt","floor":10,"key":"SMITH"},{"data":"EnergyRecoil","floor":13,"key":"SMITH"},{"data":"Robbery","floor":15,"key":"SMITH"},{"floor":24,"key":"REST"},{"data":"UltimateShortwave","floor":27,"key":"SMITH"},{"data":"SprinkleStarSeal","floor":29,"key":"SMITH"},{"data":"GalacticHalo","floor":32,"key":"SMITH"},{"data":"Acceleration","floor":40,"key":"SMITH"},{"data":"EnergyRecoil","floor":42,"key":"SMITH"},{"data":"Defend_MRS","floor":49,"key":"SMITH"}],"circlet_count":0,"master_deck":["AscendersBane","Defend_MRS+1","Defend_MRS","MasterSpark","OortCloud+1","AsteroidBelt+1","Robbery+1","Parasite","Parasite","EnergyRecoil+1","GalacticHalo+1","UltimateShortwave+1","Acceleration+1","SprinkleStarSeal+1","EnergyRecoil+1","AsteroidBelt+1","OortCloud+1"],"relics":["MiniHakkero","Blood Vial","HandmadeGrimoire","Oddly Smooth Stone","ShroomBag","White Beast Statue","RampagingMagicTools","MutagenicStrength","Membership Card","Bottled Tornado","Bronze Scales","Centennial Puzzle","Ornamental Fan","PreservedInsect","Turnip","Runic Dome","Akabeko","Toxic Egg 2","Darkstone Periapt","Boot","Omamori","TheAbacus"],"acts_visited":["Exordium","TheCity","TheBeyond"],"potions_floor_usage":[7,16,16,18,23,23,50],"damage_taken":[{"damage":2,"enemies":"2 Louse","floor":1,"turns":2},{"damage":0,"enemies":"Jaw Worm","floor":3,"turns":4},{"damage":0,"enemies":"Small Slimes","floor":4,"turns":3},{"damage":1,"enemies":"Lagavulin","floor":7,"turns":9},{"damage":0,"enemies":"2 Fungi Beasts","floor":11,"turns":6},{"damage":7,"enemies":"The Mushroom Lair","floor":12,"turns":11},{"damage":24,"enemies":"Gremlin Nob","floor":14,"turns":7},{"damage":32,"enemies":"Slime Boss","floor":16,"turns":10},{"damage":13,"enemies":"2 Thieves","floor":18,"turns":5},{"damage":1,"enemies":"Spheric Guardian","floor":19,"turns":10},{"damage":30,"enemies":"Gremlin Leader","floor":23,"turns":10},{"damage":0,"enemies":"Shelled Parasite and Fungi","floor":30,"turns":7},{"damage":0,"enemies":"Champ","floor":33,"turns":8},{"damage":8,"enemies":"Orb Walker","floor":35,"turns":9},{"damage":0,"enemies":"3 Darklings","floor":37,"turns":17},{"damage":6,"enemies":"4 Shapes","floor":39,"turns":13},{"damage":0,"enemies":"Writhing Mass","floor":41,"turns":5},{"damage":0,"enemies":"3 Darklings","floor":44,"turns":21},{"damage":8,"enemies":"Transient","floor":47,"turns":5},{"damage":0,"enemies":"Time Eater","floor":50,"turns":7}],"seed_played":"-2432416027633895658","potions_obtained":[{"floor":1,"key":"BottledSpark"},{"floor":7,"key":"GamblersBrew"},{"floor":12,"key":"Swift Potion"},{"floor":16,"key":"AttackPotion"},{"floor":18,"key":"BottledSpark"},{"floor":19,"key":"LiquidBronze"},{"floor":23,"key":"BlessingOfTheForge"},{"floor":30,"key":"LiquidBronze"},{"floor":35,"key":"SkillPotion"},{"floor":39,"key":"StarNLove"},{"floor":44,"key":"FairyPotion"}],"is_trial":false,"path_per_floor":["M","?","M","M","$","R","E","?","T","R","M","?","R","E","R","B",null,"M","M","?","$","?","E","R","?","T","R","$","R","M","T","R","B",null,"M","?","M","?","M","R","M","R","T","M","$","?","M","$","R","B",null],"character_chosen":"MARISA","items_purchased":["Membership Card","Bottled Tornado","EnergyRecoil","PreservedInsect","Toxic Egg 2","Darkstone Periapt","AsteroidBelt+1","Boot","Omamori","TheAbacus"],"campfire_rested":1,"item_purchase_floors":[21,21,21,28,45,45,45,48,48,48],"current_hp_per_floor":[63,63,65,67,67,67,68,57,57,57,59,54,54,36,36,10,55,48,53,53,53,53,29,50,50,50,50,50,50,56,56,56,62,68,62,62,66,66,62,62,66,66,66,66,66,66,60,60,60,66],"gold":2914,"neow_bonus":"RANDOM_COMMON_RELIC","is_daily":false,"chose_seed":false,"campfire_upgraded":10,"win_rate":0.0,"timestamp":1611144757,"path_taken":["M","?","M","M","$","R","E","?","T","R","M","?","R","E","R","BOSS","M","M","?","$","?","E","R","?","T","R","$","R","M","?","R","BOSS","M","?","M","?","M","R","M","R","T","M","$","?","M","$","R","BOSS"],"items_purchased_type":["Relic","Relic","Card","Relic","Relic","Relic","Card","Relic","Relic","Relic"],"build_version":"2020-12-22","purchased_purges":5,"victory":true,"max_hp_per_floor":[70,70,70,70,70,70,70,70,70,70,70,70,70,70,70,70,70,70,70,70,70,70,70,70,70,70,70,70,70,70,70,70,70,70,70,66,66,66,66,66,66,66,66,66,66,66,66,66,66,66],"card_choices":[{"not_picked":["MysteriousBeam","AsteroidBelt"],"picked":"OortCloud","floor":1},{"not_picked":["GrandCross","SporeBomb"],"picked":"AsteroidBelt","floor":3},{"not_picked":["Orbital","WitchLeyline","OneTimeOff"],"picked":"SKIP","floor":4},{"not_picked":["MagicChant","GrandCross"],"picked":"Robbery","floor":7},{"not_picked":["ShootingEcho","Acceleration","DoubleSpark"],"picked":"SKIP","floor":11},{"not_picked":["6A","GalacticHalo"],"picked":"EnergyRecoil","floor":12},{"not_picked":["BigCrunch","MilkyWay"],"picked":"GalacticHalo","floor":14},{"not_picked":["CasketOfStar","AbsoluteMagnitude"],"picked":"UltimateShortwave","floor":16},{"not_picked":["DC","LuminesStrike"],"picked":"Acceleration","floor":18},{"not_picked":["ShootingEcho","ChargeUpSpray"],"picked":"SprinkleStarSeal","floor":19},{"not_picked":["OneTimeOff","DeepEcoloBomb+1","RefractionSpark"],"picked":"SKIP","floor":23},{"not_picked":["UnstableBomb","PowerUp","WitchOfGreed"],"picked":"SKIP","floor":30},{"not_picked":["PowerUp","MilkyWay","6A"],"picked":"SKIP","floor":35},{"not_picked":["SuperPerseids","MysteriousBeam","MeteoricShower"],"picked":"SKIP","floor":37},{"not_picked":["UnstableBomb","PowerUp","MagicChant"],"picked":"SKIP","floor":39},{"not_picked":["PowerUp","RefractionSpark","GrandCross"],"picked":"SKIP","floor":41},{"not_picked":["NonDirectionalLaser","GrandCross+1","Occultation+1"],"picked":"SKIP","floor":44},{"not_picked":["StarDustReverie+1","OrrerysSun+1","AlicesGift"],"picked":"SKIP","floor":47}],"player_experience":252864,"relics_obtained":[{"floor":7,"key":"HandmadeGrimoire"},{"floor":9,"key":"Oddly Smooth Stone"},{"floor":12,"key":"ShroomBag"},{"floor":14,"key":"White Beast Statue"},{"floor":23,"key":"Bronze Scales"},{"floor":26,"key":"Ornamental Fan"},{"floor":31,"key":"Turnip"},{"floor":43,"key":"Akabeko"}],"event_choices":[{"cards_removed":["Strike_MRS"],"damage_healed":0,"gold_gain":0,"player_choice":"Forget","damage_taken":0,"max_hp_gain":0,"max_hp_loss":0,"event_name":"Living Wall","floor":2,"gold_loss":0},{"damage_healed":0,"gold_gain":75,"player_choice":"Gather Gold","damage_taken":11,"max_hp_gain":0,"max_hp_loss":0,"event_name":"World of Goop","floor":8,"gold_loss":0},{"damage_healed":0,"gold_gain":0,"player_choice":"Fought Mushrooms","damage_taken":0,"max_hp_gain":0,"max_hp_loss":0,"event_name":"Mushrooms_MRS","floor":12,"gold_loss":0},{"damage_healed":0,"gold_gain":0,"player_choice":"Inject Mutagens","damage_taken":0,"relics_obtained":["MutagenicStrength"],"max_hp_gain":0,"max_hp_loss":0,"event_name":"Drug Dealer","floor":20,"gold_loss":0},{"cards_removed":["Strike_MRS"],"damage_healed":0,"gold_gain":0,"player_choice":"Gave Gold","damage_taken":0,"max_hp_gain":0,"max_hp_loss":0,"event_name":"Beggar","floor":22,"gold_loss":75},{"damage_healed":0,"gold_gain":0,"player_choice":"Obtained Relic","damage_taken":0,"relics_obtained":["Centennial Puzzle"],"max_hp_gain":0,"max_hp_loss":0,"event_name":"Addict","floor":25,"gold_loss":85},{"damage_healed":0,"gold_gain":0,"player_choice":"Max HP","damage_taken":0,"max_hp_gain":0,"max_hp_loss":4,"event_name":"Winding Halls","floor":36,"gold_loss":0},{"damage_healed":0,"gold_gain":0,"player_choice":"Ignored","damage_taken":0,"max_hp_gain":0,"max_hp_loss":0,"event_name":"Tomb of Lord Red Mask","floor":38,"gold_loss":0},{"damage_healed":0,"gold_gain":0,"player_choice":"Copied","damage_taken":0,"max_hp_gain":0,"max_hp_loss":0,"event_name":"Duplicator","floor":46,"gold_loss":0,"cards_obtained":["OortCloud"]}],"is_beta":false,"boss_relics":[{"not_picked":["Tiny House","Snecko Eye"],"picked":"RampagingMagicTools"},{"not_picked":["Philosopher\u0027s Stone","Runic Pyramid"],"picked":"Runic Dome"}],"items_purged_floors":[5,21,28,45,48],"is_endless":false,"potions_floor_spawned":[1,7,12,14,16,18,19,23,30,33,35,37,39,41,44,47],"ascension_level":15}}