{"host":"gk9qdtkqd8dwfeg2","time":1611130452,"event":{"mods":["Act Like it!","Aspiration","BaseMod","Colored Powertips","KomeijiMod","Minty Spire (QoL Compilation)","Quick Restart","Replay The Spire","Shop Mod","StSLib","TestMod","The Gatherer","The Servant 0.9.4","Waifu the Spire","WarShipGirlsR/战舰少女R mod","Yuri Mod","【遗物卡牌】REMEMod"],"gold_per_floor":[111,386,27,38,38,68,68,96,96,96,110,110,141,156,156,156,156],"floor_reached":16,"language":"ZHS","playtime":330,"items_purged":[],"score":336,"play_id":"33e40b2d-c242-4814-91c7-3918c671374e","local_time":"20210120161412","is_ascension_mode":true,"campfire_choices":[{"data":"Eruption","floor":7.0,"key":"SMITH"},{"data":"Phantasmal Killer","floor":15,"key":"SMITH"}],"circlet_count":0,"master_deck":["AscendersBane","Strike_P","Strike_P","Strike_P","Defend_P","Defend_P","Defend_P","Defend_P","Eruption+1","Vigilance","Phantasmal Killer+1","Consecrate","ForeignInfluence","CutThroughFate","BowlingBash","CarveReality","FearNoEvil","SignatureMove"],"relics":["PureWater","testmod-TestBox","REME_ComplimentaryCards","testmod-Temperance","NeowsBlessing","White Beast Statue","Oddly Smooth Stone","testmod-LifeArmor","Golden Idol","Juzu Bracelet"],"acts_visited":["Exordium"],"potions_floor_usage":[13,14,16],"damage_taken":[{"damage":0.0,"enemies":"Jaw Worm","floor":1.0,"turns":1.0},{"damage":0.0,"enemies":"Cultist","floor":4.0,"turns":1.0},{"damage":0.0,"enemies":"Gremlin Nob","floor":6.0,"turns":1.0},{"damage":7.0,"enemies":"3 Sentries","floor":8.0,"turns":5.0},{"damage":2.0,"enemies":"Small Slimes","floor":11.0,"turns":3.0},{"damage":0,"enemies":"Lagavulin","floor":13,"turns":3},{"damage":0,"enemies":"Exordium Wildlife","floor":14,"turns":1},{"damage":32,"enemies":"Hexaghost","floor":16,"turns":9}],"seed_played":"5047713183023268391","potions_obtained":[{"floor":4.0,"key":"Elixir"},{"floor":6.0,"key":"FearPotion"},{"floor":8.0,"key":"Ambrosia"},{"floor":13,"key":"Explosive Potion"},{"floor":14,"key":"testmod-EscapePotion"}],"is_trial":false,"path_per_floor":["M","?","$","M","$","E","R","E","T","$","M","?","E","M","R","B"],"character_chosen":"WATCHER","items_purchased":["White Beast Statue","ForeignInfluence"],"campfire_rested":0,"item_purchase_floors":[3,3],"current_hp_per_floor":[61,61,61,61,61,61,61,54,54,54,52,52,52,52,52,20,20],"gold":156,"neow_bonus":"THREE_ENEMY_KILL","is_daily":false,"chose_seed":false,"campfire_upgraded":2,"win_rate":0.0,"timestamp":1611130452,"path_taken":["M","?","?","M","$","E","R","E","T","$","M","?","E","M","R","BOSS"],"items_purchased_type":["Relic","Card"],"build_version":"2020-12-22","purchased_purges":0,"victory":false,"max_hp_per_floor":[68,68,68,68,68,68,68,68,68,68,68,68,68,68,68,68,68],"card_choices":[{"not_picked":["Swivel","CrushJoints"],"picked":"Consecrate","floor":1.0},{"not_picked":["Prostrate","Vengeance"],"picked":"CutThroughFate","floor":4.0},{"not_picked":["WaveOfTheHand","Replay:ManipulateFuture"],"picked":"BowlingBash","floor":6.0},{"not_picked":["Replay:DivineShield","FollowUp","Prostrate"],"picked":"SKIP","floor":8.0},{"not_picked":["Replay:AtTheReady","Evaluate"],"picked":"CarveReality","floor":11.0},{"not_picked":["CarveReality","Alpha"],"picked":"FearNoEvil","floor":13},{"not_picked":["CutThroughFate","BowlingBash"],"picked":"SignatureMove","floor":14}],"player_experience":665830,"relics_obtained":[{"floor":6.0,"key":"Oddly Smooth Stone"},{"floor":8.0,"key":"testmod-LifeArmor"},{"floor":13,"key":"Juzu Bracelet"}],"event_choices":[{"damage_healed":0.0,"max_hp_gain":0.0,"max_hp_loss":0.0,"gold_gain":275.0,"event_name":"Golden Shrine","player_choice":"Desecrate","floor":2.0,"gold_loss":0.0,"damage_taken":0.0,"cards_obtained":["Regret"]},{"damage_healed":0.0,"max_hp_gain":0.0,"max_hp_loss":0.0,"gold_gain":0.0,"event_name":"Golden Idol","player_choice":"Take Wound","floor":12.0,"gold_loss":0.0,"damage_taken":0.0,"relics_obtained":["Golden Idol"],"cards_obtained":["Injury"]}],"is_beta":false,"boss_relics":[],"items_purged_floors":[],"is_endless":false,"potions_floor_spawned":[4,6,8,11,13,14],"killed_by":"Hexaghost","ascension_level":20}}