{"host":"c52z9ixzgdjttcmx","time":1611174318,"event":{"mods":["BaseMod","Colored Powertips","Minty Spire (QoL Compilation)","Rare Cards Sparkle","Relic Stats"],"gold_per_floor":[109,121,134,134,59,59,7,33,56,88,88,99,129,143,143,218,218,228,238,253,47,97,127,127,154,154,154,165,180,10,10,10,10,10],"floor_reached":33,"language":"ENG","playtime":1401,"items_purged":[],"score":534,"play_id":"92d27d98-ff80-4408-857e-9bf0372349f1","local_time":"20210120142518","is_ascension_mode":true,"campfire_choices":[{"data":"Terror","floor":6,"key":"SMITH"},{"floor":11,"key":"REST"},{"floor":15,"key":"REST"},{"floor":24,"key":"REST"},{"floor":27,"key":"REST"},{"floor":32,"key":"REST"}],"circlet_count":0,"master_deck":["AscendersBane","Strike_G","Strike_G","Strike_G","Strike_G","Strike_G","Defend_G","Defend_G","Defend_G","Defend_G","Defend_G","Survivor","Neutralize","Blade Dance","Terror+1","Sucker Punch","Envenom","Crippling Poison","Backflip","Distraction","Footwork","Night Terror","Dagger Spray","Accuracy","Deflect","Corpse Explosion","Prepared","Acrobatics","Tactician","Escape Plan+1","Dagger Throw+1","Backflip"],"relics":["Ring of the Snake","NeowsBlessing","Lantern","Anchor","White Beast Statue","Orichalcum","Snake Skull","StrikeDummy","Fusion Hammer","Potion Belt","Gremlin Horn","Pear","TwistedFunnel"],"acts_visited":["Exordium","TheCity"],"potions_floor_usage":[10,12,16,20,23,25,28,29,33],"damage_taken":[{"damage":0,"enemies":"Small Slimes","floor":1,"turns":2},{"damage":0,"enemies":"Jaw Worm","floor":2,"turns":1},{"damage":0,"enemies":"Cultist","floor":3,"turns":1},{"damage":29,"enemies":"3 Sentries","floor":8,"turns":11},{"damage":17,"enemies":"Gremlin Nob","floor":10,"turns":4},{"damage":2,"enemies":"Large Slime","floor":12,"turns":3},{"damage":8,"enemies":"3 Sentries","floor":13,"turns":6},{"damage":0,"enemies":"Lots of Slimes","floor":14,"turns":2},{"damage":4,"enemies":"Hexaghost","floor":16,"turns":9},{"damage":13,"enemies":"2 Thieves","floor":18,"turns":3},{"damage":0,"enemies":"Chosen","floor":19,"turns":3},{"damage":17,"enemies":"Snecko","floor":20,"turns":5},{"damage":29,"enemies":"Gremlin Leader","floor":23,"turns":6},{"damage":24,"enemies":"Book of Stabbing","floor":25,"turns":6},{"damage":14,"enemies":"Snake Plant","floor":28,"turns":3},{"damage":4,"enemies":"Centurion and Healer","floor":29,"turns":5},{"damage":56,"enemies":"Champ","floor":33,"turns":8}],"seed_played":"-6185089009801187828","potions_obtained":[{"floor":3,"key":"PowerPotion"},{"floor":8,"key":"DistilledChaos"},{"floor":10,"key":"SpeedPotion"},{"floor":12,"key":"GamblersBrew"},{"floor":13,"key":"FairyPotion"},{"floor":14,"key":"DistilledChaos"},{"floor":16,"key":"PowerPotion"},{"floor":20,"key":"SteroidPotion"},{"floor":23,"key":"Strength Potion"},{"floor":25,"key":"Dexterity Potion"},{"floor":28,"key":"Swift Potion"},{"floor":29,"key":"Dexterity Potion"}],"is_trial":false,"path_per_floor":["M","M","M","?","?","R","?","E","T","E","R","M","E","M","R","B",null,"M","M","M","$","?","E","R","E","T","R","M","M","$","?","R","B"],"character_chosen":"THE_SILENT","items_purchased":["Corpse Explosion","Prepared","TwistedFunnel","Backflip"],"campfire_rested":5,"item_purchase_floors":[21,21,30,30],"current_hp_per_floor":[59,59,59,59,59,59,59,30,30,13,32,30,22,22,41,37,59,46,46,29,29,29,19,38,14,24,46,32,28,28,16,38,0,0],"gold":10,"neow_bonus":"THREE_ENEMY_KILL","is_daily":false,"chose_seed":false,"campfire_upgraded":1,"win_rate":0.0,"timestamp":1611174318,"path_taken":["M","M","M","?","?","R","?","E","T","E","R","?","E","M","R","BOSS","M","M","M","$","?","E","R","E","T","R","M","?","?","?","R","BOSS"],"items_purchased_type":["Card","Card","Relic","Card"],"build_version":"2020-12-22","purchased_purges":0,"victory":false,"max_hp_per_floor":[66,66,66,66,66,66,66,66,66,66,66,66,66,66,66,66,66,66,66,66,66,66,66,66,66,76,76,76,76,76,76,76,76,76],"relic_stats":{"Gremlin Horn":[1,1],"counters":[17,78],"Snake Skull":[125],"Orichalcum":[66],"obtain_stats":[{"Potion Belt":23,"TwistedFunnel":30,"Lantern":4,"Pear":26,"NeowsBlessing":0,"Gremlin Horn":25,"Snake Skull":10,"Orichalcum":9,"White Beast Statue":8,"Anchor":7,"Fusion Hammer":17,"StrikeDummy":13,"Ring of the Snake":0},{"Potion Belt":13,"TwistedFunnel":16,"Lantern":3,"Pear":14,"NeowsBlessing":0,"Gremlin Horn":14,"Snake Skull":5,"Orichalcum":4,"White Beast Statue":4,"Anchor":3,"Fusion Hammer":9,"StrikeDummy":7,"Ring of the Snake":0},{"Potion Belt":56,"TwistedFunnel":70,"Lantern":4,"Pear":62,"NeowsBlessing":0,"Gremlin Horn":62,"Snake Skull":19,"Orichalcum":15,"White Beast Statue":15,"Anchor":4,"Fusion Hammer":39,"StrikeDummy":28,"Ring of the Snake":0}],"Ring of the Snake":[34]},"card_choices":[{"not_picked":["Deflect","Outmaneuver"],"picked":"Blade Dance","floor":1},{"not_picked":["Acrobatics","PiercingWail"],"picked":"Terror","floor":2},{"not_picked":["Heel Hook","Tactician"],"picked":"Sucker Punch","floor":3},{"not_picked":["Prepared","Distraction"],"picked":"Envenom","floor":8},{"not_picked":["Concentrate","Endless Agony"],"picked":"Crippling Poison","floor":10},{"not_picked":["Prepared","Predator"],"picked":"Backflip","floor":12},{"not_picked":["Terror","Dagger Throw"],"picked":"Distraction","floor":13},{"not_picked":["Caltrops","Acrobatics"],"picked":"Footwork","floor":14},{"not_picked":["Storm of Steel","Malaise"],"picked":"Night Terror","floor":16},{"not_picked":["Concentrate","Outmaneuver"],"picked":"Dagger Spray","floor":18},{"not_picked":["Quick Slash","Poisoned Stab"],"picked":"Accuracy","floor":19},{"not_picked":["Expertise","Masterful Stab"],"picked":"Deflect","floor":20},{"not_picked":["Underhanded Strike","Outmaneuver"],"picked":"Acrobatics","floor":23},{"not_picked":["Cloak And Dagger","Slice"],"picked":"Tactician","floor":25},{"not_picked":["Tactician","Slice"],"picked":"Escape Plan+1","floor":28},{"not_picked":["PiercingWail","Dodge and Roll"],"picked":"Dagger Throw+1","floor":29}],"player_experience":3294890,"relics_obtained":[{"floor":8,"key":"White Beast Statue"},{"floor":9,"key":"Orichalcum"},{"floor":10,"key":"Snake Skull"},{"floor":13,"key":"StrikeDummy"},{"floor":23,"key":"Potion Belt"},{"floor":25,"key":"Gremlin Horn"},{"floor":26,"key":"Pear"}],"event_choices":[{"damage_healed":0,"gold_gain":0,"player_choice":"Box","damage_taken":0,"relics_obtained":["Lantern"],"max_hp_gain":0,"max_hp_loss":0,"event_name":"Big Fish","floor":4,"gold_loss":0,"cards_obtained":["Regret"]},{"cards_removed":["Regret"],"damage_healed":0,"gold_gain":0,"player_choice":"Card Removal","damage_taken":0,"max_hp_gain":0,"max_hp_loss":0,"event_name":"The Cleric","floor":5,"gold_loss":75},{"damage_healed":0,"gold_gain":0,"player_choice":"Paid Gold","damage_taken":0,"relics_obtained":["Anchor"],"max_hp_gain":0,"max_hp_loss":0,"event_name":"WeMeetAgain","floor":7,"gold_loss":52},{"damage_healed":0,"gold_gain":50,"player_choice":"Pray","damage_taken":0,"max_hp_gain":0,"max_hp_loss":0,"event_name":"Golden Shrine","floor":22,"gold_loss":0},{"damage_healed":0,"gold_gain":0,"player_choice":"POTION ","damage_taken":12,"max_hp_gain":0,"max_hp_loss":0,"event_name":"Knowing Skull","floor":31,"potions_obtained":["SteroidPotion"],"gold_loss":0,"cards_obtained":[]}],"is_beta":false,"boss_relics":[{"not_picked":["Ring of the Serpent","Snecko Eye"],"picked":"Fusion Hammer"}],"items_purged_floors":[],"is_endless":false,"potions_floor_spawned":[3,8,10,12,13,14,16,18,19,20,23,25,28,29],"killed_by":"Champ","ascension_level":15}}