{"host":"0rxdudjy6rylha1k","time":1611115157,"event":{"mods":["Aspiration","BaseMod","Colored Map","Colored Powertips","Downfall","Highlight Path","Hubris","Minty Spire (QoL Compilation)","StSLib"],"gold_per_floor":[99,99,99,65,91,118,118,18,31,47,60,87,87,87,98,197,197,97,110,110,120,55,80,80,90,90,108,108,127,27,40,57,153,153,153,165,165,215,215,215,241,359,386,398,398,410,410,421,435,435,435,465,30,30,30,30],"floor_reached":57,"language":"ENG","playtime":20283,"items_purged":[],"score":1099,"play_id":"22378a23-bdc1-4732-ac9f-647214d92941","local_time":"20210119205917","is_ascension_mode":false,"campfire_choices":[{"floor":1.0,"key":"RECALL"},{"data":"bronze:InfiniteLoop","floor":8.0,"key":"SMITH"},{"data":"bronze:InfiniteLoop","floor":13.0,"key":"SMITH"},{"data":"bronze:InfiniteBeams","floor":18.0,"key":"SMITH"},{"floor":26.0,"key":"REST"},{"floor":30.0,"key":"REST"},{"data":"bronze:InfiniteBeams","floor":35.0,"key":"SMITH"},{"floor":45.0,"key":"REST"},{"data":"bronze:Flail","floor":47.0,"key":"SMITH"},{"floor":54,"key":"REST"}],"circlet_count":0,"master_deck":["bronze:Strike","bronze:Strike","bronze:Strike","bronze:Strike","bronze:Defend","bronze:Defend","bronze:Defend","bronze:Defend","bronze:Replicate","bronze:Goto","bronze:WhirlingStrike","bronze:Flail+1","bronze:Flail","bronze:InfiniteBeams+1","bronze:InfiniteLoop+1","bronze:Boost","bronze:Optimize","bronze:InfiniteLoop+1","bronze:Constructor","bronze:Assembly","bronze:Shield","bronze:InfiniteBeams+1","bronze:Constructor","bronze:ForceShield","bronze:Separator","bronze:ShipIt","bronze:Frontload","bronze:Frontload+1","bronze:Shell","bronze:Mutator","bronze:InfiniteBeams","bronze:ChosenStrike+1","bronze:Shield","bronze:ItsAFeature"],"relics":["bronze:PlatinumCore","downfall:HeartsMalice","Nunchaku","Toy Ornithopter","hubris:64BitClover","downfall:HeartBlessingRed","Vajra","aspiration:SecretTechniqueScroll","downfall:HeartBlessingGreen","Shuriken","Blood Vial","downfall:HeartBlessingBlue","Pen Nib","hubris:Icosahedron","bronze:Mallet","hubris:SlimyHat","Smiling Mask","Happy Flower","Medical Kit"],"acts_visited":["Exordium","TheCity","TheBeyond","TheEnding"],"potions_floor_usage":[49,49,55,56,56],"damage_taken":[{"damage":0.0,"enemies":"Cultist","floor":2.0,"turns":1.0},{"damage":0.0,"enemies":"Jaw Worm","floor":3.0,"turns":1.0},{"damage":0.0,"enemies":"downfall:FleeingMerchant","floor":4.0,"turns":1.0},{"damage":17.0,"enemies":"3 Sentries","floor":6.0,"turns":4.0},{"damage":2.0,"enemies":"Small Slimes","floor":9.0,"turns":2.0},{"damage":0.0,"enemies":"3 Louse","floor":10.0,"turns":1.0},{"damage":6.0,"enemies":"Exordium Wildlife","floor":11.0,"turns":2.0},{"damage":0.0,"enemies":"Large Slime","floor":15.0,"turns":3.0},{"damage":18.0,"enemies":"IC_STATUS_ARCHETYPE","floor":16.0,"turns":5.0},{"damage":4.0,"enemies":"Chosen","floor":19.0,"turns":3.0},{"damage":12.0,"enemies":"Spheric Guardian","floor":21.0,"turns":4.0},{"damage":0.0,"enemies":"downfall:FleeingMerchant","floor":22.0,"turns":4.0},{"damage":26.0,"enemies":"Slavers","floor":23.0,"turns":2.0},{"damage":7.0,"enemies":"Shelled Parasite and Fungi","floor":25.0,"turns":6.0},{"damage":8.0,"enemies":"Chosen and Byrds","floor":27.0,"turns":5.0},{"damage":12.0,"enemies":"Centurion and Healer","floor":29.0,"turns":5.0},{"damage":0.0,"enemies":"Snecko","floor":31.0,"turns":4.0},{"damage":17.0,"enemies":"Shelled Parasite and Fungi","floor":32.0,"turns":7.0},{"damage":61.0,"enemies":"WA_ARCHETYPE_CALM","floor":33.0,"turns":9.0},{"damage":33.0,"enemies":"Orb Walker","floor":36.0,"turns":5.0},{"damage":25.0,"enemies":"Orb Walker","floor":38.0,"turns":6.0},{"damage":37.0,"enemies":"3 Darklings","floor":42.0,"turns":6.0},{"damage":7.0,"enemies":"Spire Growth","floor":44.0,"turns":4.0},{"damage":0.0,"enemies":"Writhing Mass","floor":46.0,"turns":6.0},{"damage":6.0,"enemies":"Jaw Worm Horde","floor":48.0,"turns":3.0},{"damage":22,"enemies":"Sphere and 2 Shapes","floor":49,"turns":3},{"damage":14,"enemies":"DF_ARCHETYPE_ORBS","floor":50,"turns":8},{"damage":36,"enemies":"downfall:CharBossMerchant","floor":52,"turns":6},{"damage":0,"enemies":"downfall:NeowBoss","floor":55,"turns":10},{"damage":62,"enemies":"downfall:NeowBossFinal","floor":56,"turns":8}],"seed_played":"-6864260142721290303","potions_obtained":[{"floor":6.0,"key":"ColorlessPotion"},{"floor":9.0,"key":"Explosive Potion"},{"floor":10.0,"key":"SteroidPotion"},{"floor":11.0,"key":"bronze:CleanCodePotion"},{"floor":16.0,"key":"sneckomod:MuddlingPotion"},{"floor":23.0,"key":"Dexterity Potion"},{"floor":25.0,"key":"Ancient Potion"},{"floor":27.0,"key":"FearPotion"},{"floor":31.0,"key":"Guardian:BlockOnCardUsePotion"},{"floor":38.0,"key":"champ:CounterPotion"},{"floor":44.0,"key":"Energy Potion"},{"floor":46.0,"key":"DuplicationPotion"},{"floor":48.0,"key":"hexamod:SoulburnPotion"}],"is_trial":false,"path_per_floor":["R","M","M","$","T","E","T","R","M","M","M","T","R","?","M","B",null,"R","M","?","M","$","E","T","M","R","M","?","M","R","M","M","B",null,"R","M","?","?","?","?","T","M","T","M","R","M","R","M","M","B",null,"E","$","R","B","B",null],"character_chosen":"THE_AUTOMATON","items_purchased":["bronze:InfiniteBeams","bronze:Constructor","Medical Kit","Energy Potion","BlessingOfTheForge","Weak Potion","bronze:Shield","bronze:ItsAFeature"],"campfire_rested":4,"item_purchase_floors":[4,22,53,53,53,53,53,53],"current_hp_per_floor":[70,70,70,70,70,53,53,53,51,56,55,55,55,55,55,47,70,70,66,66,54,54,28,28,28,49,43,43,43,77,79,63,4,80,80,47,47,24,70,70,70,33,33,33,54,61,61,57,47,35,70,34,34,55,62,12],"gold":30,"neow_bonus":"THREE_ENEMY_KILL","is_daily":false,"chose_seed":false,"campfire_upgraded":5,"win_rate":0.0,"timestamp":1611115157,"path_taken":["R","M","M","$","?","E","T","R","M","M","M","?","R","?","M","BOSS","R","M","?","M","$","E","T","M","R","M","?","M","R","M","M","BOSS","R","M","?","?","?","?","T","M","?","M","R","M","R","?","M","BOSS","E","$","R","BOSS","BOSS"],"items_purchased_type":["Card","Card","Relic","Potion","Potion","Potion","Card","Card"],"build_version":"2020-12-22","purchased_purges":0,"victory":true,"max_hp_per_floor":[70,70,70,70,70,70,70,70,70,70,70,70,70,70,70,70,70,70,70,70,70,70,70,70,70,70,70,70,70,80,80,80,80,80,80,80,80,80,70,70,70,70,70,70,70,70,70,70,70,70,70,70,70,70,70,70],"card_choices":[{"not_picked":["bronze:DarkDash","bronze:OilSpill"],"picked":"bronze:WhirlingStrike","floor":2.0},{"not_picked":["bronze:ItsAFeature","bronze:DelayedGuard"],"picked":"bronze:Flail","floor":3.0},{"not_picked":["bronze:BuggyMess","bronze:CloningBeam"],"picked":"bronze:Flail","floor":4.0},{"not_picked":["bronze:BugBarrage","bronze:InfiniteBeams"],"picked":"bronze:InfiniteLoop","floor":6.0},{"not_picked":["bronze:Flail","bronze:Turbo"],"picked":"bronze:Boost","floor":9.0},{"not_picked":["bronze:Iterate","bronze:DelayedSlice"],"picked":"bronze:Optimize","floor":10.0},{"not_picked":["bronze:Shield","bronze:Branch"],"picked":"bronze:InfiniteLoop","floor":11.0},{"not_picked":["bronze:DarkDash","bronze:Branch"],"picked":"bronze:Constructor","floor":15.0},{"not_picked":["bronze:AlphaBuild","bronze:Library"],"picked":"bronze:Assembly","floor":16.0},{"not_picked":["bronze:WildBeam","bronze:DelayedSlice","bronze:Overheat"],"picked":"SKIP","floor":19.0},{"not_picked":["bronze:Fortify","bronze:Branch"],"picked":"bronze:Shield","floor":21.0},{"not_picked":["bronze:Overload","bronze:ForLoop"],"picked":"bronze:InfiniteBeams","floor":22.0},{"not_picked":["bronze:Optimize","bronze:FollowUp"],"picked":"bronze:ForceShield","floor":23.0},{"not_picked":["bronze:ForLoop","bronze:Iterate","bronze:DarkDash"],"picked":"SKIP","floor":25.0},{"not_picked":["bronze:WildBeam+1","bronze:DigitalCarnage","bronze:Optimize"],"picked":"SKIP","floor":27.0},{"not_picked":["bronze:BitShift","bronze:Optimize+1","bronze:Refactor"],"picked":"SKIP","floor":29.0},{"not_picked":["bronze:ItsAFeature","bronze:WildBeam+1"],"picked":"bronze:Separator","floor":31.0},{"not_picked":["bronze:CutThrough","bronze:DigitalCarnage","bronze:ClassDefault+1"],"picked":"SKIP","floor":32.0},{"not_picked":["bronze:Mutator","bronze:Break"],"picked":"bronze:ShipIt","floor":33.0},{"not_picked":["bronze:Terminator","bronze:Iterate"],"picked":"bronze:Frontload","floor":36.0},{"not_picked":["bronze:BuggyMess","bronze:DelayedGuard+1"],"picked":"bronze:Frontload+1","floor":42.0},{"not_picked":["bronze:FineTuning","bronze:BronzeOrb+1"],"picked":"bronze:Shell","floor":44.0},{"not_picked":["bronze:CutThrough+1","bronze:FineTuning+1","bronze:Iterate"],"picked":"SKIP","floor":46.0},{"not_picked":["bronze:FineTuning","bronze:Deprecate"],"picked":"bronze:Mutator","floor":48.0},{"not_picked":["bronze:BugBarrage+1","bronze:Turbo"],"picked":"bronze:InfiniteBeams","floor":49},{"not_picked":["bronze:WhirlingStrike","bronze:BuggyMess"],"picked":"bronze:ChosenStrike+1","floor":52}],"player_experience":2623357,"relics_obtained":[{"floor":5.0,"key":"Nunchaku"},{"floor":6.0,"key":"Toy Ornithopter"},{"floor":7.0,"key":"hubris:64BitClover"},{"floor":12.0,"key":"Vajra"},{"floor":21.0,"key":"Shuriken"},{"floor":23.0,"key":"Blood Vial"},{"floor":36.0,"key":"Pen Nib"},{"floor":38.0,"key":"bronze:Mallet"},{"floor":41.0,"key":"hubris:SlimyHat"},{"floor":43.0,"key":"Smiling Mask"},{"floor":52,"key":"Happy Flower"}],"event_choices":[],"is_beta":false,"boss_relics":[{"not_picked":["Pandora\u0027s Box","hubris:HollowSoul"],"picked":"aspiration:SecretTechniqueScroll"},{"not_picked":["hubris:CrackedHourglass","aspiration:WatcherSkillbook"],"picked":"bronze:PlatinumCore"}],"items_purged_floors":[],"is_endless":false,"potions_floor_spawned":[6,9,10,11,16,23,25,27,31,38,44,46,48],"ascension_level":0}}