{"host":"yuhy0i501zzmn1iz","time":1611159879,"event":{"mods":["AchievementEnabler","AlwaysNeverKeys","BaseMod","Bestiary","Better Match","Better Third Choice","Curses Come First","Downfall","Minty Spire (QoL Compilation)","StSLib","slay the spire mod where everything is the same but ironclad has a cowboy hat"],"gold_per_floor":[117,130,130,145,320,320,338,365,390,410,428,62,62,74,74,74,74],"floor_reached":16,"language":"ENG","playtime":805,"items_purged":["Doubt"],"score":130,"play_id":"0e163eaa-eb6a-465d-9adf-b57ea726e37e","local_time":"20210120112439","is_ascension_mode":true,"campfire_choices":[{"data":"Finisher","floor":6,"key":"SMITH"},{"floor":15,"key":"REST"}],"circlet_count":0,"master_deck":["Strike_G","Strike_G","Strike_G","Strike_G","Strike_G","Defend_G","Defend_G","Defend_G","Defend_G","Defend_G","Survivor","Neutralize","Finisher+1","Dagger Spray","Choke","Dagger Spray","Accuracy","Grand Finale"],"relics":["Ring of the Snake","NeowsBlessing","Bag of Preparation","Art of War","Regal Pillow","TheAbacus","Frozen Egg 2"],"acts_visited":["Exordium"],"potions_floor_usage":[14],"damage_taken":[{"damage":0,"enemies":"Jaw Worm","floor":1,"turns":1},{"damage":0,"enemies":"Cultist","floor":2,"turns":1},{"damage":0,"enemies":"2 Louse","floor":4,"turns":1},{"damage":10,"enemies":"Exordium Thugs","floor":7,"turns":6},{"damage":32,"enemies":"3 Sentries","floor":8,"turns":8},{"damage":6,"enemies":"Blue Slaver","floor":10,"turns":3},{"damage":15,"enemies":"3 Louse","floor":11,"turns":4},{"damage":0,"enemies":"Looter","floor":14,"turns":1},{"damage":43,"enemies":"The Guardian","floor":16,"turns":13}],"seed_played":"300716298170672499","potions_obtained":[{"floor":1,"key":"Ancient Potion"},{"floor":8,"key":"Fire Potion"},{"floor":11,"key":"Regen Potion"}],"is_trial":false,"path_per_floor":["M","M","?","M","?","R","M","E","T","M","M","$","T","M","R","B"],"character_chosen":"THE_SILENT","items_purchased":["Grand Finale","TheAbacus"],"campfire_rested":1,"item_purchase_floors":[12,12],"current_hp_per_floor":[70,70,70,70,70,70,60,28,28,22,7,7,7,7,43,0,0],"gold":74,"neow_bonus":"THREE_ENEMY_KILL","is_daily":false,"chose_seed":false,"campfire_upgraded":1,"win_rate":0.0,"timestamp":1611159879,"path_taken":["M","M","?","?","?","R","M","E","T","M","M","$","?","M","R","BOSS"],"items_purchased_type":["Card","Relic"],"build_version":"2020-12-22","purchased_purges":1,"victory":false,"max_hp_per_floor":[70,70,70,70,70,70,70,70,70,70,70,70,70,70,70,70,70],"card_choices":[{"not_picked":["Heel Hook","Dodge and Roll","Cloak And Dagger"],"picked":"SKIP","floor":1},{"not_picked":["Eviscerate","Dagger Throw"],"picked":"Finisher","floor":2},{"not_picked":["Backflip","Dodge and Roll","Distraction"],"picked":"SKIP","floor":4},{"not_picked":["Prepared","Sucker Punch"],"picked":"Dagger Spray","floor":7},{"not_picked":["Riddle With Holes","Wraith Form v2"],"picked":"Choke","floor":8},{"not_picked":["Dagger Throw","Acrobatics"],"picked":"Dagger Spray","floor":10},{"not_picked":["Backflip","Blade Dance"],"picked":"Accuracy","floor":11},{"not_picked":["Dagger Throw","Backflip","Dagger Spray"],"picked":"SKIP","floor":14}],"player_experience":313102,"relics_obtained":[{"floor":8,"key":"Art of War"},{"floor":9,"key":"Regal Pillow"},{"floor":13,"key":"Frozen Egg 2"}],"event_choices":[{"damage_healed":0,"gold_gain":0,"player_choice":"Gave Potion","damage_taken":0,"relics_obtained":["Bag of Preparation"],"max_hp_gain":0,"max_hp_loss":0,"event_name":"WeMeetAgain","floor":3,"gold_loss":0},{"damage_healed":0,"gold_gain":175,"player_choice":"AGREE","damage_taken":145,"max_hp_gain":0,"max_hp_loss":0,"event_name":"betterThird:BetterSerpent","floor":5,"gold_loss":0}],"is_beta":false,"boss_relics":[],"items_purged_floors":[12],"is_endless":false,"potions_floor_spawned":[1,8,11],"killed_by":"The Guardian","ascension_level":5}}