{"host":"hszimsrtxxc2k25w","time":1611183607,"event":{"mods":["AchievementEnabler","BaseMod","Colored Map","DeckTracker","Minty Spire (QoL Compilation)","Rare Cards Sparkle","SuperFastMode"],"gold_per_floor":[109,119,16,16,16,16,31,64,64,64,95,95,113,113,113,207,207,230,253,27,27,27],"floor_reached":21,"language":"KOR","playtime":453,"items_purged":["Perfected Strike"],"score":374,"play_id":"2795702b-b907-4f82-b1d3-03a6fc1a817b","local_time":"20210121080007","is_ascension_mode":true,"campfire_choices":[{"data":"Carnage","floor":6,"key":"SMITH"},{"data":"Hemokinesis","floor":10,"key":"SMITH"},{"data":"Armaments","floor":12,"key":"SMITH"},{"data":"Pommel Strike","floor":15,"key":"SMITH"}],"circlet_count":0,"master_deck":["AscendersBane","Bash","Armaments+1","Power Through","Carnage+1","Shrug It Off","Hemokinesis+1","Pommel Strike+1","Disarm","Corruption","Bludgeon","Dual Wield","Iron Wave","Feel No Pain","Warcry","Reaper","Spot Weakness","Whirlwind","Fire Breathing","Burning Pact"],"relics":["Burning Blood","NeowsBlessing","CultistMask","Juzu Bracelet","White Beast Statue","Calipers","Golden Idol","Pandora\u0027s Box"],"acts_visited":["Exordium","TheCity"],"potions_floor_usage":[8,11,18],"damage_taken":[{"damage":0,"enemies":"Cultist","floor":1,"turns":1},{"damage":0,"enemies":"Small Slimes","floor":2,"turns":1},{"damage":0,"enemies":"2 Louse","floor":7,"turns":1},{"damage":19,"enemies":"Lagavulin","floor":8,"turns":5},{"damage":4,"enemies":"Gremlin Nob","floor":11,"turns":3},{"damage":0,"enemies":"Exordium Wildlife","floor":13,"turns":3},{"damage":29,"enemies":"The Guardian","floor":16,"turns":13},{"damage":2,"enemies":"Spheric Guardian","floor":18,"turns":4},{"damage":65,"enemies":"3 Byrds","floor":19,"turns":8},{"damage":19,"enemies":"Snake Plant","floor":21,"turns":2}],"seed_played":"-1215872651570607120","potions_obtained":[{"floor":2,"key":"PowerPotion"},{"floor":7,"key":"DistilledChaos"},{"floor":11,"key":"FearPotion"},{"floor":13,"key":"Energy Potion"},{"floor":18,"key":"FearPotion"},{"floor":19,"key":"Regen Potion"}],"is_trial":false,"path_per_floor":["M","M","$","?","$","R","M","E","T","R","E","R","M","?","R","B",null,"M","M","$","M"],"character_chosen":"IRONCLAD","items_purchased":["Carnage","Shrug It Off","Fire Breathing","Burning Pact"],"campfire_rested":0,"item_purchase_floors":[3,3,20,20],"current_hp_per_floor":[74,75,75,75,75,75,75,62,62,62,64,64,70,68,68,45,62,66,12,12,0,0],"gold":27,"neow_bonus":"THREE_ENEMY_KILL","is_daily":false,"chose_seed":false,"campfire_upgraded":4,"win_rate":0.0,"timestamp":1611183607,"path_taken":["M","?","$","?","$","R","?","E","T","R","E","R","M","?","R","BOSS","M","M","$","M"],"items_purchased_type":["Card","Card","Card","Card"],"build_version":"2020-12-22","purchased_purges":1,"victory":false,"max_hp_per_floor":[75,75,75,75,75,75,75,75,75,75,75,75,75,68,68,68,68,68,68,68,68,68],"card_choices":[{"not_picked":["Infernal Blade","Thunderclap"],"picked":"Armaments","floor":1},{"not_picked":["Clothesline","Twin Strike"],"picked":"Power Through","floor":2},{"not_picked":["Flex","Sever Soul"],"picked":"Hemokinesis","floor":7},{"not_picked":["Bloodletting","Clothesline","Thunderclap"],"picked":"SKIP","floor":8},{"not_picked":["Infernal Blade","Shrug It Off"],"picked":"Pommel Strike","floor":11},{"not_picked":["True Grit","Reckless Charge"],"picked":"Disarm","floor":13},{"not_picked":["Feed","Juggernaut"],"picked":"Corruption","floor":16},{"not_picked":["Pummel+1","Iron Wave","Flex"],"picked":"SKIP","floor":18},{"not_picked":["Armaments","Combust","Clothesline"],"picked":"SKIP","floor":19}],"player_experience":631084,"relics_obtained":[{"floor":8,"key":"Juzu Bracelet"},{"floor":9,"key":"White Beast Statue"},{"floor":11,"key":"Calipers"}],"event_choices":[{"damage_healed":0,"gold_gain":0,"player_choice":"Trade","damage_taken":0,"relics_obtained":["CultistMask"],"max_hp_gain":0,"max_hp_loss":0,"event_name":"FaceTrader","floor":4,"gold_loss":0},{"damage_healed":0,"gold_gain":0,"player_choice":"Lose Max HP","damage_taken":0,"relics_obtained":["Golden Idol"],"max_hp_gain":0,"max_hp_loss":7,"event_name":"Golden Idol","floor":14,"gold_loss":0}],"is_beta":false,"boss_relics":[{"not_picked":["Snecko Eye","Runic Cube"],"picked":"Pandora\u0027s Box"}],"items_purged_floors":[20],"is_endless":false,"potions_floor_spawned":[2,7,11,13,16,18,19],"killed_by":"Snake Plant","ascension_level":20}}