{"host":"56d873i5r3uhle0q","time":1611145836,"event":{"mods":["100% Spire Juice","Act Like it!","Aspiration","BaseMod","Block Reminder","Conspire","Gensokyo","Hermit","Hubris","Infinite Spire","Jedi Mod","Lobotomy","Marisa????????","Marked Mod","Minty Spire (QoL Compilation)","Replay The Spire","StSLib","The Animator","The Bug Knight","The Cursed","The Marked","The Servant 0.9.4","everything is the same but u backflip on backflip","vexMod","??????REMEMod"],"gold_per_floor":[113,28,38,38,55,55,73,90,90,90,105,105,121,141,141,238,238,256,256,256,189,208,208,208,208,235,235,247,247,247],"floor_reached":29,"language":"ENG","playtime":1634,"items_purged":[],"score":217,"play_id":"7e44d169-6816-429f-bec8-1871973f30ba","local_time":"20210120053036","is_ascension_mode":false,"campfire_choices":[{"data":"HollowMod:HornetsHelp","floor":6.0,"key":"SMITH"},{"data":"HollowMod:HornetsHelp+1","floor":10.0,"key":"SMITH"},{"floor":15.0,"key":"REST"},{"floor":23.0,"key":"REST"},{"floor":27,"key":"REST"}],"circlet_count":0,"master_deck":["Strike_G","Strike_G","Strike_G","Strike_G","Strike_G","Defend_G","Defend_G","Defend_G","Defend_G","Defend_G","Neutralize","Wellcheers","Reflex","Mercenary","Calculated Gamble+1","Calculated Gamble+1","REME_GreenPollution+1","Grand Finale+1","Gensokyo:SevenSchoolMysteries","ReplayTheSpireMod:Scrap Shanks+1","Tactician","Storm of Steel"],"relics":["Ring of the Snake","REME_ComplimentaryCards","CogitoBucket","conspire:InfiniteJournal","vexMod:ImprovementManual","HollowMod:StagPassRelic","Replay:Baseball"],"acts_visited":["Gensokyo:Gensokyo","Gensokyo:Gensokyoer"],"potions_floor_usage":[29],"damage_taken":[{"damage":0.0,"enemies":"Gensokyo:3_Fairies","floor":1.0,"turns":5.0},{"damage":0.0,"enemies":"Gensokyo:Gryphon","floor":3.0,"turns":6.0},{"damage":0.0,"enemies":"Gensokyo:Python","floor":5.0,"turns":4.0},{"damage":18.0,"enemies":"Gensokyo:3_Kodama","floor":7.0,"turns":10.0},{"damage":1.0,"enemies":"Gensokyo:2_Rabbits","floor":8.0,"turns":6.0},{"damage":15.0,"enemies":"Gensokyo:VengefulSpirit","floor":11.0,"turns":5.0},{"damage":26.0,"enemies":"Gensokyo:Python_and_Kodama","floor":13.0,"turns":8.0},{"damage":0.0,"enemies":"Gensokyo:LivingMonolith","floor":14.0,"turns":3.0},{"damage":50.0,"enemies":"Gensokyo:Yukari","floor":16.0,"turns":11.0},{"damage":15.0,"enemies":"Gensokyo:CosmicMonolith","floor":18.0,"turns":3.0},{"damage":52.0,"enemies":"Gensokyo:Chomper","floor":22.0,"turns":4.0},{"damage":17,"enemies":"Gensokyo:Monolith_and_Dog","floor":28,"turns":4},{"damage":42,"enemies":"Gensokyo:Slime_Group","floor":29,"turns":4}],"seed_played":"-8240747268082219957","potions_obtained":[{"floor":3.0,"key":"jedi:tentaclejuice"},{"floor":5.0,"key":"conspire:TimeTravelPotion"},{"floor":16.0,"key":"Strength Potion"},{"floor":22.0,"key":"Poison Potion"}],"is_trial":false,"path_per_floor":["M","$","M","?","M","R","M","M","T","R","M","$","M","M","R","B",null,"M","?","T","$","M","R","?","?","T","R","M","M"],"character_chosen":"THE_SILENT","items_purchased":["hubris:Insight","ReplayTheSpireMod:Scrap Shanks"],"campfire_rested":3,"item_purchase_floors":[2,21],"current_hp_per_floor":[70,70,70,70,70,70,55,54,54,54,45,45,28,31,52,11,70,59,59,59,59,10,28,28,28,28,46,29,0,0],"gold":247,"neow_bonus":"","is_daily":false,"chose_seed":false,"campfire_upgraded":2,"win_rate":0.0,"timestamp":1611145836,"path_taken":["M","$","M","?","M","R","M","M","T","R","M","$","M","M","R","BOSS","M","?","?","$","M","R","?","?","T","R","M","M"],"items_purchased_type":["Card","Card"],"build_version":"2020-12-22","purchased_purges":0,"victory":false,"max_hp_per_floor":[70,70,70,70,70,70,70,70,70,70,70,70,70,70,70,70,70,70,63,63,63,63,63,63,63,63,63,63,63,63],"card_choices":[{"not_picked":["Alriune","Scorched"],"picked":"Wellcheers","floor":1.0},{"not_picked":["Poisoned Stab","Flechettes"],"picked":"Reflex","floor":1.0},{"not_picked":["CrumblingArmor","OldLady"],"picked":"MeatLantern","floor":3.0},{"not_picked":["hubris:SlightOfHand","Slice","Dagger Throw"],"picked":"SKIP","floor":3.0},{"not_picked":["PunishingBird","Scorched"],"picked":"Mercenary","floor":5.0},{"not_picked":["PiercingWail","Outmaneuver","Quick Slash"],"picked":"SKIP","floor":5.0},{"not_picked":["Accuracy","hubris:SlightOfHand","Poisoned Stab"],"picked":"SKIP","floor":7.0},{"not_picked":["ReplayTheSpireMod:Exploit Weakness","ReplayTheSpireMod:Tripwire"],"picked":"Calculated Gamble","floor":8.0},{"not_picked":["Dagger Spray","Leg Sweep"],"picked":"Calculated Gamble","floor":11.0},{"not_picked":["Poisoned Stab","Cloak And Dagger"],"picked":"REME_GreenPollution","floor":13.0},{"not_picked":["PiercingWail","Backflip","Quick Slash"],"picked":"SKIP","floor":14.0},{"not_picked":["Bullet Time","jedi:studyshivs"],"picked":"Grand Finale","floor":16.0},{"not_picked":["hubris:SlightOfHand","Masterful Stab","jedi:pocketpoison+1"],"picked":"SKIP","floor":18.0},{"not_picked":["Gensokyo:TekeTeke","Gensokyo:SlitMouthedWoman"],"picked":"Gensokyo:SevenSchoolMysteries","floor":19.0},{"not_picked":["Acrobatics","Outmaneuver"],"picked":"Tactician","floor":22.0},{"not_picked":["Endless Agony","jedi:poisonivy","conspire:DoublingDagger"],"picked":"SKIP","floor":28},{"not_picked":["Endless Agony","jedi:poisonivy","conspire:DoublingDagger"],"picked":"SKIP","floor":28}],"player_experience":568285,"relics_obtained":[{"floor":9.0,"key":"conspire:InfiniteJournal"},{"floor":20.0,"key":"HollowMod:StagPassRelic"},{"floor":26,"key":"Replay:Baseball"}],"event_choices":[],"is_beta":false,"boss_relics":[{"not_picked":["aspiration:RitualDagger","Honey Jar"],"picked":"vexMod:ImprovementManual"}],"items_purged_floors":[],"is_endless":false,"potions_floor_spawned":[3,5,16,18,22],"killed_by":"Gensokyo:Slime_Group","ascension_level":0}}