{"host":"zig6x0mxqzam82fb","time":1611185927,"event":{"mods":["BaseMod","Block Reminder","Colored Map","Colored Powertips","Marisa????????","Minty Spire (QoL Compilation)","Relic Stats","StSLib","The Cursed","The Marked","Waifu the Spire"],"gold_per_floor":[113,139,139,119,153,200,210,210,280,327,361,361,361,388,388,500,500,513,211,211,268,299,332,332,375,375,375,408,465,14,41,41,166,166,227,236,275,16,50,50,95,95,95,95,38,65,109,168,168,206],"floor_reached":51,"language":"ENG","playtime":3649,"items_purged":["Strike_MRS"],"score":887,"play_id":"c25fe0bd-4270-4bba-a8de-657cc26909d9","local_time":"20210120183847","is_ascension_mode":true,"campfire_choices":[{"floor":8,"key":"REST"},{"data":"CasketOfStar","floor":12,"key":"SMITH"},{"floor":15,"key":"REST"},{"floor":24,"key":"REST"},{"floor":32,"key":"REST"},{"floor":40,"key":"DIG"},{"floor":42,"key":"DIG"},{"floor":44,"key":"DIG"},{"floor":49,"key":"REST"}],"circlet_count":0,"master_deck":["Defend_MRS","Defend_MRS","Defend_MRS","Defend_MRS","MasterSpark","UpSweep","Robbery+1","WitchLeyline","LuminesStrike","CasketOfStar+1","DeepEcoloBomb+1","Singularity","SporeBomb","SuperPerseids","LuminesStrike","MillisecondPulsars","DarkMatter","MilkyWay","EnergyRecoil","Orbital","GalacticHalo+1","WitchLeyline","6A","ShootTheMoon","WitchLeyline","ManaConvection","AsteroidBelt","6A+1","FinalSpark","OortCloud+1","MasterSpark","OrrerysSun+1","Master of Strategy","MilkyWay","MilkyWay+1","Finesse","Finesse","Discovery","Good Instincts","6A","SporeBomb+1"],"relics":["BewitchedHakkero","Regal Pillow","Shovel","Bottled Flame","Bag of Preparation","Sozu","Strawberry","Red Mask","CaptainsWheel","CeramicFish","The Courier","Anchor","Pen Nib","Bottled Lightning","Vajra","TheAbacus","Akabeko","Kunai","Whetstone","HandmadeGrimoire","Mummified Hand","Toxic Egg 2"],"acts_visited":["Exordium","TheCity","TheBeyond"],"potions_floor_usage":[6,23,23,33],"damage_taken":[{"damage":3,"enemies":"Small Slimes","floor":1,"turns":3},{"damage":1,"enemies":"Cultist","floor":2,"turns":3},{"damage":8,"enemies":"Jaw Worm","floor":5,"turns":3},{"damage":18,"enemies":"3 Sentries","floor":6,"turns":7},{"damage":14,"enemies":"Blue Slaver","floor":7,"turns":3},{"damage":30,"enemies":"Gremlin Nob","floor":10,"turns":4},{"damage":7,"enemies":"Large Slime","floor":11,"turns":5},{"damage":0,"enemies":"3 Louse","floor":14,"turns":2},{"damage":58,"enemies":"The Guardian","floor":16,"turns":7},{"damage":19,"enemies":"Spheric Guardian","floor":18,"turns":4},{"damage":14,"enemies":"Masked Bandits","floor":21,"turns":4},{"damage":3,"enemies":"Chosen","floor":22,"turns":3},{"damage":25,"enemies":"Book of Stabbing","floor":23,"turns":4},{"damage":32,"enemies":"Slavers","floor":25,"turns":5},{"damage":5,"enemies":"Snecko","floor":28,"turns":4},{"damage":25,"enemies":"Book of Stabbing","floor":29,"turns":4},{"damage":15,"enemies":"Snake Plant","floor":31,"turns":4},{"damage":9,"enemies":"Champ","floor":33,"turns":9},{"damage":0,"enemies":"3 Shapes","floor":35,"turns":4},{"damage":12,"enemies":"3 Darklings","floor":37,"turns":4},{"damage":19,"enemies":"Jaw Worm Horde","floor":39,"turns":4},{"damage":0,"enemies":"Reptomancer","floor":41,"turns":6},{"damage":0,"enemies":"Giant Head","floor":47,"turns":4},{"damage":16,"enemies":"Spire Growth","floor":48,"turns":3},{"damage":26,"enemies":"Awakened One","floor":50,"turns":8}],"seed_played":"-1208992617862436860","potions_obtained":[{"floor":4,"key":"SkillPotion"},{"floor":6,"key":"StarNLove"},{"floor":7,"key":"BottledSpark"},{"floor":14,"key":"GamblersBrew"}],"is_trial":false,"path_per_floor":["M","M","?","?","M","E","M","R","T","E","M","R","?","M","R","B",null,"M","$","?","?","M","E","R","E","T","?","M","E","$","M","R","B",null,"M","?","M","$","M","R","E","R","T","R","$","?","E","M","R","B",null],"character_chosen":"MARISA","items_purchased":["MilkyWay","EnergyRecoil","Strawberry","AsteroidBelt","Pen Nib","Bottled Lightning","Vajra","TheAbacus","Master of Strategy","Finesse"],"campfire_rested":5,"item_purchase_floors":[19,19,19,30,30,30,30,38,38,45],"current_hp_per_floor":[72,71,76,76,68,50,36,75,75,45,38,38,38,38,77,19,80,61,68,68,54,51,26,67,35,35,97,92,67,67,52,96,87,97,97,97,85,85,66,66,66,66,66,66,66,56,56,40,84,58],"gold":206,"neow_bonus":"RANDOM_COMMON_RELIC","is_daily":false,"chose_seed":false,"campfire_upgraded":1,"win_rate":0.0,"timestamp":1611185927,"path_taken":["M","M","?","?","M","E","M","R","T","E","?","R","?","M","R","BOSS","M","$","?","?","M","E","R","E","T","?","?","E","$","M","R","BOSS","M","?","M","$","?","R","E","R","T","R","?","?","E","M","R","BOSS"],"items_purchased_type":["Card","Card","Relic","Card","Relic","Relic","Relic","Relic","Card","Card"],"build_version":"2020-12-22","purchased_purges":1,"victory":true,"max_hp_per_floor":[75,75,80,80,80,80,80,80,80,80,80,80,80,80,80,80,80,80,87,87,87,87,87,87,87,87,97,97,97,97,97,97,97,97,97,97,97,97,97,97,97,97,97,97,97,97,97,97,97,97],"relic_stats":{"Sozu":6,"Regal Pillow":75,"Shovel":3,"TheAbacus":[6],"counters":[25,111],"Mummified Hand":[15],"CeramicFish":162,"Pen Nib":[18],"Bag of Preparation":[38],"Kunai":[21],"Whetstone":["DeepEcoloBomb","Robbery"],"obtain_stats":[{"Regal Pillow":0,"CeramicFish":25,"Vajra":30,"The Courier":26,"Pen Nib":30,"Bag of Preparation":10,"Whetstone":42,"Akabeko":40,"Sozu":17,"Bottled Flame":9,"CaptainsWheel":23,"Anchor":29,"Shovel":6,"TheAbacus":38,"Mummified Hand":44,"Strawberry":19,"Red Mask":21,"HandmadeGrimoire":43,"MiniHakkero":0,"Bottled Lightning":30,"Kunai":41,"BewitchedHakkero":34,"Toxic Egg 2":47},{"Regal Pillow":0,"CeramicFish":14,"Vajra":16,"The Courier":14,"Pen Nib":16,"Bag of Preparation":6,"Whetstone":22,"Akabeko":21,"Sozu":9,"Bottled Flame":5,"CaptainsWheel":13,"Anchor":16,"Shovel":4,"TheAbacus":20,"Mummified Hand":22,"Strawberry":10,"Red Mask":11,"HandmadeGrimoire":22,"MiniHakkero":0,"Bottled Lightning":16,"Kunai":22,"BewitchedHakkero":18,"Toxic Egg 2":23},{"Regal Pillow":0,"CeramicFish":57,"Vajra":65,"The Courier":57,"Pen Nib":65,"Bag of Preparation":23,"Whetstone":96,"Akabeko":90,"Sozu":37,"Bottled Flame":19,"CaptainsWheel":52,"Anchor":65,"Shovel":16,"TheAbacus":86,"Mummified Hand":96,"Strawberry":41,"Red Mask":45,"HandmadeGrimoire":96,"MiniHakkero":0,"Bottled Lightning":65,"Kunai":96,"BewitchedHakkero":78,"Toxic Egg 2":100}]},"card_choices":[{"not_picked":["SporeBomb","GrandCross"],"picked":"Robbery","floor":1},{"not_picked":["PropBag","GrandCross"],"picked":"WitchLeyline","floor":2},{"not_picked":["GravityBeat","IllusionStar"],"picked":"LuminesStrike","floor":5},{"not_picked":["Robbery","NonDirectionalLaser"],"picked":"CasketOfStar","floor":6},{"not_picked":["GravityBeat","UnstableBomb"],"picked":"DeepEcoloBomb","floor":7},{"not_picked":["WitchOfGreed","OpenUniverse"],"picked":"Singularity","floor":10},{"not_picked":["ChargingUp","MilkyWay"],"picked":"SporeBomb","floor":11},{"not_picked":["RefractionSpark","BlazeAway"],"picked":"LuminesStrike","floor":14},{"not_picked":["JA","StarDustReverie"],"picked":"MillisecondPulsars","floor":16},{"not_picked":["UnstableBomb","GravityBeat"],"picked":"DarkMatter","floor":18},{"not_picked":["MilkyWay","Acceleration"],"picked":"GalacticHalo+1","floor":21},{"not_picked":["Acceleration","WitchOfGreed"],"picked":"WitchLeyline","floor":22},{"not_picked":["EscapeVelocity","OortCloud"],"picked":"6A","floor":23},{"not_picked":["AlicesGift","EventHorizon"],"picked":"ShootTheMoon","floor":25},{"not_picked":["DC","DoubleSpark"],"picked":"WitchLeyline","floor":28},{"not_picked":["SuperPerseids","DarkSpark"],"picked":"ManaConvection","floor":29},{"not_picked":["ChargeUpSpray","AsteroidBelt"],"picked":"6A+1","floor":31},{"not_picked":["AbsoluteMagnitude","TreasureHunter"],"picked":"FinalSpark","floor":33},{"not_picked":["GravityBeat","AlicesGift+1"],"picked":"OortCloud+1","floor":35},{"not_picked":["MysteriousBeam","IllusionStar+1"],"picked":"OrrerysSun+1","floor":37},{"not_picked":["UnstableBomb+1","6A"],"picked":"MilkyWay","floor":39},{"not_picked":["ShootingEcho","StarBarrage"],"picked":"MilkyWay+1","floor":41},{"not_picked":["Swift Strike","Dark Shackles"],"picked":"Finesse","floor":46},{"not_picked":["Forethought","Panacea"],"picked":"Discovery","floor":46},{"not_picked":["Secret Technique","PanicButton"],"picked":"Good Instincts","floor":46},{"not_picked":["OpenUniverse+1","IllusionStar+1"],"picked":"6A","floor":47},{"not_picked":["ManaConvection+1","LuminesStrike"],"picked":"SporeBomb+1","floor":48}],"player_experience":485459,"relics_obtained":[{"floor":6,"key":"Shovel"},{"floor":9,"key":"Bottled Flame"},{"floor":10,"key":"Bag of Preparation"},{"floor":21,"key":"Red Mask"},{"floor":23,"key":"CaptainsWheel"},{"floor":25,"key":"CeramicFish"},{"floor":26,"key":"The Courier"},{"floor":29,"key":"Anchor"},{"floor":40,"key":"Akabeko"},{"floor":41,"key":"Kunai"},{"floor":42,"key":"Whetstone"},{"floor":43,"key":"HandmadeGrimoire"},{"floor":44,"key":"Mummified Hand"},{"floor":47,"key":"Toxic Egg 2"}],"event_choices":[{"damage_healed":0,"gold_gain":0,"player_choice":"Donut","damage_taken":0,"max_hp_gain":5,"max_hp_loss":0,"event_name":"Big Fish","floor":3,"gold_loss":0},{"damage_healed":0,"gold_gain":0,"player_choice":"Bought 1 Potion","damage_taken":0,"max_hp_gain":0,"max_hp_loss":0,"event_name":"The Woman in Blue","floor":4,"gold_loss":0},{"damage_healed":0,"gold_gain":0,"cards_transformed":["Strike_MRS"],"player_choice":"Change","damage_taken":0,"max_hp_gain":0,"max_hp_loss":0,"event_name":"Living Wall","floor":13,"gold_loss":0,"cards_obtained":["SuperPerseids"]},{"damage_healed":0,"gold_gain":0,"cards_transformed":["Strike_MRS","Strike_MRS"],"player_choice":"Became Test Subject","damage_taken":0,"max_hp_gain":0,"max_hp_loss":0,"event_name":"Drug Dealer","floor":20,"gold_loss":0,"cards_obtained":["SuperNova","Orbital"]},{"damage_healed":0,"gold_gain":0,"player_choice":"Fought Bandits","damage_taken":0,"max_hp_gain":0,"max_hp_loss":0,"event_name":"Masked Bandits","floor":21,"gold_loss":0},{"cards_removed":["SuperNova"],"damage_healed":52,"gold_gain":0,"player_choice":"Offered Rare","damage_taken":0,"max_hp_gain":10,"max_hp_loss":0,"event_name":"Bonfire Elementals","floor":27,"gold_loss":0},{"damage_healed":0,"gold_gain":0,"player_choice":"1 cards matched","damage_taken":0,"max_hp_gain":0,"max_hp_loss":0,"event_name":"Match and Keep!","floor":36,"gold_loss":0,"cards_obtained":["MasterSpark"]},{"damage_healed":0,"gold_gain":0,"player_choice":"Memory 3","damage_taken":10,"max_hp_gain":0,"max_hp_loss":0,"event_name":"SensoryStone","floor":46,"gold_loss":0}],"is_beta":false,"boss_relics":[{"not_picked":["Busted Crown","Empty Cage"],"picked":"Sozu"},{"not_picked":["Astrolabe","RampagingMagicTools"],"picked":"BewitchedHakkero"}],"items_purged_floors":[19],"is_endless":false,"potions_floor_spawned":[6,7,14,21,22,25,29,35,39,47],"ascension_level":1}}