{"host":"1a3cjta80tad0aqj","time":1611184819,"event":{"mods":["2.2 Compatiblity","AchievementEnabler","BaseMod","Colored Map","DeckTracker","KOR Keyword Fix","Keyboard Shortcuts","Minty Spire (QoL Compilation)","Permanent Neow","Quick Restart","Random Character Button","StSLib","SuperFastMode","everything is the same but u backflip on backflip"],"gold_per_floor":[214,214,194,210,221,221,231,120,145,145,157,186,196,210,210,309,309,327,346,346,271,282,282,83,83,164,182,132,157,186,201,201,305,305,319,188,198,213,233,233,268,268,321,321,339,385,419,433,433,433],"floor_reached":51,"language":"KOR","playtime":2451,"items_purged":["Defend_P","Defend_P","Strike_P","Strike_P"],"score":806,"play_id":"03a4951a-a727-403b-9f8f-45f60e3853ad","local_time":"20210121082019","is_ascension_mode":false,"campfire_choices":[{"data":"Eruption","floor":6.0,"key":"SMITH"},{"data":"TalkToTheHand","floor":15.0,"key":"SMITH"},{"data":"MentalFortress","floor":23.0,"key":"SMITH"},{"data":"MentalFortress","floor":25.0,"key":"SMITH"},{"data":"TalkToTheHand","floor":32.0,"key":"SMITH"},{"data":"Scrawl","floor":40.0,"key":"SMITH"},{"data":"Tantrum","floor":44.0,"key":"SMITH"},{"floor":49.0,"key":"REST"}],"circlet_count":0,"master_deck":["Strike_P","Defend_P","Defend_P","Eruption+1","Vigilance","MentalFortress+1","CutThroughFate","TalkToTheHand+1","FearNoEvil","Halt","MentalFortress+1","DeusExMachina","CrushJoints+1","Tantrum+1","TalkToTheHand+1","Scrawl+1","WreathOfFlame+1","InnerPeace","Ragnarok","Adaptation+1","Trip","FollowUp+1"],"relics":["PureWater","Tiny Chest","Smiling Mask","Vajra","Sozu","ClockworkSouvenir","Meat on the Bone","Dream Catcher","Question Card","Philosopher\u0027s Stone","Orichalcum","Centennial Puzzle","Torii","Anchor"],"acts_visited":["Exordium","TheCity","TheBeyond"],"potions_floor_usage":[50],"damage_taken":[{"damage":4.0,"enemies":"2 Louse","floor":1.0,"turns":3.0},{"damage":1.0,"enemies":"Jaw Worm","floor":4.0,"turns":6.0},{"damage":2.0,"enemies":"Cultist","floor":5.0,"turns":3.0},{"damage":8.0,"enemies":"Exordium Wildlife","floor":7.0,"turns":3.0},{"damage":1.0,"enemies":"3 Louse","floor":11.0,"turns":3.0},{"damage":0.0,"enemies":"Lagavulin","floor":12.0,"turns":3.0},{"damage":3.0,"enemies":"Looter","floor":13.0,"turns":3.0},{"damage":0.0,"enemies":"Blue Slaver","floor":14.0,"turns":2.0},{"damage":38.0,"enemies":"Hexaghost","floor":16.0,"turns":7.0},{"damage":2.0,"enemies":"Chosen","floor":18.0,"turns":4.0},{"damage":1.0,"enemies":"Shell Parasite","floor":19.0,"turns":4.0},{"damage":13.0,"enemies":"3 Cultists","floor":22.0,"turns":4.0},{"damage":0.0,"enemies":"Centurion and Healer","floor":27.0,"turns":4.0},{"damage":9.0,"enemies":"Book of Stabbing","floor":30.0,"turns":4.0},{"damage":2.0,"enemies":"Chosen and Byrds","floor":31.0,"turns":3.0},{"damage":29.0,"enemies":"Champ","floor":33.0,"turns":10.0},{"damage":0.0,"enemies":"3 Darklings","floor":35.0,"turns":5.0},{"damage":0.0,"enemies":"Orb Walker","floor":37.0,"turns":1.0},{"damage":2.0,"enemies":"Maw","floor":38.0,"turns":5.0},{"damage":3.0,"enemies":"Sphere and 2 Shapes","floor":39.0,"turns":4.0},{"damage":0.0,"enemies":"Reptomancer","floor":41.0,"turns":3.0},{"damage":0.0,"enemies":"Jaw Worm Horde","floor":45.0,"turns":2.0},{"damage":16.0,"enemies":"2 Orb Walkers","floor":46.0,"turns":2.0},{"damage":0.0,"enemies":"Giant Head","floor":47.0,"turns":4.0},{"damage":41.0,"enemies":"3 Darklings","floor":48.0,"turns":3.0},{"damage":33,"enemies":"Donu and Deca","floor":50,"turns":7}],"seed_played":"-3387870651609727721","potions_obtained":[{"floor":1.0,"key":"BottledMiracle"},{"floor":3.0,"key":"StancePotion"},{"floor":4.0,"key":"Dexterity Potion"},{"floor":7.0,"key":"BlessingOfTheForge"},{"floor":12.0,"key":"Strength Potion"}],"is_trial":false,"path_per_floor":["M","?","?","M","M","R","M","$","T","?","M","E","M","M","R","B",null,"M","M","?","?","M","R","$","R","T","M","$","T","E","M","R","B",null,"M","$","M","M","M","R","E","?","T","R","M","?","E","M","R","B",null],"character_chosen":"WATCHER","items_purchased":["FearNoEvil","ClockworkSouvenir","InnerPeace"],"campfire_rested":1,"item_purchase_floors":[8,24,36],"current_hp_per_floor":[68,68,68,67,65,65,57,57,57,50,49,49,46,46,46,8,72,70,69,69,69,56,56,56,56,56,56,56,56,47,45,45,28,72,72,72,72,70,67,67,67,67,67,67,67,51,51,22,43,22],"gold":433,"neow_bonus":"HUNDRED_GOLD","is_daily":false,"chose_seed":false,"campfire_upgraded":7,"win_rate":0.0,"timestamp":1611184819,"path_taken":["M","?","?","M","M","R","?","$","T","?","M","E","M","M","R","BOSS","M","M","?","?","M","R","$","R","T","M","$","?","E","M","R","BOSS","M","$","M","M","M","R","E","?","T","R","M","?","E","M","R","BOSS"],"items_purchased_type":["Card","Relic","Card"],"build_version":"2020-12-22","purchased_purges":4,"victory":true,"max_hp_per_floor":[72,72,72,72,72,72,72,72,72,72,72,72,72,72,72,72,72,72,72,72,72,72,72,72,72,72,72,72,72,72,72,72,72,72,72,72,72,72,72,72,72,72,72,72,72,72,72,72,72,72],"card_choices":[{"not_picked":["Meditate","ClearTheMind"],"picked":"MentalFortress","floor":1.0},{"not_picked":["EmptyFist","FlurryOfBlows"],"picked":"CutThroughFate","floor":4.0},{"not_picked":["Worship","Crescendo","Nirvana"],"picked":"SKIP","floor":5.0},{"not_picked":["PathToVictory","Judgement"],"picked":"TalkToTheHand","floor":7.0},{"not_picked":["EmptyFist","ThirdEye","FlyingSleeves"],"picked":"SKIP","floor":11.0},{"not_picked":["ThirdEye","EmptyBody"],"picked":"Halt","floor":12.0},{"not_picked":["Vengeance","WheelKick","FlyingSleeves"],"picked":"SKIP","floor":13.0},{"not_picked":["EmptyBody","Pray"],"picked":"MentalFortress","floor":14.0},{"not_picked":["Judgement","MasterReality"],"picked":"DeusExMachina","floor":16.0},{"not_picked":["Wireheading","Indignation","CutThroughFate"],"picked":"SKIP","floor":18.0},{"not_picked":["Crescendo","SashWhip"],"picked":"CrushJoints+1","floor":19.0},{"not_picked":["CutThroughFate","Vengeance","FearNoEvil+1"],"picked":"SKIP","floor":22.0},{"not_picked":["CutThroughFate","Prostrate","WindmillStrike"],"picked":"SKIP","floor":27.0},{"not_picked":["Protect+1","ClearTheMind","BattleHymn+1"],"picked":"SKIP","floor":30.0},{"not_picked":["Crescendo+1","JustLucky","Wish"],"picked":"TalkToTheHand","floor":31.0},{"not_picked":["ConjureBlade","Establishment","Judgement"],"picked":"Scrawl","floor":33.0},{"not_picked":["Evaluate+1","FlyingSleeves+1","BowlingBash"],"picked":"WreathOfFlame+1","floor":35.0},{"not_picked":["JustLucky+1","EmptyBody+1","SashWhip","Halt+1"],"picked":"SKIP","floor":37.0},{"not_picked":["EmptyFist","WaveOfTheHand","FollowUp"],"picked":"Ragnarok","floor":38.0},{"not_picked":["Halt","Crescendo","Conclude+1","EmptyFist"],"picked":"SKIP","floor":39.0},{"not_picked":["Prostrate+1","WreathOfFlame","Consecrate"],"picked":"Adaptation+1","floor":41.0},{"not_picked":["Madness","Thinking Ahead","Dramatic Entrance"],"picked":"Trip","floor":42.0},{"not_picked":["Crescendo","Halt+1","Weave","Consecrate"],"picked":"SKIP","floor":45.0},{"not_picked":["Protect+1","Collect+1","FearNoEvil","SashWhip"],"picked":"SKIP","floor":47.0},{"not_picked":["SashWhip","FollowUp","Halt","JustLucky+1"],"picked":"SKIP","floor":48.0},{"not_picked":["Worship+1","Evaluate","Devotion"],"picked":"FollowUp+1","floor":49.0}],"player_experience":828408,"relics_obtained":[{"floor":9.0,"key":"Tiny Chest"},{"floor":12.0,"key":"Vajra"},{"floor":26.0,"key":"Meat on the Bone"},{"floor":29.0,"key":"Dream Catcher"},{"floor":30.0,"key":"Question Card"},{"floor":41.0,"key":"Orichalcum"},{"floor":43.0,"key":"Centennial Puzzle"},{"floor":46.0,"key":"Torii"},{"floor":47.0,"key":"Anchor"}],"event_choices":[{"damage_healed":0.0,"max_hp_gain":0.0,"max_hp_loss":0.0,"gold_gain":0.0,"event_name":"Liars Game","player_choice":"Ignored","floor":2.0,"gold_loss":0.0,"damage_taken":0.0},{"damage_healed":0.0,"max_hp_gain":0.0,"max_hp_loss":0.0,"gold_gain":0.0,"event_name":"The Woman in Blue","player_choice":"Bought 1 Potion","floor":3.0,"gold_loss":0.0,"damage_taken":0.0},{"damage_healed":0.0,"max_hp_gain":0.0,"max_hp_loss":0.0,"gold_gain":0.0,"event_name":"Scrap Ooze","player_choice":"Success","floor":10.0,"gold_loss":0.0,"damage_taken":7.0,"relics_obtained":["Smiling Mask"]},{"damage_healed":0.0,"max_hp_gain":0.0,"max_hp_loss":0.0,"gold_gain":0.0,"event_name":"The Library","player_choice":"Read","floor":20.0,"gold_loss":0.0,"damage_taken":0.0,"cards_obtained":["Tantrum"]},{"cards_removed":["Strike_P"],"damage_healed":0.0,"max_hp_gain":0.0,"max_hp_loss":0.0,"gold_gain":0.0,"event_name":"Beggar","player_choice":"Gave Gold","floor":21.0,"gold_loss":75.0,"damage_taken":0.0},{"damage_healed":0.0,"max_hp_gain":0.0,"max_hp_loss":0.0,"gold_gain":0.0,"event_name":"SensoryStone","player_choice":"Memory 1","floor":42.0,"gold_loss":0.0,"damage_taken":0.0},{"damage_healed":0.0,"max_hp_gain":0.0,"max_hp_loss":0.0,"gold_gain":0.0,"event_name":"Mysterious Sphere","player_choice":"Fight","floor":46.0,"gold_loss":0.0,"damage_taken":0.0}],"is_beta":false,"boss_relics":[{"not_picked":["Runic Pyramid","Snecko Eye"],"picked":"Sozu"},{"not_picked":["Tiny House","HolyWater"],"picked":"Philosopher\u0027s Stone"}],"items_purged_floors":[8,24,28,36],"is_endless":false,"potions_floor_spawned":[1,4,7,12,19,30,33,35,39,47,48],"ascension_level":0}}