{"host":"9slw7l0ws16384qq","time":1611174844,"event":{"mods":["A Penny For Your Troubles","BaseMod","Clockwork Mod","Colored Map","Evolution","Hubris","Minty Spire (QoL Compilation)","Replay The Spire","Shedinja","StS++","StSLib","The Dragon Tamer","The Marked"],"gold_per_floor":[109,109,34,51,51,80,80,109,109,109,120,120,143,163,163,262,262,279,309,209,228,245,257,275,3,3,3,21,50,68,84,84,179,279,298,298,317,333,180,205,205,240,240,240,240,240,257,257,257,258],"floor_reached":51,"language":"FRA","playtime":2509,"items_purged":["Defend_G","Strike_G","Strike_G"],"score":587,"play_id":"1cdbe1c3-90b5-47c5-bef7-2f940988b1d6","local_time":"20210120213404","is_ascension_mode":false,"campfire_choices":[{"data":"Neutralize","floor":7,"key":"SMITH"},{"data":"Cloak And Dagger","floor":10,"key":"SMITH"},{"data":"Dash","floor":15,"key":"SMITH"},{"data":"Poison Darts","floor":27,"key":"SMITH"},{"data":"Accuracy","floor":32,"key":"SMITH"},{"data":"Envenom","floor":41,"key":"SMITH"},{"data":"Envenom","floor":44,"key":"SMITH"},{"data":"Madness","floor":46,"key":"SMITH"},{"data":"Footwork","floor":49,"key":"SMITH"}],"circlet_count":0,"master_deck":["Bane","Strike_G+1","Defend_G","Defend_G+1","Survivor","Neutralize+1","Deadly Poison","Cloak And Dagger+1","Poisoned Stab","Dash+1","Poison Darts+1","Deadly Poison","Accuracy+1","Poisoned Stab","Footwork+1","Envenom+1","Envenom+1","Madness","Madness+1"],"relics":["EVO:Axolotl","Anchor","Centennial Puzzle","hubris:MedicalManual","hubris:BundleOfHerbs","Sizzling Blood","Simple Rune","Painkiller Herb","Red Mask","Chemical X","Onion Ring","StSpp:WoodenPendulum","Replay:Wanted Poster","TwistedFunnel","hubris:Spice","Replay:Baseball"],"acts_visited":["Exordium","TheCity","TheBeyond"],"potions_floor_usage":[18,19,50,50,50],"damage_taken":[{"damage":0,"enemies":"2 Louse","floor":1,"turns":2},{"damage":2,"enemies":"Small Slimes","floor":4,"turns":3},{"damage":8,"enemies":"Lagavulin","floor":6,"turns":5},{"damage":28,"enemies":"3 Sentries","floor":8,"turns":9},{"damage":0,"enemies":"Jaw Worm","floor":11,"turns":2},{"damage":0,"enemies":"Large Slime","floor":14,"turns":4},{"damage":10,"enemies":"The Guardian","floor":16,"turns":9},{"damage":1,"enemies":"2 Thieves","floor":18,"turns":4},{"damage":4,"enemies":"Masked Bandits","floor":19,"turns":4},{"damage":0,"enemies":"Spheric Guardian","floor":21,"turns":2},{"damage":0,"enemies":"3 Cultists","floor":22,"turns":4},{"damage":0,"enemies":"Cultist and Chosen","floor":23,"turns":4},{"damage":9,"enemies":"Centurion and Healer","floor":24,"turns":5},{"damage":7,"enemies":"3 Cultists","floor":28,"turns":4},{"damage":17,"enemies":"Slavers","floor":29,"turns":4},{"damage":8,"enemies":"Snecko","floor":30,"turns":3},{"damage":1,"enemies":"Chosen and Byrds","floor":31,"turns":3},{"damage":50,"enemies":"Collector","floor":33,"turns":7},{"damage":0,"enemies":"Orb Walker","floor":35,"turns":2},{"damage":0,"enemies":"3 Shapes","floor":37,"turns":3},{"damage":1,"enemies":"Maw","floor":38,"turns":5},{"damage":29,"enemies":"Nemesis","floor":40,"turns":5},{"damage":1,"enemies":"R_Hoarder","floor":42,"turns":6},{"damage":0,"enemies":"Transient","floor":47,"turns":5},{"damage":34,"enemies":"Replay:Hell Engine","floor":50,"turns":8}],"seed_played":"5867385029354579325","potions_obtained":[{"floor":1,"key":"Regen Potion"},{"floor":16,"key":"Swift Potion"},{"floor":18,"key":"Explosive Potion"},{"floor":24,"key":"Regen Potion"},{"floor":28,"key":"SpeedPotion"},{"floor":37,"key":"Venom Potion"},{"floor":38,"key":"PowerPotion"}],"is_trial":false,"path_per_floor":["M","?","$","M","?","E","R","E","T","R","M","?","T","M","R_BF","B",null,"?","?","T","?","?","?","?","T","T","T","?","E","?","?","T","B",null,"?","?","?","?","T","E","T","E","T","T","?","T","?","?","T","B",null],"character_chosen":"THE_SILENT","items_purchased":["Chemical X","TwistedFunnel"],"campfire_rested":0,"item_purchase_floors":[25,39],"current_hp_per_floor":[63,63,63,61,61,53,53,25,25,25,25,29,29,33,33,27,67,67,67,67,67,67,67,62,62,62,62,59,46,42,45,45,5,67,67,67,67,67,67,50,50,83,83,83,73,73,77,77,77,83],"gold":258,"neow_bonus":"REMOVE_TWO","is_daily":false,"chose_seed":false,"campfire_upgraded":9,"win_rate":0.0,"timestamp":1611174844,"path_taken":["M","?","$","M","?","E","R","E","T","R","M","?","?","M","R_BF","BOSS","?","?","T","?","?","?","?","T","T","T","?","E","?","?","T","BOSS","?","?","?","?","T","E","T","E","T","T","?","T","?","?","T","BOSS"],"items_purchased_type":["Relic","Relic"],"build_version":"2020-12-22","purchased_purges":3,"victory":true,"max_hp_per_floor":[63,63,63,63,63,63,63,63,63,63,63,67,67,67,67,67,67,67,67,67,67,67,67,67,67,67,67,67,67,67,67,67,67,67,67,67,67,67,67,75,75,83,83,83,83,83,83,83,83,83],"card_choices":[{"not_picked":["hubris:TrickCloak","Blur"],"picked":"Deadly Poison","floor":1},{"not_picked":["Backflip","PiercingWail","Underhanded Strike"],"picked":"SKIP","floor":4},{"not_picked":["Setup","Sucker Punch","Blade Dance"],"picked":"SKIP","floor":6},{"not_picked":["Slice","StSpp:Lure","Cloak And Dagger"],"picked":"SKIP","floor":8},{"not_picked":["Slice","StSpp:Lure"],"picked":"Cloak And Dagger","floor":8},{"not_picked":["Leg Sweep","StSpp:SwitchWeapon"],"picked":"Poisoned Stab","floor":11},{"not_picked":["Blade Dance","Underhanded Strike"],"picked":"Dash","floor":14},{"not_picked":["After Image","Wraith Form v2"],"picked":"Poison Darts","floor":16},{"not_picked":["Flying Knee","PiercingWail","hubris:TrickCloak"],"picked":"SKIP","floor":18},{"not_picked":["PiercingWail","Prepared"],"picked":"Deadly Poison","floor":19},{"not_picked":["hubris:SlightOfHand","Expertise"],"picked":"Accuracy","floor":21},{"not_picked":["StSpp:Throw+1","ReplayTheSpireMod:Tripwire"],"picked":"Poisoned Stab","floor":22},{"not_picked":["Outmaneuver+1","StSpp:Dive","Backflip+1"],"picked":"SKIP","floor":23},{"not_picked":["Prepared+1","Acrobatics","Concentrate"],"picked":"SKIP","floor":24},{"not_picked":["Quick Slash","Venomology","Blade Dance"],"picked":"SKIP","floor":28},{"not_picked":["Setup+1","Storm of Steel"],"picked":"Footwork","floor":29},{"not_picked":["ReplayTheSpireMod:Exploit Weakness","Deadly Poison","StSpp:PoisonousPunch","StSpp:CorrosivePoison","Outmaneuver+1"],"picked":"SKIP","floor":30},{"not_picked":["Expertise","Quick Slash+1","StSpp:PoisonousPunch+1","hubris:Sniper","Underhanded Strike"],"picked":"SKIP","floor":31},{"not_picked":["Venomology","Malaise","Die Die Die","Tools of the Trade"],"picked":"Envenom","floor":33},{"not_picked":["Cloak And Dagger","Outmaneuver","Hidden Blade","Deadly Poison+1","Dagger Spray"],"picked":"SKIP","floor":35},{"not_picked":["Quick Slash+1","Bane","Choke","Deadly Poison","Deflect"],"picked":"SKIP","floor":37},{"not_picked":["Flying Knee","Burst","Acrobatics+1","Escape Plan+1","StSpp:Throw"],"picked":"SKIP","floor":38},{"not_picked":["Blade Dance","Prepared+1","Deflect+1","Setup","Corpse Explosion"],"picked":"SKIP","floor":40},{"not_picked":["Catalyst","Reflex","Flying Knee","Caltrops+1"],"picked":"Envenom","floor":42},{"not_picked":["Blade Dance+1","Flechettes+1","Poisoned Stab+1","hubris:SlightOfHand+1","hubris:SpiceAddiction"],"picked":"SKIP","floor":47}],"player_experience":1749124,"relics_obtained":[{"floor":6,"key":"Centennial Puzzle"},{"floor":8,"key":"hubris:MedicalManual"},{"floor":9,"key":"hubris:BundleOfHerbs"},{"floor":13,"key":"Simple Rune"},{"floor":19,"key":"Red Mask"},{"floor":26,"key":"Onion Ring"},{"floor":29,"key":"StSpp:WoodenPendulum"},{"floor":40,"key":"hubris:Spice"},{"floor":42,"key":"hubris:Spice"},{"floor":43,"key":"Replay:Baseball"}],"event_choices":[{"damage_healed":0,"gold_gain":0,"player_choice":"Fought Bandits","damage_taken":0,"max_hp_gain":0,"max_hp_loss":0,"event_name":"Masked Bandits","floor":19,"gold_loss":0},{"damage_healed":0,"gold_gain":0,"player_choice":"Ignored","damage_taken":0,"max_hp_gain":0,"max_hp_loss":0,"event_name":"Mysterious Sphere","floor":36,"gold_loss":0},{"damage_healed":0,"gold_gain":0,"player_choice":"Embrace Madness","damage_taken":10,"max_hp_gain":0,"max_hp_loss":0,"event_name":"Winding Halls","floor":45,"gold_loss":0,"cards_obtained":["Madness","Madness"]},{"damage_healed":0,"gold_gain":0,"player_choice":"Got Potions","damage_taken":0,"max_hp_gain":0,"max_hp_loss":0,"event_name":"Lab","floor":48,"gold_loss":0}],"is_beta":false,"boss_relics":[{"not_picked":["Cursed Key","hubris:BlackHole"],"picked":"Painkiller Herb"},{"not_picked":["hubris:RunicObelisk","hubris:HollowSoul"],"picked":"Replay:Wanted Poster"}],"items_purged_floors":[3,20,25],"is_endless":false,"potions_floor_spawned":[1,16,18,24,28,33,35,37,38],"ascension_level":0}}