{"host":"te4ihy0orbpglf07","time":1611163463,"event":{"mods":["Act Like it!","Arknights The Spire","BaseMod","BetterRewards","Ekko","Friendly Minions","Gensokyo","Hermit","Hubris","Infinite Spire","Minty Spire (QoL Compilation)","RumiaBox-????????","Small Relic Pack","StSLib","SuperFastMode","Td1madao Mod","Waifu the Spire","??????REMEMod"],"gold_per_floor":[114,130,143,242,208,208,243,338,338,358,39,39,39,136,136,239,239,227,246,246,161,261,261,261,261,288,288,306,402,402,327,327,426,426,442,442,442],"floor_reached":36,"language":"ENG","playtime":1895,"items_purged":["hermit:Strike_Hermit","hermit:Strike_Hermit"],"score":366,"play_id":"456b7e98-04f0-4867-b11d-7c3d2c789388","local_time":"20210120202423","is_ascension_mode":false,"campfire_choices":[{"data":"REME_WheelOfFate","floor":6,"key":"SMITH"},{"floor":13,"key":"REST"},{"floor":15,"key":"REST"},{"floor":23,"key":"REST"},{"floor":25,"key":"REST"},{"floor":30,"key":"REST"},{"data":"hermit:Determination","floor":32,"key":"SMITH"}],"circlet_count":0,"master_deck":["hermit:Strike_Hermit","hermit:Strike_Hermit","hermit:Defend_Hermit","hermit:Defend_Hermit","hermit:Defend_Hermit","hermit:Defend_Hermit","hermit:Snapshot","hermit:Covet","REME_WheelOfFate+1","hermit:Determination+1","hermit:TrackingShot","hermit:Dive","hermit:Cheat","hermit:FinalCanter","hermit:TakeAim","hermit:Feint","hermit:Enervate","hermit:Snipe","hermit:Combo","hermit:FromBeyond","CurseOfTheBell","hermit:Snipe+1","hermit:Spite","infinitespire:FutureSight","hermit:Virtue","hermit:CalledShot","hermit:ShadowCloak","hermit:Reprieve"],"relics":["hermit:Momento","REME_ComplimentaryCards","GodSword3","infinitespire:Bottled Soul","LastBattle","GodSword6","hubris:Towel","Calling Bell","PreservedInsect","MagicDraw4","SecretRecord","AddBug","MealTicket","hubris:Towel","relicPack:OneForAll","hubris:SlimyHat","Juzu Bracelet","MagicDraw1","MagicDraw2","Lantern","Cursed Key"],"acts_visited":["Exordium","TheCity","TheBeyond"],"potions_floor_usage":[22,29,29,29,29,33,33,33],"damage_taken":[{"damage":1,"enemies":"Cultist","floor":1,"turns":3},{"damage":11,"enemies":"Jaw Worm","floor":2,"turns":2},{"damage":0,"enemies":"2 Louse","floor":3,"turns":2},{"damage":10,"enemies":"2 Fungi Beasts","floor":4,"turns":3},{"damage":40,"enemies":"Lagavulin","floor":7,"turns":8},{"damage":13,"enemies":"Blue Slaver","floor":8,"turns":4},{"damage":0,"enemies":"Large Slime","floor":10,"turns":2},{"damage":3,"enemies":"3 Louse","floor":14,"turns":2},{"damage":25,"enemies":"Slime Boss","floor":16,"turns":9},{"damage":12,"enemies":"2 Thieves","floor":18,"turns":4},{"damage":32,"enemies":"Shell Parasite","floor":19,"turns":5},{"damage":27,"enemies":"Centurion and Healer","floor":22,"turns":5},{"damage":11,"enemies":"Shelled Parasite and Fungi","floor":28,"turns":3},{"damage":32,"enemies":"Snake Plant","floor":29,"turns":4},{"damage":48,"enemies":"hubris:MusketHawk","floor":33,"turns":7},{"damage":40,"enemies":"3 Shapes","floor":35,"turns":4},{"damage":35,"enemies":"3 Darklings","floor":36,"turns":2}],"seed_played":"-1335496443900565229","potions_obtained":[{"floor":3,"key":"BlessingOfTheForge"},{"floor":4,"key":"Block Potion"},{"floor":7,"key":"DuplicationPotion"},{"floor":16,"key":"EntropicBrew"},{"floor":22,"key":"hermit:Tonic"},{"floor":29,"key":"AttackPotion"}],"is_trial":false,"path_per_floor":["M","M","M","M","$","R","E","M","T","M","$","?","R","M","R","B",null,"M","M","AVR","?","M","R","?","R","T","T","M","M","R","$","R","B",null,"M","M"],"character_chosen":"HERMIT","items_purchased":["GodSword3","REME_WheelOfFate","hermit:Determination","hermit:TakeAim","GodSword6","hermit:Combo"],"campfire_rested":5,"item_purchase_floors":[0,0,0,5,11,11],"current_hp_per_floor":[74,63,63,53,53,53,33,20,20,20,20,20,42,39,61,56,75,63,33,33,33,6,28,28,50,50,50,41,13,35,50,50,4,75,35,0,0],"gold":442,"neow_bonus":"","is_daily":false,"chose_seed":false,"campfire_upgraded":2,"win_rate":0.0,"timestamp":1611163463,"path_taken":["M","M","M","M","$","R","E","M","T","M","?","?","R","M","R","BOSS","M","M","AVR","?","M","R","?","R","T","?","M","M","R","$","R","BOSS","M","M"],"items_purchased_type":["Relic","Card","Card","Card","Relic","Card"],"build_version":"2020-12-22","purchased_purges":2,"victory":false,"max_hp_per_floor":[75,75,75,75,75,75,75,75,75,75,75,75,75,75,75,75,75,75,75,75,75,75,75,75,75,75,75,75,75,75,75,75,75,75,75,75,75],"card_choices":[{"not_picked":["hermit:Coalescence","hermit:WideOpen"],"picked":"hermit:TrackingShot","floor":1},{"not_picked":["hermit:BodyArmor","hermit:HoleUp"],"picked":"hermit:Dive","floor":2},{"not_picked":["hermit:CalledShot","hermit:Manifest"],"picked":"hermit:Cheat","floor":3},{"not_picked":["hermit:LoneWolf","hermit:LowProfile"],"picked":"hermit:FinalCanter","floor":4},{"not_picked":["hermit:Vantage","hermit:WideOpen"],"picked":"hermit:Feint","floor":7},{"not_picked":["hermit:Roulette","hermit:Cheat"],"picked":"hermit:Enervate","floor":8},{"not_picked":["hermit:Showdown","hermit:Roulette"],"picked":"hermit:Snipe","floor":10},{"not_picked":["hermit:LoneWolf","hermit:BodyArmor","hermit:Roulette"],"picked":"SKIP","floor":14},{"not_picked":["hermit:OverwhelmingPower","hermit:Purgatory"],"picked":"hermit:FromBeyond","floor":16},{"not_picked":["hermit:Combo","hermit:Showdown"],"picked":"hermit:Snipe+1","floor":18},{"not_picked":["hermit:FatalDesire","hermit:HighCaliber"],"picked":"hermit:Spite","floor":19},{"not_picked":["hermit:TakeCover","hermit:HighCaliber"],"picked":"hermit:Virtue","floor":22},{"not_picked":["hermit:BodyArmor","hermit:Snipe"],"picked":"hermit:CalledShot","floor":28},{"not_picked":["hermit:Showdown","hermit:Roulette+1"],"picked":"hermit:ShadowCloak","floor":29},{"not_picked":["hermit:Adapt","hermit:Gambit"],"picked":"hermit:Reprieve","floor":33},{"not_picked":["hermit:Showdown+1","hermit:Headshot+1","hermit:Ricochet"],"picked":"SKIP","floor":35}],"player_experience":64271,"relics_obtained":[{"floor":7,"key":"infinitespire:Bottled Soul"},{"floor":9,"key":"LastBattle"},{"floor":17,"key":"PreservedInsect"},{"floor":17,"key":"MagicDraw4"},{"floor":17,"key":"SecretRecord"},{"floor":22,"key":"hubris:Towel"},{"floor":26,"key":"hubris:SlimyHat"},{"floor":26,"key":"Juzu Bracelet"},{"floor":27,"key":"MagicDraw1"},{"floor":27,"key":"MagicDraw2"}],"event_choices":[{"damage_healed":0,"gold_gain":0,"player_choice":"Obtained Relic","damage_taken":0,"relics_obtained":["MealTicket"],"max_hp_gain":0,"max_hp_loss":0,"event_name":"Addict","floor":21,"gold_loss":85}],"is_beta":false,"boss_relics":[{"not_picked":["hubris:ScarierMask","Tiny House"],"picked":"Calling Bell"},{"not_picked":["SlaversCollar","REME_DemonsWealth"],"picked":"Cursed Key"}],"items_purged_floors":[20,31],"is_endless":false,"potions_floor_spawned":[3,4,7,16,22,29],"killed_by":"3 Darklings","ascension_level":0}}