{"host":"65mk3suhfjklhbko","time":1611116489,"event":{"mods":["AchievementEnabler","BaseMod","Bestiary","Conspire","Infinite Spire","Minty Spire (QoL Compilation)","Quick Restart","Replay The Spire","StSLib"],"gold_per_floor":[114,114,212,232,247,280,80,35,35,68,83,33,77,94,94,204,204,215,215,215,229,265,265,265,265,291,331,374,407,71,71,71,198,198,228,228,309,56,56,73,3,3,26,71,146,146,171,230,230,243,243],"floor_reached":50,"language":"ENG","playtime":5025,"items_purged":["Strike_P","Strike_P+1"],"score":880,"play_id":"30674f25-f25c-440c-ac1a-739104d14b8e","local_time":"20210119232129","is_ascension_mode":false,"campfire_choices":[{"floor":15.0,"key":"REST"},{"data":"Replay:DivineShield","floor":23.0,"key":"SMITH"},{"floor":32.0,"key":"REST"},{"floor":42,"key":"REST"},{"floor":46,"key":"REST"},{"data":"Devotion","floor":49,"key":"SMITH"}],"circlet_count":0,"master_deck":["Strike_P","Defend_P","Defend_P","Defend_P","Defend_P","Eruption+1","Vigilance","EmptyMind+1","CutThroughFate","EmptyFist+1","LessonLearned","Replay:DivineShield+1","LikeWater+1","EmptyBody","FlurryOfBlows","Halt","conspire:SpireCoStock+1","Consecrate+1","FlurryOfBlows+1","Devotion+1","SashWhip+1","Consecrate+1","Replay:BluntJabs","Adaptation","Protect","Brilliance","Omniscience+1","FearNoEvil+1","FollowUp+1","Replay:Fractal Strike","Meditate","Tantrum","Replay:ManipulateFuture","MentalFortress","Replay:Vibes"],"relics":["PureWater","NeowsBlessing","Orichalcum","Bronze Scales","infinitespire:Satchel","BargainBundle","infinitespire:Broken Mirror","Snack Pack","infinitespire:Lucky Rock","SlaversCollar","FaceOfCleric","Oddly Smooth Stone","Damaru","Toy Ornithopter","infinitespire:EvilPickle","conspire:RunicOctahedron","Replay:Towering Pillar of Hats","Replay:WaspNest","Simple Rune","Replay:Purple Gloves"],"acts_visited":["Exordium","TheCity","TheBeyond"],"potions_floor_usage":[40,50],"damage_taken":[{"damage":0.0,"enemies":"Cultist","floor":1.0,"turns":1.0},{"damage":0.0,"enemies":"Jaw Worm","floor":4.0,"turns":1.0},{"damage":0.0,"enemies":"2 Louse","floor":5.0,"turns":1.0},{"damage":25.0,"enemies":"3 Sentries","floor":6.0,"turns":8.0},{"damage":18.0,"enemies":"Replay:BlueRogue","floor":10.0,"turns":4.0},{"damage":0.0,"enemies":"Exordium Wildlife","floor":11.0,"turns":2.0},{"damage":0.0,"enemies":"3 Sentries","floor":13.0,"turns":5.0},{"damage":3.0,"enemies":"conspire:2 RoseBushes","floor":14.0,"turns":4.0},{"damage":48.0,"enemies":"Fading Forest","floor":16.0,"turns":11.0},{"damage":12.0,"enemies":"2 Thieves","floor":18.0,"turns":4.0},{"damage":5.0,"enemies":"3 Byrds","floor":21.0,"turns":3.0},{"damage":2.0,"enemies":"Snake Plant","floor":22.0,"turns":4.0},{"damage":4.0,"enemies":"conspire:HollyBat","floor":27.0,"turns":7.0},{"damage":43.0,"enemies":"Nightmare","floor":28.0,"turns":6.0},{"damage":0.0,"enemies":"Centurion and Healer","floor":29.0,"turns":6.0},{"damage":0.0,"enemies":"Pondfish","floor":33.0,"turns":10.0},{"damage":1.0,"enemies":"Orb Walker","floor":35.0,"turns":3.0},{"damage":50.0,"enemies":"2 Orb Walkers","floor":37.0,"turns":6.0},{"damage":29,"enemies":"3 Darklings","floor":40,"turns":3},{"damage":8,"enemies":"4 Shapes","floor":44,"turns":6},{"damage":0,"enemies":"Mind Bloom Boss Battle","floor":45,"turns":5},{"damage":12,"enemies":"Jaw Worm Horde","floor":47,"turns":4},{"damage":0,"enemies":"Transient","floor":48,"turns":5},{"damage":579,"enemies":"LordOfAnnihilation","floor":50,"turns":16}],"seed_played":"2228590439080205954","potions_obtained":[{"floor":4.0,"key":"Toxic Potion"},{"floor":6.0,"key":"Strength Potion"},{"floor":11.0,"key":"Strength Potion"},{"floor":13.0,"key":"BottledMiracle"},{"floor":16.0,"key":"FearPotion"},{"floor":18.0,"key":"FairyPotion"},{"floor":21.0,"key":"Block Potion"},{"floor":35.0,"key":"Fruit Juice"},{"floor":47,"key":"LiquidBronze"}],"is_trial":false,"path_per_floor":["M","?","?","M","M","E","$","$","T","E","M","?","E","M","R","B",null,"M","?","?","M","M","R","AVR","?","T","M","NM","M","$","?","R","B",null,"M","?","?","$","?","M","$","R","T","M","?","R","M","M","R","B"],"character_chosen":"WATCHER","items_purchased":["BargainBundle","LikeWater","Explosive Potion","EmptyBody","FlurryOfBlows","Protect","Brilliance","Toy Ornithopter","Replay:WaspNest","Tantrum"],"campfire_rested":4,"item_purchase_floors":[7,7,7,7,8,30,30,30,38,41],"current_hp_per_floor":[72,72,54,54,54,29,29,29,29,11,13,13,15,12,33,5,72,62,62,62,62,63,63,63,63,63,66,32,37,37,37,60,78,78,79,79,46,46,25,6,6,31,31,26,35,61,54,71,71,0,0],"gold":243,"neow_bonus":"THREE_ENEMY_KILL","is_daily":false,"chose_seed":false,"campfire_upgraded":2,"win_rate":0.0,"timestamp":1611116489,"path_taken":["M","?","?","?","M","E","?","$","T","E","M","?","E","M","R","BOSS","M","?","?","?","M","R","AVR","?","T","M","NM","M","$","?","R","BOSS","M","?","?","?","?","M","$","R","T","M","?","R","M","M","R","BOSS"],"items_purchased_type":["Relic","Card","Potion","Card","Card","Card","Card","Relic","Relic","Card"],"build_version":"2020-12-22","purchased_purges":2,"victory":false,"max_hp_per_floor":[72,72,72,72,72,72,72,72,72,72,72,72,72,72,72,72,72,72,72,72,73,74,74,74,74,74,75,76,77,77,77,77,78,78,79,79,85,85,85,86,86,86,86,87,88,88,89,90,90,90,90],"card_choices":[{"not_picked":["SandsOfTime","Replay:BluntJabs"],"picked":"EmptyMind","floor":1.0},{"not_picked":["Prostrate","WreathOfFlame"],"picked":"CutThroughFate","floor":3.0},{"not_picked":["FlyingSleeves","CutThroughFate"],"picked":"EmptyFist","floor":4.0},{"not_picked":["JustLucky","LikeWater"],"picked":"LessonLearned","floor":5.0},{"not_picked":["Conclude","Replay:AtTheReady"],"picked":"Replay:DivineShield","floor":6.0},{"not_picked":["ThirdEye","EmptyMind"],"picked":"Halt","floor":10.0},{"not_picked":["Crescendo","BowlingBash","Evaluate"],"picked":"SKIP","floor":11.0},{"not_picked":["Fasting2","ThirdEye"],"picked":"Consecrate","floor":13.0},{"not_picked":["ForeignInfluence","Replay:DivineShield"],"picked":"FlurryOfBlows","floor":14.0},{"not_picked":["Replay:AllIn","Brilliance"],"picked":"Devotion","floor":16.0},{"not_picked":["FlurryOfBlows","Crescendo"],"picked":"SashWhip+1","floor":18.0},{"not_picked":["EmptyFist","Replay:AtTheReady"],"picked":"Consecrate+1","floor":21.0},{"not_picked":["FlyingSleeves","Perseverance"],"picked":"Replay:BluntJabs","floor":28.0},{"not_picked":["PathToVictory+1","Fasting2"],"picked":"Adaptation","floor":29.0},{"not_picked":["Devotion","SpiritShield"],"picked":"Omniscience","floor":33.0},{"not_picked":["Replay:ManipulateFuture","SashWhip"],"picked":"FearNoEvil","floor":35.0},{"not_picked":["Study","FlurryOfBlows+1"],"picked":"FollowUp","floor":37.0},{"not_picked":["infinitespire:NeuralNetwork","infinitespire:Oblivion"],"picked":"Replay:Fractal Strike","floor":39},{"not_picked":["MasterReality","Indignation"],"picked":"Meditate","floor":40},{"not_picked":["ThirdEye","BowlingBash+1","Replay:AllIn"],"picked":"SKIP","floor":44},{"not_picked":["CrushJoints","Evaluate+1"],"picked":"Replay:ManipulateFuture","floor":45},{"not_picked":["Replay:AtTheReady","SashWhip+1"],"picked":"MentalFortress","floor":47},{"not_picked":["Tantrum+1","JustLucky+1"],"picked":"Replay:Vibes","floor":48}],"player_experience":667461,"relics_obtained":[{"floor":2.0,"key":"Orichalcum"},{"floor":3.0,"key":"Bronze Scales"},{"floor":6.0,"key":"infinitespire:Satchel"},{"floor":9.0,"key":"infinitespire:Broken Mirror"},{"floor":10.0,"key":"Snack Pack"},{"floor":13.0,"key":"infinitespire:Lucky Rock"},{"floor":26.0,"key":"Oddly Smooth Stone"},{"floor":28.0,"key":"Damaru"},{"floor":37.0,"key":"Replay:Towering Pillar of Hats"},{"floor":43,"key":"Simple Rune"},{"floor":45,"key":"Replay:Purple Gloves"}],"event_choices":[{"damage_healed":0.0,"max_hp_gain":0.0,"max_hp_loss":0.0,"gold_gain":0.0,"event_name":"conspire:Investor","player_choice":"Invest 1","floor":12.0,"gold_loss":0.0,"damage_taken":0.0},{"damage_healed":0.0,"max_hp_gain":0.0,"max_hp_loss":0.0,"gold_gain":0.0,"event_name":"Back to Basics","player_choice":"Simplicity","floor":19.0,"gold_loss":0.0,"damage_taken":0.0,"cards_upgraded":["Strike_P","Strike_P","Defend_P","Defend_P"]},{"damage_healed":0.0,"max_hp_gain":0.0,"max_hp_loss":0.0,"gold_gain":0.0,"event_name":"FaceTrader","player_choice":"Trade","floor":20.0,"gold_loss":0.0,"damage_taken":0.0,"relics_obtained":["FaceOfCleric"]},{"cards_removed":["Strike_P"],"damage_healed":0.0,"max_hp_gain":0.0,"max_hp_loss":0.0,"gold_gain":0.0,"event_name":"Falling","player_choice":"Removed Attack","floor":36.0,"gold_loss":0.0,"damage_taken":0.0},{"damage_healed":0.0,"max_hp_gain":0.0,"max_hp_loss":0.0,"gold_gain":0.0,"event_name":"Mysterious Sphere","player_choice":"Fight","floor":37.0,"gold_loss":0.0,"damage_taken":0.0},{"damage_healed":0,"gold_gain":0,"player_choice":"Fight","damage_taken":0,"max_hp_gain":0,"max_hp_loss":0,"event_name":"MindBloom","floor":45,"gold_loss":0}],"is_beta":false,"boss_relics":[{"not_picked":["Replay:Bronze Core","HolyWater"],"picked":"SlaversCollar"},{"not_picked":["Painkiller Herb","Busted Crown"],"picked":"conspire:RunicOctahedron"}],"items_purged_floors":[7,24],"is_endless":true,"potions_floor_spawned":[4,6,11,13,16,18,21,28,35,47],"killed_by":"LordOfAnnihilation","ascension_level":0}}