{"host":"avq773cl9g5msfol","time":1611141821,"event":{"mods":["100% Spire Juice","AchievementEnabler","Act Like it!","Ascension Unlocker","Aspiration","Astrologer","Bard","Bartender","BaseMod","Better Altar","Better Third Choice","BetterRewards","CapriCore","ChefMod","Colored Map","Colored Powertips","Conspire","Dio Mod","Elementarium","Energized Spire","Gensokyo","GifTheSpireLib","GungeonMod","Hallownest","Hermit","Highlight Path","Hubris","Humility","Infinite Spire","Jorbs\u0027s Wanderer Trilogy","Koishi","Magitek Elite","Marisa????????","Marked Mod","Menagerie","Minty Spire (QoL Compilation)","Pale of the Ancients","Potionbrewer","Quarter Circle Forward PUNCH!","Rare Cards Sparkle","Reimu??????","Relic Stats","Remilia??????","Replay The Spire","SacredBarkPlus","Shade Mod","Somnambulant","Spicy Shops","Spire Arcade","StS++","StSLib","Synergy Search","The Administrix","The Blue Laboratory","The Bug Knight","The Construct","The Cursed","The Disciple","The Dragon Tamer","The Exalted","The Hayseed","The Hierophant","The Immortal","The Judge","The Marked","The Mystic","The Problem Sleuth","The Runesmith","The Senshi","The Vixen","The Wild Card","TheFirefly","Wandering Minibosses","vexMod"],"gold_per_floor":[110,221,221,235,271,305,325,360,385,413,428,428,446,317,317,394,394,407,343,359,359,359],"floor_reached":21,"language":"ENG","playtime":1644,"items_purged":["Armaments"],"score":543,"play_id":"1e5190cf-21ee-4b01-a934-9019bbdde780","local_time":"20210120182341","is_ascension_mode":true,"campfire_choices":[{"data":"Bravery","floor":15.0,"key":"SMITH"}],"circlet_count":0,"master_deck":["AscendersBane","Bash","Run Through+1","Juggernaut+1","Barricade+1","ReplayTheSpireMod:Strike From Hell+1","Sword Boomerang+1","infinitespire:OneForAll+1","Hemokinesis+1","Sentinel+1","ReplayTheSpireMod:Muscle Training+1","Shrug It Off+1","Metallicize+1","Disarm+1","Exhume+1","Bloodletting+1","Limit Break+1","Inflame+1","Offering+1","Armaments+1","Flex+1","Gensokyo:SlitMouthedWoman","Clothesline","Battle Trance","Bravery+1","Replay:Many Hands+1","Inflame+1"],"relics":["Burning Blood","Golden Egg","Quantum Egg","ClockworkSouvenir","Happy Flower","RuthlessExorcism:ReiMu","theSenshi:SpiralHeartMoonRodRelic","OrangePellets","Sling","ReplayTheSpireMod:TigerMarble","Bromod:ArcaneNullifier","StSpp:SailingBoat","StSpp:SailorCap","Self Forming Clay","ReplayTheSpireMod:Spearhead","StSpp:XCola","StSpp:JackpotMachine","hubris:IronBody","DemoMod:GlassGuonStoneRelic","hubris:DisguiseKit","Akabeko","energizedSpire:NeverEndingSparkler"],"acts_visited":["Gensokyo:Gensokyo","TheCity"],"potions_floor_usage":[],"damage_taken":[{"damage":8.0,"enemies":"Gensokyo:3_Fairies","floor":1.0,"turns":3.0},{"damage":0.0,"enemies":"Gensokyo:2_Kodama","floor":4.0,"turns":2.0},{"damage":3.0,"enemies":"Gensokyo:Cirno","floor":6.0,"turns":5.0},{"damage":1.0,"enemies":"Gensokyo:Python","floor":7.0,"turns":2.0},{"damage":8.0,"enemies":"Gensokyo:Aya","floor":8.0,"turns":2.0},{"damage":0.0,"enemies":"Gensokyo:Cirno","floor":10.0,"turns":6.0},{"damage":0.0,"enemies":"Gensokyo:Kitsune","floor":11.0,"turns":1.0},{"damage":0.0,"enemies":"Gensokyo:LivingMonolith","floor":13.0,"turns":1.0},{"damage":8.0,"enemies":"Gensokyo:Reimu","floor":16.0,"turns":6.0},{"damage":9.0,"enemies":"Spheric Guardian","floor":18.0,"turns":3.0},{"damage":1.0,"enemies":"Centurion and Healer","floor":20.0,"turns":2.0}],"seed_played":"3801213320602650010","potions_obtained":[{"floor":8.0,"key":"potionbrewer:ToxicPotion"},{"floor":16.0,"key":"blueLaboratory:IronCompound"}],"is_trial":false,"path_per_floor":["M","COS","?","M","?","E","M","E","T","E","M","?","M","$","R","B",null,"M","$","M","?"],"character_chosen":"IRONCLAD","items_purchased":["ClockworkSouvenir","Happy Flower","Shrug It Off","RuthlessExorcism:ReiMu","theSenshi:SpiralHeartMoonRodRelic","OrangePellets","Metallicize","Sling","Disarm","ReplayTheSpireMod:TigerMarble","Bromod:ArcaneNullifier","Exhume","StSpp:SailingBoat","StSpp:SailorCap","Self Forming Clay","Bloodletting","Limit Break","ReplayTheSpireMod:Spearhead","Inflame","StSpp:XCola","Fruit Juice","StSpp:JackpotMachine","Offering","Armaments","Flex","hubris:IronBody","Block Potion","Inflame"],"campfire_rested":0,"item_purchase_floors":[0,0,0,0,0,0,0,0,0,0,0,0,0,0,0,0,0,0,0,0,0,0,0,0,0,0,14,19],"current_hp_per_floor":[82,82,82,82,50,59,66,66,66,78,82,82,82,82,82,82,82,81,81,82,82,82],"gold":359,"neow_bonus":"","is_daily":false,"chose_seed":false,"campfire_upgraded":1,"win_rate":0.0,"timestamp":1611141821,"path_taken":["M","COS","?","?","?","E","M","E","T","E","M","?","M","?","R","BOSS","M","$","?","?"],"items_purchased_type":["Relic","Relic","Card","Relic","Relic","Relic","Card","Relic","Card","Relic","Relic","Card","Relic","Relic","Relic","Card","Card","Relic","Card","Relic","Potion","Relic","Card","Card","Card","Relic","Potion","Card"],"build_version":"2020-12-22","purchased_purges":1,"victory":false,"max_hp_per_floor":[82,82,82,82,82,82,82,82,82,82,82,82,82,82,82,82,82,82,82,82,82,82],"relic_stats":{"OrangePellets":[10],"Happy Flower":[11],"counters":[36,158],"Self Forming Clay":[30],"obtain_stats":[{"Bromod:ArcaneUltimatum":30,"Golden Egg":0,"Bromod:ArcaneNullifier":0,"DemoMod:GlassGuonStoneRelic":3,"theSenshi:SpiralHeartMoonRodRelic":0,"Sling":0,"Replay:Wanted Poster":17,"DemoMod:Metronome":13,"aspiration:MobileForge":34,"Replay:Bottled Flurry":23,"potionbrewer:DrinkingBird":26,"Kunai":48,"StSpp:XCola":0,"construct:RocketBooster":0,"DemoMod:Orange":9,"Happy Flower":0,"Dead Branch":21,"wanderingMiniBosses:MasterThiefsPresence":7,"War Paint":11,"Akabeko":10,"hubris:Zylophone":43,"OrangePellets":0,"ReplayTheSpireMod:Spearhead":0,"energizedSpire:NeverEndingSparkler":17,"Pandora\u0027s Box":21,"ReplayTheSpireMod:TigerMarble":8,"Juzu Bracelet":0,"Hallownest:DreamNailRelic":2,"Incense Burner":38,"DemoMod:WhiteGuonStone":25,"Burning Blood":0,"hubris:EvacipatedBox":0,"Pet Ghost":29,"ClockworkSouvenir":0,"DemoMod:SevenLeafClover":0,"Frozen Eye":25,"hubris:CuriousFeather":36,"hubris:IronBody":0,"Potion Belt":31,"hubris:DisguiseKit":8,"StSpp:SailorCap":0,"ReplayTheSpireMod:Ninjato":6,"Self Forming Clay":0,"StSpp:JackpotMachine":0,"Quantum Egg":8,"The Courier":40,"StSpp:SailingBoat":0,"Medical Kit":31,"White Beast Statue":26,"vexMod:Dragonfruit":43,"Pondfish Scales":46,"Turnip":44,"Bag of Marbles":44,"potionbrewer:Keyblade":44,"RuthlessExorcism:ReiMu":0},{"Bromod:ArcaneUltimatum":14,"Golden Egg":0,"Bromod:ArcaneNullifier":25,"DemoMod:GlassGuonStoneRelic":2,"theSenshi:SpiralHeartMoonRodRelic":25,"Sling":25,"Replay:Wanted Poster":10,"DemoMod:Metronome":8,"aspiration:MobileForge":15,"Replay:Bottled Flurry":12,"potionbrewer:DrinkingBird":13,"Kunai":23,"StSpp:XCola":25,"construct:RocketBooster":0,"DemoMod:Orange":5,"Happy Flower":25,"Dead Branch":11,"wanderingMiniBosses:MasterThiefsPresence":4,"War Paint":6,"Akabeko":31,"hubris:Zylophone":20,"OrangePellets":25,"ReplayTheSpireMod:Spearhead":25,"energizedSpire:NeverEndingSparkler":34,"Pandora\u0027s Box":11,"ReplayTheSpireMod:TigerMarble":5,"Juzu Bracelet":0,"Hallownest:DreamNailRelic":1,"Incense Burner":19,"DemoMod:WhiteGuonStone":13,"Burning Blood":0,"hubris:EvacipatedBox":0,"Pet Ghost":13,"ClockworkSouvenir":25,"DemoMod:SevenLeafClover":0,"Frozen Eye":12,"hubris:CuriousFeather":17,"hubris:IronBody":25,"Potion Belt":14,"hubris:DisguiseKit":30,"StSpp:SailorCap":25,"ReplayTheSpireMod:Ninjato":3,"Self Forming Clay":25,"StSpp:JackpotMachine":25,"Quantum Egg":5,"The Courier":20,"StSpp:SailingBoat":25,"Medical Kit":14,"White Beast Statue":13,"vexMod:Dragonfruit":20,"Pondfish Scales":21,"Turnip":20,"Bag of Marbles":20,"potionbrewer:Keyblade":20,"RuthlessExorcism:ReiMu":25},{"Bromod:ArcaneUltimatum":95,"Golden Egg":0,"Bromod:ArcaneNullifier":125,"DemoMod:GlassGuonStoneRelic":12,"theSenshi:SpiralHeartMoonRodRelic":125,"Sling":125,"Replay:Wanted Poster":83,"DemoMod:Metronome":52,"aspiration:MobileForge":101,"Replay:Bottled Flurry":89,"potionbrewer:DrinkingBird":92,"Kunai":118,"StSpp:XCola":125,"construct:RocketBooster":0,"DemoMod:Orange":29,"Happy Flower":125,"Dead Branch":88,"wanderingMiniBosses:MasterThiefsPresence":24,"War Paint":39,"Akabeko":145,"hubris:Zylophone":111,"OrangePellets":125,"ReplayTheSpireMod:Spearhead":125,"energizedSpire:NeverEndingSparkler":153,"Pandora\u0027s Box":88,"ReplayTheSpireMod:TigerMarble":29,"Juzu Bracelet":0,"Hallownest:DreamNailRelic":6,"Incense Burner":109,"DemoMod:WhiteGuonStone":92,"Burning Blood":0,"hubris:EvacipatedBox":0,"Pet Ghost":92,"ClockworkSouvenir":125,"DemoMod:SevenLeafClover":0,"Frozen Eye":89,"hubris:CuriousFeather":105,"hubris:IronBody":125,"Potion Belt":95,"hubris:DisguiseKit":139,"StSpp:SailorCap":125,"ReplayTheSpireMod:Ninjato":22,"Self Forming Clay":125,"StSpp:JackpotMachine":125,"Quantum Egg":29,"The Courier":111,"StSpp:SailingBoat":125,"Medical Kit":95,"White Beast Statue":92,"vexMod:Dragonfruit":111,"Pondfish Scales":116,"Turnip":111,"Bag of Marbles":111,"potionbrewer:Keyblade":111,"RuthlessExorcism:ReiMu":125}],"Burning Blood":178},"card_choices":[{"not_picked":["Intimidate","conspire:Charge","Headbutt"],"picked":"SKIP","floor":1.0},{"not_picked":["Carnage","StSpp:Jab","StSpp:TheBiggerTheyAre"],"picked":"SKIP","floor":4.0},{"not_picked":["Dropkick","Searing Blow"],"picked":"Armaments","floor":5.0},{"not_picked":["Flex","hubris:SharpeningStone"],"picked":"Clothesline","floor":5.0},{"not_picked":["Warcry","Twin Strike","Headbutt"],"picked":"SKIP","floor":6.0},{"not_picked":["Body Slam","Perfected Strike"],"picked":"Battle Trance","floor":7.0},{"not_picked":["Clothesline","Sword Boomerang","Twin Strike"],"picked":"SKIP","floor":8.0},{"not_picked":["conspire:Charge","StSpp:Sprint","Clash"],"picked":"Bravery","floor":10.0},{"not_picked":["Body Slam","True Grit","Heavy Blade","Gaia_Gear"],"picked":"SKIP","floor":11.0},{"not_picked":["Rampage","Replay:Undeath\u0027s Touch","Shrug It Off","Transfusion"],"picked":"SKIP","floor":13.0},{"not_picked":["StSpp:BladeOfBlood","Hemogenesis","Drain"],"picked":"Replay:Many Hands","floor":16.0},{"not_picked":["Flame Barrier","Twin Strike+1","Wild Strike","Vox"],"picked":"SKIP","floor":18.0},{"not_picked":["Twin Strike","StSpp:Vengeance","Second Wind","Bravery"],"picked":"SKIP","floor":20.0}],"player_experience":1245722,"relics_obtained":[{"floor":8.0,"key":"hubris:DisguiseKit"},{"floor":10.0,"key":"Akabeko"}],"event_choices":[],"is_beta":false,"boss_relics":[{"not_picked":["Abe\u0027s Treasure","infinitespire:Cupcake"],"picked":"energizedSpire:NeverEndingSparkler"}],"items_purged_floors":[14],"is_endless":false,"potions_floor_spawned":[4,8,10,16,20],"ascension_level":20}}