{"host":"cjhtzh7tp54jdfyv","time":1611127691,"event":{"mods":["AchievementEnabler","BaseMod","Colored Map","Colored Powertips","Curses Come First","DeckTracker","Filter the Spire","Minty Spire (QoL Compilation)","RNG Fix","Relic Sorter","Relic Stats","StSLib","UnlockEverythingMod","ojb\u0027s Better Paths Mod","ojb\u0027s Info Mod"],"gold_per_floor":[119,119,132,42,57,82,7,7,7,27,53,53,83,106,106,183,183,198,215,115,135,135,135,175,175,175,175,18,68,68,68],"floor_reached":30,"language":"ENG","playtime":1761,"items_purged":["Defend_P","Defend_P"],"score":542,"play_id":"3bd2520e-86f2-4672-a720-127f620f9fd3","local_time":"20210120022811","is_ascension_mode":true,"campfire_choices":[{"floor":12.0,"key":"REST"},{"data":"Eruption","floor":15.0,"key":"SMITH"},{"floor":23.0,"key":"REST"},{"data":"EmptyMind","floor":27.0,"key":"SMITH"}],"circlet_count":0,"master_deck":["AscendersBane","Strike_P","Strike_P+1","Strike_P","Defend_P+1","Eruption+1","Vigilance","Adaptation","EmptyMind+1","Wish"],"relics":["Busted Crown","Darkstone Periapt","Anchor","Oddly Smooth Stone","VioletLotus","Nloth\u0027s Gift","StrikeDummy","Medical Kit"],"acts_visited":["Exordium","TheCity"],"potions_floor_usage":[30],"damage_taken":[{"damage":1.0,"enemies":"2 Louse","floor":1.0,"turns":4.0},{"damage":4.0,"enemies":"Small Slimes","floor":3.0,"turns":4.0},{"damage":0.0,"enemies":"Jaw Worm","floor":5.0,"turns":4.0},{"damage":4.0,"enemies":"Lagavulin","floor":6.0,"turns":7.0},{"damage":0.0,"enemies":"Blue Slaver","floor":10.0,"turns":4.0},{"damage":37.0,"enemies":"3 Sentries","floor":11.0,"turns":7.0},{"damage":14.0,"enemies":"Lagavulin","floor":13.0,"turns":6.0},{"damage":8.0,"enemies":"Hexaghost","floor":16.0,"turns":7.0},{"damage":22.0,"enemies":"Shell Parasite","floor":18.0,"turns":7.0},{"damage":5.0,"enemies":"Chosen","floor":19.0,"turns":4.0},{"damage":20.0,"enemies":"Shelled Parasite and Fungi","floor":21.0,"turns":6.0},{"damage":0.0,"enemies":"3 Cultists","floor":24.0,"turns":4.0},{"damage":22,"enemies":"Slavers","floor":30,"turns":2}],"seed_played":"-8866917725681417235","potions_obtained":[{"floor":3.0,"key":"SpeedPotion"},{"floor":5.0,"key":"StancePotion"},{"floor":6.0,"key":"PowerPotion"},{"floor":8.0,"key":"EntropicBrew"},{"floor":11.0,"key":"Ambrosia"},{"floor":18.0,"key":"PowerPotion"},{"floor":24.0,"key":"Strength Potion"}],"is_trial":false,"path_per_floor":["M","?","M","$","M","E","$","?","T","M","E","R","E","T","R","B",null,"M","M","$","M","?","R","M","?","T","R","$","?","E"],"character_chosen":"WATCHER","items_purchased":["Adaptation","Medical Kit"],"campfire_rested":2,"item_purchase_floors":[4,28],"current_hp_per_floor":[60,40,36,36,36,32,32,32,32,32,7,27,13,13,13,5,52,30,25,25,5,5,25,25,25,25,25,25,19,0,0],"gold":68,"neow_bonus":"BOSS_RELIC","is_daily":false,"chose_seed":false,"campfire_upgraded":2,"win_rate":0.0,"timestamp":1611127691,"path_taken":["M","?","M","?","M","E","$","?","T","M","E","R","E","?","R","BOSS","M","M","$","M","?","R","M","?","T","R","?","?","E"],"items_purchased_type":["Card","Relic"],"build_version":"2020-12-22","purchased_purges":2,"victory":false,"max_hp_per_floor":[68,68,68,68,68,68,68,68,68,68,68,68,68,68,68,68,68,68,68,68,68,68,68,68,68,68,68,68,68,68,68],"relic_stats":{"Darkstone Periapt":0,"Busted Crown":24,"counters":[13,66],"VioletLotus":[20],"Nloth\u0027s Gift":0,"Medical Kit":[2],"obtain_stats":[{"Darkstone Periapt":6,"Anchor":13,"Busted Crown":0,"Oddly Smooth Stone":14,"Pen Nib":11,"VioletLotus":17,"Nloth\u0027s Gift":25,"PureWater":0,"StrikeDummy":26,"Medical Kit":28},{"Darkstone Periapt":4,"Anchor":7,"Busted Crown":0,"Oddly Smooth Stone":7,"Pen Nib":6,"VioletLotus":8,"Nloth\u0027s Gift":12,"PureWater":0,"StrikeDummy":12,"Medical Kit":12},{"Darkstone Periapt":19,"Anchor":36,"Busted Crown":0,"Oddly Smooth Stone":36,"Pen Nib":30,"VioletLotus":43,"Nloth\u0027s Gift":64,"PureWater":0,"StrikeDummy":64,"Medical Kit":64}]},"card_choices":[{"not_picked":["EmptyBody"],"picked":"SKIP","floor":1.0},{"not_picked":["PathToVictory"],"picked":"SKIP","floor":3.0},{"not_picked":["ThirdEye"],"picked":"SKIP","floor":5.0},{"not_picked":["Evaluate"],"picked":"SKIP","floor":6.0},{"not_picked":["CrushJoints"],"picked":"SKIP","floor":10.0},{"not_picked":["CutThroughFate"],"picked":"SKIP","floor":11.0},{"not_picked":["LikeWater"],"picked":"SKIP","floor":13.0},{"not_picked":["Wireheading"],"picked":"SKIP","floor":18.0},{"not_picked":["FlyingSleeves+1"],"picked":"SKIP","floor":19.0},{"not_picked":["WreathOfFlame"],"picked":"SKIP","floor":21.0},{"not_picked":["FlyingSleeves"],"picked":"SKIP","floor":24.0}],"player_experience":4612431,"relics_obtained":[{"floor":6.0,"key":"Darkstone Periapt"},{"floor":11.0,"key":"Pen Nib"},{"floor":13.0,"key":"Anchor"},{"floor":14.0,"key":"Oddly Smooth Stone"},{"floor":26.0,"key":"StrikeDummy"}],"event_choices":[{"damage_healed":0.0,"max_hp_gain":0.0,"max_hp_loss":0.0,"gold_gain":0.0,"event_name":"Shining Light","player_choice":"Entered Light","floor":2.0,"gold_loss":0.0,"damage_taken":20.0,"cards_upgraded":["Defend_P","Strike_P"]},{"damage_healed":0.0,"max_hp_gain":0.0,"max_hp_loss":0.0,"gold_gain":0.0,"event_name":"Lab","player_choice":"Got Potions","floor":8.0,"gold_loss":0.0,"damage_taken":0.0},{"damage_healed":0.0,"max_hp_gain":0.0,"max_hp_loss":0.0,"gold_gain":0.0,"cards_transformed":["Defend_P","Strike_P"],"event_name":"Drug Dealer","player_choice":"Became Test Subject","floor":22.0,"gold_loss":0.0,"damage_taken":0.0,"cards_obtained":["EmptyMind","Wish"]},{"damage_healed":0.0,"max_hp_gain":0.0,"max_hp_loss":0.0,"gold_gain":0.0,"event_name":"N\u0027loth","player_choice":"Traded Relic","floor":25.0,"relics_lost":["Pen Nib"],"gold_loss":0.0,"damage_taken":0.0,"relics_obtained":["Nloth\u0027s Gift"]},{"damage_healed":0.0,"max_hp_gain":0.0,"max_hp_loss":0.0,"gold_gain":50.0,"event_name":"FaceTrader","player_choice":"Touch","floor":29.0,"gold_loss":0.0,"damage_taken":6.0}],"is_beta":false,"boss_relics":[{"not_picked":["Ectoplasm","Runic Pyramid"],"picked":"VioletLotus"}],"items_purged_floors":[7,20],"is_endless":false,"potions_floor_spawned":[3,5,6,11,18,24],"killed_by":"Slavers","ascension_level":20}}