{"host":"1zjc08c6hob33401","time":1611176834,"event":{"mods":["AchievementEnabler","Act Like it!","Aspiration","BaseMod","Downfall","Energized Spire","Evolution","Friendly Minions","Gensokyo","GifTheSpireLib","Hubris","Infinite Spire","Jedi Mod","Minty Spire (QoL Compilation)","Pale of the Ancients","Quick Restart","Replay The Spire","Retaliation","Shop Mod","Spire Arcade","StS++","StSLib","Stuff the Spire","The Blue Laboratory","Wandering Minibosses","vexMod","??????REMEMod"],"gold_per_floor":[117,117,117,130,148,148,191,219,245,274,300,160,26,26,26,138,138,160,169,178,88,88,88,88,88,88,88,88,88,88,88,88,88,88,88,88,88,88,88,88,88,88,88,88,88,88,88,88,88,88,88,88,88],"floor_reached":52,"language":"RUS","playtime":5030,"items_purged":[],"score":1227,"play_id":"1dd6c133-22b8-45be-bdbe-24cbd2acac6a","local_time":"20210120230714","is_ascension_mode":true,"campfire_choices":[{"data":"expansioncontent:QuickStudy","floor":6.0,"key":"SMITH"},{"floor":15.0,"key":"REST"},{"data":"infinitespire:SevenWalls","floor":23.0,"key":"SMITH"},{"data":"REME_Shoggoth","floor":27.0,"key":"SMITH"},{"data":"Seek","floor":32.0,"key":"SMITH"},{"data":"Chill","floor":40.0,"key":"SMITH"},{"data":"Phantasmal Killer","floor":45.0,"key":"SMITH"},{"data":"jedi:studyfrost","floor":47.0,"key":"SMITH"},{"data":"Heatsinks","floor":49.0,"key":"SMITH"}],"circlet_count":0,"master_deck":["AscendersBane","Barrage","Barrage","Strike_B+1","Strike_B+1","Defend_B","Defend_B","expansioncontent:QuickStudy+1","StSpp:Igniter+1","StuffTheSpire:Incursion","StSpp:Lure","Phantasmal Killer+1","jedi:markofdeath","StuffTheSpire:Plugnplay","StuffTheSpire:LaunchingStrike+1","White Noise","Leap","Undo","Buffer+1","REME_Shoggoth+1","Coolheaded","infinitespire:SevenWalls+1","Shame","FTL","Beam Cell+1","Seek+1","Heatsinks+1","jedi:sharpshooter+1","Chill+1","Compile Driver+1","StuffTheSpire:ForEach+1","jedi:BurstFrost+1","Heatsinks+1","jedi:BurstFrost+1","Conserve Battery+1","jedi:studyfrost+1","Compile Driver+1"],"relics":["Cracked Core","EVO:Axolotl","REME_ComplimentaryCards","Gensokyo:Justice","CeramicFish","Simple Rune","hubris:Spice","Nuclear Battery","StuffTheSpire:OldFever","jedi:ominousloannote","Replay:Accelerometer","StuffTheSpire:OldFever","Mirror","energizedSpire:OgreHead","Anchor","hubris:Icosahedron","paleoftheancients:Timepiece","Letter Opener","CultistMask"],"acts_visited":["Gensokyo:Gensokyo","Gensokyo:Gensokyoer","Gensokyo:Gensokyoest","paleoftheancients:PaleOfTheAncients"],"potions_floor_usage":[51],"damage_taken":[{"damage":9.0,"enemies":"Gensokyo:Gryphon","floor":1.0,"turns":4.0},{"damage":18.0,"enemies":"Gensokyo:Python","floor":4.0,"turns":3.0},{"damage":0.0,"enemies":"Gensokyo:2_Kodama","floor":5.0,"turns":3.0},{"damage":12.0,"enemies":"Gensokyo:Cirno","floor":7.0,"turns":5.0},{"damage":0.0,"enemies":"Gensokyo:2_Rabbits","floor":8.0,"turns":5.0},{"damage":34.0,"enemies":"Gensokyo:3_Kodama","floor":10.0,"turns":5.0},{"damage":0.0,"enemies":"Gensokyo:Kitsune","floor":11.0,"turns":3.0},{"damage":32.0,"enemies":"Gensokyo:Kokoro","floor":16.0,"turns":7.0},{"damage":7.0,"enemies":"Gensokyo:3_Dogs","floor":18.0,"turns":5.0},{"damage":12.0,"enemies":"Gensokyo:Chomper","floor":22.0,"turns":4.0},{"damage":3.0,"enemies":"Gensokyo:Reisen","floor":24.0,"turns":4.0},{"damage":0.0,"enemies":"Gensokyo:Wraith","floor":25.0,"turns":4.0},{"damage":24.0,"enemies":"Gensokyo:Tenshi","floor":28.0,"turns":3.0},{"damage":0.0,"enemies":"Gensokyo:Swordslinger","floor":29.0,"turns":3.0},{"damage":0.0,"enemies":"Gensokyo:Chomper_and_Gloop","floor":30.0,"turns":4.0},{"damage":0.0,"enemies":"Gensokyo:Wraith","floor":31.0,"turns":4.0},{"damage":0.0,"enemies":"Gensokyo:Eiki","floor":33.0,"turns":4.0},{"damage":18.0,"enemies":"Gensokyo:3_Bats","floor":35.0,"turns":2.0},{"damage":0.0,"enemies":"Gensokyo:AncientGuardian","floor":38.0,"turns":2.0},{"damage":0.0,"enemies":"Gensokyo:Dusk_and_Dawn","floor":39.0,"turns":3.0},{"damage":4.0,"enemies":"Gensokyo:Marisa","floor":41.0,"turns":4.0},{"damage":0.0,"enemies":"Gensokyo:4_Bats","floor":42.0,"turns":4.0},{"damage":0.0,"enemies":"Gensokyo:Sharpion","floor":44.0,"turns":4.0},{"damage":0.0,"enemies":"Gensokyo:3_Boulders","floor":48.0,"turns":3.0},{"damage":0.0,"enemies":"Gensokyo:Shinki","floor":50.0,"turns":6.0},{"damage":111,"enemies":"Gensokyo:Shinki","floor":51,"turns":5},{"damage":88,"enemies":"Gensokyo:Shinki","floor":52,"turns":7}],"seed_played":"-52104275338587311","potions_obtained":[{"floor":5.0,"key":"Swift Potion"},{"floor":7.0,"key":"sneckomod:MuddlingPotion"},{"floor":10.0,"key":"Weak Potion"},{"floor":11.0,"key":"EssenceOfSteel"},{"floor":16.0,"key":"Weak Potion"},{"floor":18.0,"key":"Slimebound:ThreeZeroPotion"},{"floor":24.0,"key":"SneckoOil"},{"floor":29.0,"key":"sneckomod:MuddlingPotion"},{"floor":30.0,"key":"jedi:wingpotion"},{"floor":31.0,"key":"blueLaboratory:CorrosionFlask"},{"floor":38.0,"key":"blueLaboratory:BiasPotion"},{"floor":41.0,"key":"Adrenaline Potion"},{"floor":48.0,"key":"Fire Potion"}],"is_trial":false,"path_per_floor":["M","?","?","M","M","R","E","M","T","M","M","?","$","COS","R","B",null,"M","AVR","?","COS","M","R","E","M","T","R","E","M","M","M","R","B",null,"M","?","?","M","M","R","E","M","T","M","R","?","R","M","R","B","M","M"],"character_chosen":"DEFECT","items_purchased":["Buffer"],"campfire_rested":1,"item_purchase_floors":[13],"current_hp_per_floor":[66,66,66,48,48,48,48,48,48,14,14,22,22,22,49,17,72,65,65,65,73,61,61,58,58,58,58,34,34,34,44,44,44,85,67,67,76,76,76,76,72,72,72,72,72,72,72,72,72,80,82,0,0],"gold":88,"neow_bonus":"TEN_PERCENT_HP_BONUS","is_daily":false,"chose_seed":false,"campfire_upgraded":8,"win_rate":0.0,"timestamp":1611176834,"path_taken":["M","?","?","M","?","R","E","M","T","?","M","?","?","COS","R","BOSS","M","AVR","?","COS","M","R","E","M","T","R","E","M","M","M","R","BOSS","M","?","?","M","M","R","E","M","T","M","R","?","R","?","R","BOSS","M","M"],"items_purchased_type":["Card"],"build_version":"2020-12-22","purchased_purges":0,"victory":false,"max_hp_per_floor":[82,82,82,82,82,82,82,82,82,82,82,90,90,90,90,90,90,90,90,90,98,98,98,98,98,98,98,98,98,98,98,98,98,98,98,98,98,98,98,98,90,90,90,82,82,82,82,82,82,82,82,82,82],"card_choices":[{"not_picked":["Defragment","Reprogram"],"picked":"StSpp:Igniter","floor":1.0},{"not_picked":["Consume","Glacier"],"picked":"jedi:markofdeath","floor":4.0},{"not_picked":["Redo","Steam Power"],"picked":"StuffTheSpire:Plugnplay","floor":5.0},{"not_picked":["Hologram","Darkness"],"picked":"StuffTheSpire:LaunchingStrike","floor":7.0},{"not_picked":["Fusion","Glacier"],"picked":"White Noise","floor":8.0},{"not_picked":["Hologram","REME_Compress"],"picked":"Leap","floor":10.0},{"not_picked":["Scrape","StuffTheSpire:Plugnplay"],"picked":"Undo","floor":11.0},{"not_picked":["Meteor Strike","StuffTheSpire:EventHorizon"],"picked":"REME_Shoggoth","floor":16.0},{"not_picked":["StuffTheSpire:CleanHardDrive","Steam","StSpp:Pointer+1"],"picked":"Coolheaded","floor":18.0},{"not_picked":["Streamline","StuffTheSpire:GlassShard"],"picked":"FTL","floor":22.0},{"not_picked":["jedi:sharpshooter","Go for the Eyes"],"picked":"Beam Cell+1","floor":24.0},{"not_picked":["hubris:SpiceAddiction","Turbo"],"picked":"Seek","floor":25.0},{"not_picked":["jedi:BurstFrost","Redo"],"picked":"Heatsinks","floor":28.0},{"not_picked":["Go for the Eyes","Streamline"],"picked":"jedi:sharpshooter+1","floor":29.0},{"not_picked":["Redo","Sunder+1"],"picked":"Chill","floor":30.0},{"not_picked":["jedi:BurstFrost","BasicCrystalCard"],"picked":"Compile Driver+1","floor":31.0},{"not_picked":["ReplayTheSpireMod:Omega Cannon","REME_Shoggoth"],"picked":"StuffTheSpire:ForEach","floor":33.0},{"not_picked":["jedi:hex","BasicCrystalCard"],"picked":"jedi:BurstFrost+1","floor":35.0},{"not_picked":["Cold Snap","Time Bomb+1"],"picked":"Heatsinks+1","floor":38.0},{"not_picked":["Redo","REME_DataAnalysis"],"picked":"jedi:BurstFrost+1","floor":39.0},{"not_picked":["Coolheaded","Hologram+1"],"picked":"Conserve Battery+1","floor":41.0},{"not_picked":["Beam Cell","StuffTheSpire:NuclearReactor+1"],"picked":"jedi:studyfrost","floor":42.0},{"not_picked":["hubris:SpiceAddiction","Conserve Battery+1"],"picked":"hubris:SpiceAddiction","floor":44.0},{"not_picked":["Turbo","StSpp:Pointer"],"picked":"Compile Driver+1","floor":48.0}],"player_experience":642836,"relics_obtained":[{"floor":7.0,"key":"CeramicFish"},{"floor":9.0,"key":"Simple Rune"},{"floor":24.0,"key":"Replay:Accelerometer"},{"floor":26.0,"key":"StuffTheSpire:OldFever"},{"floor":28.0,"key":"Mirror"},{"floor":41.0,"key":"hubris:Spice"},{"floor":43.0,"key":"Anchor"}],"event_choices":[],"is_beta":false,"boss_relics":[{"not_picked":["hubris:Spice","hubris:Spice"],"picked":"Nuclear Battery"},{"not_picked":["hubris:Spice","aspiration:WatcherSkillbook"],"picked":"energizedSpire:OgreHead"}],"items_purged_floors":[],"is_endless":false,"potions_floor_spawned":[5,7,10,11,16,18,24,29,30,31,38,41,48],"killed_by":"Gensokyo:Shinki","ascension_level":10}}