{"host":"70zhvo5nwrhp1mbg","time":1611114513,"event":{"mods":["BaseMod","Colored Map","Colored Powertips","Filter the Spire","Highlight Path","Minty Spire (QoL Compilation)","Rare Cards Sparkle","StSLib"],"gold_per_floor":[110,285,251,262,105,105,137,148,175,175,175,189,222,242,242,342,342,354,354,354,354,373,373,373],"floor_reached":23,"language":"ENG","playtime":1250,"items_purged":[],"score":259,"play_id":"12c07afa-a146-4142-9c22-975329f28eeb","local_time":"20210119224833","is_ascension_mode":true,"campfire_choices":[{"data":"Shrug It Off","floor":6,"key":"SMITH"},{"floor":10,"key":"REST"},{"floor":15,"key":"REST"}],"circlet_count":0,"master_deck":["Strike_R","Strike_R","Strike_R","Strike_R","Strike_R","Defend_R","Defend_R","Defend_R","Defend_R","Bash+1","Anger","Doubt","Flex","Heavy Blade","Thunderclap","Shrug It Off+1","Armaments","Inflame","Anger","Rampage","Perfected Strike","Pommel Strike","Cleave","Iron Wave","Evolve","Feed","CurseOfTheBell","Barricade","Bandage Up","Ghostly Armor"],"relics":["Burning Blood","Orrery","Dream Catcher","Pen Nib","Paper Frog","Calling Bell","Lantern","Matryoshka","Dead Branch","MutagenicStrength"],"acts_visited":["Exordium","TheCity"],"potions_floor_usage":[14,22],"damage_taken":[{"damage":1,"enemies":"2 Louse","floor":1,"turns":3},{"damage":10,"enemies":"Small Slimes","floor":4,"turns":4},{"damage":38,"enemies":"Lagavulin","floor":7,"turns":7},{"damage":0,"enemies":"Cultist","floor":8,"turns":3},{"damage":13,"enemies":"Large Slime","floor":12,"turns":6},{"damage":20,"enemies":"3 Sentries","floor":13,"turns":6},{"damage":0,"enemies":"2 Fungi Beasts","floor":14,"turns":2},{"damage":47,"enemies":"The Guardian","floor":16,"turns":13},{"damage":46,"enemies":"Spheric Guardian","floor":18,"turns":6},{"damage":12,"enemies":"3 Byrds","floor":22,"turns":2},{"damage":0,"enemies":"Slavers","floor":23,"turns":1}],"seed_played":"2161440661091692465","potions_obtained":[{"floor":8,"key":"BlessingOfTheForge"},{"floor":13,"key":"Regen Potion"},{"floor":16,"key":"LiquidBronze"},{"floor":18,"key":"SpeedPotion"}],"is_trial":false,"path_per_floor":["M","?","?","M","$","R","E","M","T","R","?","M","E","M","R","B",null,"M","?","?","?","M","E"],"character_chosen":"IRONCLAD","items_purchased":["Orrery"],"campfire_rested":2,"item_purchase_floors":[5],"current_hp_per_floor":[77,77,77,73,73,73,41,47,47,71,71,64,50,56,80,39,70,30,30,30,30,24,24,24],"gold":373,"neow_bonus":"UPGRADE_CARD","is_daily":false,"chose_seed":false,"campfire_upgraded":1,"win_rate":0.0,"timestamp":1611114513,"path_taken":["M","?","?","M","$","R","E","M","T","R","?","M","E","?","R","BOSS","M","?","?","?","M","E"],"items_purchased_type":["Relic"],"build_version":"2020-12-22","purchased_purges":0,"victory":false,"max_hp_per_floor":[80,80,80,80,80,80,80,80,80,80,80,80,80,80,80,80,80,80,80,80,80,80,80,80],"card_choices":[{"not_picked":["Clothesline","Pummel"],"picked":"Anger","floor":1},{"not_picked":["Sever Soul","Body Slam"],"picked":"Flex","floor":4},{"not_picked":["Body Slam","Clothesline"],"picked":"Heavy Blade","floor":5},{"not_picked":["Body Slam","Warcry"],"picked":"Thunderclap","floor":5},{"not_picked":["Pummel","Flex"],"picked":"Shrug It Off","floor":5},{"not_picked":["Havoc","Carnage"],"picked":"Armaments","floor":5},{"not_picked":["Heavy Blade","Searing Blow"],"picked":"Inflame","floor":5},{"not_picked":["Corruption","Clash"],"picked":"Anger","floor":7},{"not_picked":["Body Slam","Shrug It Off"],"picked":"Rampage","floor":8},{"not_picked":["Body Slam","Combust"],"picked":"Perfected Strike","floor":10},{"not_picked":["Armaments","Warcry"],"picked":"Pommel Strike","floor":12},{"not_picked":["Clash","Berserk"],"picked":"Cleave","floor":13},{"not_picked":["Battle Trance","Intimidate"],"picked":"Iron Wave","floor":14},{"not_picked":["Headbutt","Heavy Blade"],"picked":"Evolve","floor":15},{"not_picked":["Fiend Fire","Berserk"],"picked":"Feed","floor":16},{"not_picked":["Warcry","Havoc","Iron Wave"],"picked":"SKIP","floor":18},{"not_picked":["Heavy Blade","Blood for Blood"],"picked":"Ghostly Armor","floor":22}],"player_experience":390861,"relics_obtained":[{"floor":7,"key":"Dream Catcher"},{"floor":9,"key":"Pen Nib"},{"floor":13,"key":"Paper Frog"},{"floor":17,"key":"Lantern"},{"floor":17,"key":"Matryoshka"},{"floor":17,"key":"Dead Branch"}],"event_choices":[{"damage_healed":0,"gold_gain":175,"player_choice":"AGREE","damage_taken":0,"max_hp_gain":0,"max_hp_loss":0,"event_name":"Liars Game","floor":2,"gold_loss":0,"cards_obtained":["Doubt"]},{"damage_healed":0,"gold_gain":0,"player_choice":"Left Gold","damage_taken":0,"max_hp_gain":0,"max_hp_loss":0,"event_name":"World of Goop","floor":3,"gold_loss":34},{"damage_healed":0,"gold_gain":0,"player_choice":"Leave","damage_taken":0,"max_hp_gain":0,"max_hp_loss":0,"event_name":"FaceTrader","floor":11,"gold_loss":0},{"damage_healed":0,"gold_gain":0,"player_choice":"Ignored","damage_taken":0,"max_hp_gain":0,"max_hp_loss":0,"event_name":"Ghosts","floor":19,"gold_loss":0},{"damage_healed":0,"gold_gain":0,"player_choice":"Inject Mutagens","damage_taken":0,"relics_obtained":["MutagenicStrength"],"max_hp_gain":0,"max_hp_loss":0,"event_name":"Drug Dealer","floor":20,"gold_loss":0},{"damage_healed":0,"gold_gain":0,"player_choice":"2 cards matched","damage_taken":0,"max_hp_gain":0,"max_hp_loss":0,"event_name":"Match and Keep!","floor":21,"gold_loss":0,"cards_obtained":["Barricade","Bandage Up"]}],"is_beta":false,"boss_relics":[{"not_picked":["Black Star","Runic Dome"],"picked":"Calling Bell"}],"items_purged_floors":[],"is_endless":false,"potions_floor_spawned":[8,13,16,18],"killed_by":"Slavers","ascension_level":6}}