{"host":"usrgk25etjl0nf5i","time":1611124301,"event":{"mods":["2.2 Compatiblity","BaseMod","Downfall","Hubris","Minty Spire (QoL Compilation)","StSLib","SuperFastMode"],"gold_per_floor":[113,63,63,79,154,154,2,2,2,14,43,58,70,88,88,188,188,198,198,473,488,499,532,421,421,421],"floor_reached":25,"language":"ENG","playtime":618,"items_purged":["Regret"],"score":423,"play_id":"ea039c16-0b6b-43ce-ae2b-20289f3a2295","local_time":"20210119223141","is_ascension_mode":true,"campfire_choices":[{"data":"Zap","floor":6,"key":"SMITH"},{"floor":8,"key":"REST"},{"floor":15,"key":"REST"}],"circlet_count":0,"master_deck":["AscendersBane","Strike_B","Strike_B","Strike_B","Defend_B","Defend_B","Defend_B","Defend_B","Zap+1","Dualcast","Hologram","Go for the Eyes","Sunder","Go for the Eyes","Auto Shields","Static Discharge","Ball Lightning","Electrodynamics","Lockon","Loop","Loop"],"relics":["Cracked Core","hubris:DeckOfHolding","Membership Card","Cables","InkBottle","Nuclear Battery","CaptainsWheel","hubris:BallOfYels"],"acts_visited":["Exordium","TheCity"],"potions_floor_usage":[11,16,18,21,23],"damage_taken":[{"damage":2,"enemies":"Jaw Worm","floor":1,"turns":3},{"damage":11,"enemies":"Small Slimes","floor":4,"turns":3},{"damage":1,"enemies":"Cultist","floor":10,"turns":3},{"damage":16,"enemies":"Gremlin Nob","floor":11,"turns":3},{"damage":3,"enemies":"Looter","floor":12,"turns":3},{"damage":14,"enemies":"3 Louse","floor":13,"turns":3},{"damage":3,"enemies":"Red Slaver","floor":14,"turns":3},{"damage":0,"enemies":"Slime Boss","floor":16,"turns":7},{"damage":1,"enemies":"Chosen","floor":18,"turns":3},{"damage":0,"enemies":"3 Byrds","floor":21,"turns":2},{"damage":15,"enemies":"Centurion and Healer","floor":22,"turns":5},{"damage":53,"enemies":"Book of Stabbing","floor":23,"turns":5},{"damage":8,"enemies":"Cultist and Chosen","floor":25,"turns":1}],"seed_played":"-36323919004953459","potions_obtained":[{"floor":1,"key":"PowerPotion"},{"floor":13,"key":"Ancient Potion"},{"floor":14,"key":"hexamod:SoulburnPotion"},{"floor":18,"key":"ColorlessPotion"},{"floor":22,"key":"Strength Potion"}],"is_trial":false,"path_per_floor":["M","?","T","M","?","R","$","R","T","M","E","M","M","M","R","B",null,"M","?","?","M","M","E","$","M"],"character_chosen":"DEFECT","items_purchased":["Membership Card","hubris:BallOfYels"],"campfire_rested":2,"item_purchase_floors":[7,24],"current_hp_per_floor":[73,73,73,62,51,51,51,75,75,74,58,55,41,38,62,62,77,76,76,76,76,61,8,8,0,0],"gold":421,"neow_bonus":"TEN_PERCENT_HP_BONUS","is_daily":false,"chose_seed":false,"campfire_upgraded":1,"win_rate":0.0,"timestamp":1611124301,"path_taken":["M","?","?","M","?","R","?","R","T","?","E","M","M","M","R","BOSS","M","?","?","?","M","E","$","M"],"items_purchased_type":["Relic","Relic"],"build_version":"2020-12-22","purchased_purges":1,"victory":false,"max_hp_per_floor":[82,82,82,82,82,82,82,82,82,82,82,82,82,82,82,82,82,82,82,82,82,82,82,82,82,82],"card_choices":[{"not_picked":["Chill","Leap"],"picked":"Hologram","floor":1},{"not_picked":["Cold Snap","Hologram"],"picked":"Go for the Eyes","floor":4},{"not_picked":["Streamline","Recycle"],"picked":"Sunder","floor":10},{"not_picked":["Recycle","Coolheaded"],"picked":"Go for the Eyes","floor":11},{"not_picked":["Meteor Strike","Hologram"],"picked":"Auto Shields","floor":12},{"not_picked":["Chaos","Go for the Eyes"],"picked":"Static Discharge","floor":13},{"not_picked":["Steam Power","Conserve Battery"],"picked":"Ball Lightning","floor":14},{"not_picked":["hubris:DoWhile","Multi-Cast"],"picked":"Electrodynamics","floor":16},{"not_picked":["Cold Snap","Steam Power","Stack"],"picked":"SKIP","floor":18},{"not_picked":["Gash","Rebound","Compile Driver"],"picked":"SKIP","floor":21},{"not_picked":["Turbo","Glacier"],"picked":"Loop","floor":22},{"not_picked":["Chill","hubris:DoWhile"],"picked":"Loop","floor":23}],"player_experience":655273,"relics_obtained":[{"floor":3,"key":"hubris:DeckOfHolding"},{"floor":9,"key":"Cables"},{"floor":11,"key":"InkBottle"},{"floor":23,"key":"CaptainsWheel"}],"event_choices":[{"cards_removed":["Strike_B"],"damage_healed":0,"gold_gain":0,"player_choice":"Card Removal","damage_taken":0,"max_hp_gain":0,"max_hp_loss":0,"event_name":"The Cleric","floor":2,"gold_loss":50},{"damage_healed":0,"gold_gain":75,"player_choice":"Gather Gold","damage_taken":11,"max_hp_gain":0,"max_hp_loss":0,"event_name":"World of Goop","floor":5,"gold_loss":0},{"damage_healed":0,"gold_gain":275,"player_choice":"Desecrate","damage_taken":0,"max_hp_gain":0,"max_hp_loss":0,"event_name":"Golden Shrine","floor":20,"gold_loss":0,"cards_obtained":["Regret"]}],"is_beta":false,"boss_relics":[{"not_picked":["Cursed Key","Busted Crown"],"picked":"Nuclear Battery"}],"items_purged_floors":[24],"is_endless":false,"potions_floor_spawned":[1,13,14,18,22],"killed_by":"Cultist and Chosen","ascension_level":11}}