{"host":"3zhcrllo23fhqv4x","time":1611106269,"event":{"mods":["AchievementEnabler","BaseMod","Downfall","Hermit","Jorbs\u0027s Wanderer Trilogy","Marisa????????","Minty Spire (QoL Compilation)","Remilia??????","StSLib","The Cursed","The Disciple","The Hierophant","The Runesmith","The Servant 0.9.4"],"gold_per_floor":[99,119,137,155,155,330,357,357,368,402,15,30,30,30,50,153,153,53,72,72,72,85,99,99,114,144,54,54,71,71,84,101,201,201,101,114,61,74,74,74,74,74,74,74],"floor_reached":42,"language":"ENG","playtime":1839,"items_purged":["Pride"],"score":445,"play_id":"6fbd9d8c-3b30-4974-a71f-f79e08279fd7","local_time":"20210119203109","is_ascension_mode":false,"campfire_choices":[{"floor":1.0,"key":"RECALL"},{"floor":13.0,"key":"REST"},{"data":"Slimebound:Darklings","floor":18.0,"key":"SMITH"},{"data":"Slimebound:SplitSpecialist","floor":28.0,"key":"SMITH"},{"data":"Slimebound:PrepareCrush","floor":35,"key":"SMITH"},{"data":"Slimebound:Teamwork","floor":40,"key":"SMITH"}],"circlet_count":0,"master_deck":["Slimebound:Strike_Slimebound","Slimebound:Strike_Slimebound+1","Slimebound:Tackle","Slimebound:Defend_Slimebound","Slimebound:Defend_Slimebound","Slimebound:Defend_Slimebound","Slimebound:Defend_Slimebound","Slimebound:Split","Slimebound:CorrosiveSpit","Slimebound:SplitMire","Slimebound:Prepare","Slimebound:SlimeSpikes","Doubt","Slimebound:Schlurp","Slimebound:SplitBruiser","Slimebound:PressTheAttack","Slimebound:Equalize+1","Slimebound:DisruptingSlam","Slimebound:ItLooksTasty","Slimebound:Darklings+1","Slimebound:SplitLeeching","Slimebound:SplitSpecialist+1","Slimebound:Prepare+1","Slimebound:SamplingLick","Slimebound:PrepareCrush+1","Slimebound:SlimeSpikes+1","Slimebound:RejuvenatingLick+1","Slimebound:LivingWall","Slimebound:GrowthPunch+1","Slimebound:Teamwork+1","Slimebound:GrowthPunch+1","Slimebound:SamplingLick+1","Slimebound:Nibble","Slimebound:GoopSpray+1"],"relics":["Slimebound:AbsorbEndCombat","Torii","Runesmith:Locket","Ginger","downfall:ShatteredFragment","Black Star","downfall:HeartBlessingRed","GreatHeart","Unceasing Top","Whetstone","Dream Catcher","SlaversCollar","downfall:HeartBlessingBlue","Juzu Bracelet"],"acts_visited":["Exordium","TheCity","TheBeyond"],"potions_floor_usage":[33,33,33,42],"damage_taken":[{"damage":0.0,"enemies":"2 Louse","floor":2.0,"turns":3.0},{"damage":6.0,"enemies":"Jaw Worm","floor":3.0,"turns":3.0},{"damage":10.0,"enemies":"Small Slimes","floor":4.0,"turns":3.0},{"damage":1.0,"enemies":"3 Louse","floor":9.0,"turns":3.0},{"damage":8.0,"enemies":"Lagavulin","floor":10.0,"turns":7.0},{"damage":3.0,"enemies":"downfall:FleeingMerchant","floor":11.0,"turns":4.0},{"damage":10.0,"enemies":"Large Slime","floor":12.0,"turns":4.0},{"damage":6.0,"enemies":"Red Slaver","floor":15.0,"turns":3.0},{"damage":36.0,"enemies":"WA_ARCHETYPE_RETAIN","floor":16.0,"turns":6.0},{"damage":1.0,"enemies":"Chosen","floor":19.0,"turns":4.0},{"damage":5.0,"enemies":"3 Byrds","floor":22.0,"turns":4.0},{"damage":26.0,"enemies":"Centurion and Healer","floor":23.0,"turns":3.0},{"damage":1.0,"enemies":"Cultist and Chosen","floor":25.0,"turns":5.0},{"damage":10.0,"enemies":"Book of Stabbing","floor":26.0,"turns":5.0},{"damage":0.0,"enemies":"downfall:FleeingMerchant","floor":27.0,"turns":4.0},{"damage":19.0,"enemies":"Sentry and Sphere","floor":29.0,"turns":5.0},{"damage":2,"enemies":"Snake Plant","floor":31,"turns":3},{"damage":1,"enemies":"Centurion and Healer","floor":32,"turns":4},{"damage":44,"enemies":"SI_MIRROR_ARCHETYPE","floor":33,"turns":10},{"damage":25,"enemies":"3 Shapes","floor":36,"turns":3},{"damage":0,"enemies":"downfall:FleeingMerchant","floor":37,"turns":4},{"damage":11,"enemies":"Orb Walker","floor":38,"turns":3},{"damage":94,"enemies":"Orin","floor":42,"turns":7}],"seed_played":"812442026622087266","potions_obtained":[{"floor":3.0,"key":"Slimebound:SlimedPotion"},{"floor":4.0,"key":"Fruit Juice"},{"floor":9.0,"key":"AttackPotion"},{"floor":12.0,"key":"LiquidMemories"},{"floor":26.0,"key":"SneckoOil"},{"floor":29,"key":"EssenceOfSteel"},{"floor":32,"key":"Energy Potion"},{"floor":33,"key":"Dexterity Potion"},{"floor":36,"key":"sneckomod:MuddlingPotion"}],"is_trial":false,"path_per_floor":["R","M","M","M","?","?","T","?","M","E","$","M","R","?","M","B",null,"R","M","?","?","M","M","T","M","E","$","R","M","?","M","M","B",null,"R","M","$","M","?","R","T","?"],"character_chosen":"SLIMEBOUND","items_purchased":["Ginger","Slimebound:Equalize","Slimebound:Nibble"],"campfire_rested":1,"item_purchase_floors":[11,11,37],"current_hp_per_floor":[71,71,68,60,53,53,53,53,55,55,54,48,70,52,51,26,76,76,76,76,76,71,48,48,53,52,63,63,50,50,58,71,43,76,86,61,77,74,74,74,74,0,0,0],"gold":74,"neow_bonus":"TEN_PERCENT_HP_BONUS","is_daily":false,"chose_seed":false,"campfire_upgraded":4,"win_rate":0.0,"timestamp":1611106269,"path_taken":["R","M","M","M","?","?","T","?","M","E","?","M","R","?","M","BOSS","R","M","?","?","M","M","T","M","E","$","R","M","?","?","M","BOSS","R","M","$","M","?","R","T","?"],"items_purchased_type":["Relic","Card","Card"],"build_version":"2020-12-22","purchased_purges":1,"victory":false,"max_hp_per_floor":[71,71,71,71,71,71,71,71,71,76,76,76,76,76,76,76,76,76,76,76,76,76,76,76,76,76,76,76,76,76,76,76,76,76,86,86,86,86,86,86,86,86,86,86],"card_choices":[{"not_picked":["Slimebound:TongueLash","Slimebound:SlimeTap"],"picked":"Slimebound:SplitMire","floor":2.0},{"not_picked":["Slimebound:GoopSpray","Slimebound:LeechingTouch"],"picked":"Slimebound:Prepare","floor":3.0},{"not_picked":["Slimebound:LeechingTouch","Slimebound:RejuvenatingLick"],"picked":"Slimebound:SlimeSpikes","floor":4.0},{"not_picked":["Slimebound:FlameTackle","Slimebound:ItLooksTasty"],"picked":"Slimebound:Schlurp","floor":9.0},{"not_picked":["Slimebound:SlimeSpikes","Slimebound:Prepare"],"picked":"Slimebound:SplitBruiser","floor":10.0},{"not_picked":["Slimebound:GoopTackle","Slimebound:MinionMaster"],"picked":"Slimebound:PressTheAttack","floor":11.0},{"not_picked":["Slimebound:HungryTackle","Slimebound:LivingWall"],"picked":"Slimebound:DisruptingSlam","floor":12.0},{"not_picked":["Slimebound:PressTheAttack","Slimebound:FinishingTackle"],"picked":"Slimebound:ItLooksTasty","floor":15.0},{"not_picked":["Slimebound:CheckThePlaybook","Slimebound:SelfFormingGoo"],"picked":"Slimebound:Darklings","floor":16.0},{"not_picked":["Slimebound:SlimeSpikes","Slimebound:PressTheAttack+1"],"picked":"Slimebound:SplitLeeching","floor":19.0},{"not_picked":["Slimebound:SlimeSpikes","Slimebound:Recollect"],"picked":"Slimebound:SplitSpecialist","floor":22.0},{"not_picked":["Slimebound:HauntingLick","Slimebound:Dissolve"],"picked":"Slimebound:Prepare+1","floor":23.0},{"not_picked":["Slimebound:SlimeTap","Slimebound:LeechEnergy"],"picked":"Slimebound:SamplingLick","floor":25.0},{"not_picked":["Slimebound:FinishingTackle","Slimebound:SplitLeeching"],"picked":"Slimebound:PrepareCrush","floor":26.0},{"not_picked":["Slimebound:GrowthPunch","Slimebound:ViciousTackle"],"picked":"Slimebound:SlimeSpikes+1","floor":27.0},{"not_picked":["Slimebound:Prepare","Slimebound:SplitLeeching"],"picked":"Slimebound:RejuvenatingLick+1","floor":29},{"not_picked":["Slimebound:DouseInSlime","Slimebound:RollThrough"],"picked":"Slimebound:LivingWall","floor":31},{"not_picked":["Slimebound:RejuvenatingLick+1","Slimebound:SamplingLick"],"picked":"Slimebound:GrowthPunch+1","floor":32},{"not_picked":["Slimebound:MinionMaster","Slimebound:OozeBath"],"picked":"Slimebound:Teamwork","floor":33},{"not_picked":["Slimebound:RollThrough+1","Slimebound:ViciousTackle+1"],"picked":"Slimebound:GrowthPunch+1","floor":36},{"not_picked":["Slimebound:ForwardTackle","Slimebound:RollThrough+1"],"picked":"Slimebound:SamplingLick+1","floor":37},{"not_picked":["Slimebound:GoopTackle","Slimebound:FinishingTackle+1"],"picked":"Slimebound:GoopSpray+1","floor":38}],"player_experience":312614,"relics_obtained":[{"floor":10.0,"key":"Runesmith:Locket"},{"floor":24.0,"key":"Unceasing Top"},{"floor":26.0,"key":"Whetstone"},{"floor":26.0,"key":"Dream Catcher"},{"floor":41,"key":"Juzu Bracelet"}],"event_choices":[{"damage_healed":0.0,"max_hp_gain":0.0,"max_hp_loss":0.0,"gold_gain":0.0,"event_name":"Scrap Ooze","player_choice":"Success","floor":5.0,"gold_loss":0.0,"damage_taken":7.0,"relics_obtained":["Torii"]},{"damage_healed":0.0,"max_hp_gain":0.0,"max_hp_loss":0.0,"gold_gain":0.0,"event_name":"Ghosts","player_choice":"Ignored","floor":21.0,"gold_loss":0.0,"damage_taken":0.0},{"damage_healed":0,"gold_gain":0,"player_choice":"Fight","damage_taken":0,"max_hp_gain":0,"max_hp_loss":0,"event_name":"OrinTheCat","floor":42,"gold_loss":0}],"is_beta":false,"boss_relics":[{"not_picked":["Cursed Key","Empty Cage"],"picked":"Black Star"},{"not_picked":["bronze:MakeshiftBattery","Slimebound:TarBlob"],"picked":"SlaversCollar"}],"items_purged_floors":[27],"is_endless":false,"potions_floor_spawned":[3,4,9,12,26,29,32,33,36],"killed_by":"Orin","ascension_level":0}}