{"host":"vyjryxuuuxkt43k4","time":1611130891,"event":{"mods":["AchievementEnabler","BaseMod","Colored Map","DeckTracker","Keyboard Shortcuts","Minty Spire (QoL Compilation)","Permanent Neow","Quick Restart","Rare Cards Sparkle","StSLib","SuperFastMode","everything is the same but u backflip on backflip"],"gold_per_floor":[19,33,47,47,47,47,75,75,75,92,162,162,178,197,197,197,197],"floor_reached":16,"language":"KOR","playtime":508,"items_purged":[],"score":179,"play_id":"bd9e75d4-5603-4f21-867d-9896294b4d9f","local_time":"20210120172131","is_ascension_mode":true,"campfire_choices":[{"data":"Searing Blow","floor":6.0,"key":"SMITH"},{"data":"Searing Blow+1","floor":8.0,"key":"SMITH"},{"data":"Searing Blow+2","floor":15,"key":"SMITH"}],"circlet_count":0,"master_deck":["AscendersBane","Strike_R","Strike_R","Strike_R","Strike_R","Strike_R","Defend_R","Defend_R","Defend_R","Defend_R","Bash","Pummel","Searing Blow+3","Dark Embrace","Second Wind","Parasite","Evolve","Blood for Blood"],"relics":["Burning Blood","Charon\u0027s Ashes","Mummified Hand","Dead Branch"],"acts_visited":["Exordium"],"potions_floor_usage":[14],"damage_taken":[{"damage":4.0,"enemies":"Cultist","floor":1.0,"turns":5.0},{"damage":7.0,"enemies":"2 Louse","floor":2.0,"turns":2.0},{"damage":0.0,"enemies":"Small Slimes","floor":3.0,"turns":3.0},{"damage":40.0,"enemies":"Gremlin Nob","floor":7.0,"turns":5.0},{"damage":17.0,"enemies":"Looter","floor":10.0,"turns":3.0},{"damage":17,"enemies":"Exordium Thugs","floor":13,"turns":4},{"damage":5,"enemies":"2 Fungi Beasts","floor":14,"turns":3},{"damage":20,"enemies":"The Guardian","floor":16,"turns":9}],"seed_played":"9200038254298870652","potions_obtained":[{"floor":1.0,"key":"Dexterity Potion"},{"floor":2.0,"key":"BlessingOfTheForge"},{"floor":3.0,"key":"DuplicationPotion"}],"is_trial":false,"path_per_floor":["M","M","M","?","$","R","E","R","T","M","?","?","M","M","R","B"],"character_chosen":"IRONCLAD","items_purchased":[],"campfire_rested":0,"item_purchase_floors":[],"current_hp_per_floor":[70,69,75,57,57,57,23,23,23,12,12,30,19,20,20,0,0],"gold":197,"neow_bonus":"ONE_RARE_RELIC","is_daily":false,"chose_seed":false,"campfire_upgraded":3,"win_rate":0.0,"timestamp":1611130891,"path_taken":["M","M","M","?","$","R","E","R","T","M","?","?","M","M","R","BOSS"],"items_purchased_type":[],"build_version":"2020-12-22","purchased_purges":0,"victory":false,"max_hp_per_floor":[75,75,75,75,75,75,75,75,75,75,75,75,75,75,75,75,75],"card_choices":[{"not_picked":["Fire Breathing","Rupture"],"picked":"Pummel","floor":1.0},{"not_picked":["Thunderclap","Whirlwind"],"picked":"Searing Blow","floor":2.0},{"not_picked":["Twin Strike","Heavy Blade"],"picked":"Dark Embrace","floor":3.0},{"not_picked":["Cleave","Dropkick","Metallicize"],"picked":"SKIP","floor":7.0},{"not_picked":["Flame Barrier","Clash"],"picked":"Second Wind","floor":10.0},{"not_picked":["Seeing Red","Second Wind"],"picked":"Evolve","floor":13},{"not_picked":["Wild Strike","Uppercut"],"picked":"Blood for Blood","floor":14}],"player_experience":151749,"relics_obtained":[{"floor":7.0,"key":"Dead Branch"}],"event_choices":[{"damage_healed":0.0,"max_hp_gain":0.0,"max_hp_loss":0.0,"gold_gain":0.0,"event_name":"Scrap Ooze","player_choice":"Success","floor":4.0,"gold_loss":0.0,"damage_taken":18.0,"relics_obtained":["Mummified Hand"]},{"damage_healed":0.0,"max_hp_gain":0.0,"max_hp_loss":0.0,"gold_gain":70.0,"event_name":"Golden Wing","player_choice":"Gained Gold","floor":11.0,"gold_loss":0.0,"damage_taken":0.0},{"damage_healed":18,"gold_gain":0,"player_choice":"Healed and dodged fight","damage_taken":0,"max_hp_gain":0,"max_hp_loss":0,"event_name":"Mushrooms","floor":12,"gold_loss":0,"cards_obtained":["Parasite"]}],"is_beta":false,"boss_relics":[],"items_purged_floors":[],"is_endless":false,"potions_floor_spawned":[1,2,3],"killed_by":"The Guardian","ascension_level":15}}