{"host":"nn0usk9aafse27ii","time":1611104358,"event":{"mods":["BaseMod","Colored Map","Highlight Path","Minty Spire (QoL Compilation)","Robot Space Explorer","Shop Mod","StSLib"],"gold_per_floor":[109,119,138,150,161,188,203,128,128,128,141,141,154,164,164,262,262,275,200,214,214,114,114,114,114],"floor_reached":24,"language":"ENG","playtime":5751,"items_purged":["RobotSpaceExplorer:Strike","RobotSpaceExplorer:Strike"],"score":202,"play_id":"c6b4b106-bc93-4e69-87de-64159c94a6d1","local_time":"20210119165918","is_ascension_mode":false,"campfire_choices":[{"floor":10.0,"key":"REST"},{"data":"RobotSpaceExplorer:DoubleFind","floor":15.0,"key":"SMITH"},{"floor":23,"key":"REST"}],"circlet_count":0,"master_deck":["RobotSpaceExplorer:Defend","RobotSpaceExplorer:Defend","RobotSpaceExplorer:Defend","RobotSpaceExplorer:Defend","RobotSpaceExplorer:Scan","RobotSpaceExplorer:MiniLasers","RobotSpaceExplorer:Scanner","RobotSpaceExplorer:Probe","RobotSpaceExplorer:StunGrenade","RobotSpaceExplorer:Counterblock","RobotSpaceExplorer:MiniBoosters","RobotSpaceExplorer:Pulsar","RobotSpaceExplorer:Smokescreen","RobotSpaceExplorer:StarLightning","RobotSpaceExplorer:PlasmaMissile","RobotSpaceExplorer:ExhaustFan","RobotSpaceExplorer:DoubleFind+1","RobotSpaceExplorer:HighVoltage","RobotSpaceExplorer:Pulsar+1"],"relics":["RobotSpaceExplorer:RoboCore","Darkstone Periapt","Lizard Tail","Busted Crown"],"acts_visited":["Exordium","TheCity"],"potions_floor_usage":[18,20,24],"damage_taken":[{"damage":2.0,"enemies":"Cultist","floor":1.0,"turns":4.0},{"damage":0.0,"enemies":"2 Louse","floor":2.0,"turns":2.0},{"damage":0.0,"enemies":"Small Slimes","floor":3.0,"turns":3.0},{"damage":6.0,"enemies":"Red Slaver","floor":4.0,"turns":6.0},{"damage":1.0,"enemies":"Exordium Thugs","floor":5.0,"turns":7.0},{"damage":40.0,"enemies":"Gremlin Nob","floor":6.0,"turns":7.0},{"damage":0.0,"enemies":"3 Louse","floor":7.0,"turns":5.0},{"damage":0.0,"enemies":"Lots of Slimes","floor":11.0,"turns":4.0},{"damage":0.0,"enemies":"Blue Slaver","floor":13.0,"turns":4.0},{"damage":1.0,"enemies":"2 Fungi Beasts","floor":14.0,"turns":4.0},{"damage":19.0,"enemies":"Hexaghost","floor":16.0,"turns":13.0},{"damage":8,"enemies":"Chosen","floor":18,"turns":7},{"damage":20,"enemies":"3 Byrds","floor":20,"turns":7},{"damage":110,"enemies":"Slavers","floor":24,"turns":8}],"seed_played":"1714288149060648747","potions_obtained":[{"floor":3.0,"key":"LiquidMemories"},{"floor":5.0,"key":"Block Potion"},{"floor":6.0,"key":"PowerPotion"},{"floor":13.0,"key":"Block Potion"},{"floor":20,"key":"Block Potion"}],"is_trial":false,"path_per_floor":["M","M","M","M","M","E","M","$","T","R","M","$","M","M","R","B",null,"M","?","M","?","$","R","E"],"character_chosen":"RobotSpaceExplorer","items_purchased":[],"campfire_rested":2,"item_purchase_floors":[],"current_hp_per_floor":[73,73,73,67,66,26,26,26,26,48,48,48,48,47,47,28,75,67,67,47,47,47,69,0,0],"gold":114,"neow_bonus":"TRANSFORM_CARD","is_daily":false,"chose_seed":false,"campfire_upgraded":1,"win_rate":0.0,"timestamp":1611104358,"path_taken":["M","M","M","M","?","E","M","$","T","R","M","?","?","M","R","BOSS","M","?","M","?","$","R","E"],"items_purchased_type":[],"build_version":"2020-12-22","purchased_purges":2,"victory":false,"max_hp_per_floor":[75,75,75,75,75,75,75,75,75,75,75,75,75,75,75,75,75,75,75,75,75,75,75,75,75],"card_choices":[{"not_picked":["RobotSpaceExplorer:GlueShot","RobotSpaceExplorer:SwiftStep"],"picked":"RobotSpaceExplorer:Probe","floor":1.0},{"not_picked":["RobotSpaceExplorer:Jetpack","RobotSpaceExplorer:FreezingShield"],"picked":"RobotSpaceExplorer:StunGrenade","floor":2.0},{"not_picked":["RobotSpaceExplorer:FranticSearch","RobotSpaceExplorer:MetalStrike"],"picked":"RobotSpaceExplorer:Counterblock","floor":3.0},{"not_picked":["RobotSpaceExplorer:SurgingShield","RobotSpaceExplorer:StunGrenade"],"picked":"RobotSpaceExplorer:MiniBoosters","floor":4.0},{"not_picked":["RobotSpaceExplorer:ToxicBomb","RobotSpaceExplorer:Jetpack"],"picked":"RobotSpaceExplorer:Pulsar","floor":5.0},{"not_picked":["RobotSpaceExplorer:SlimeMissile","RobotSpaceExplorer:MakeshiftVolley"],"picked":"RobotSpaceExplorer:Smokescreen","floor":6.0},{"not_picked":["RobotSpaceExplorer:Calculate","RobotSpaceExplorer:MiniDrones"],"picked":"RobotSpaceExplorer:StarLightning","floor":7.0},{"not_picked":["RobotSpaceExplorer:Explosion","RobotSpaceExplorer:MiniDrones"],"picked":"RobotSpaceExplorer:PlasmaMissile","floor":11.0},{"not_picked":["RobotSpaceExplorer:SwiftStep","RobotSpaceExplorer:Ammunition"],"picked":"RobotSpaceExplorer:ExhaustFan","floor":13.0},{"not_picked":["RobotSpaceExplorer:Discharger","RobotSpaceExplorer:StunGrenade"],"picked":"RobotSpaceExplorer:DoubleFind","floor":14.0},{"not_picked":["RobotSpaceExplorer:Exploration","RobotSpaceExplorer:Wormhole"],"picked":"RobotSpaceExplorer:HighVoltage","floor":16.0},{"not_picked":[],"picked":"RobotSpaceExplorer:Pulsar+1","floor":18},{"not_picked":["RobotSpaceExplorer:FranticSearch"],"picked":"SKIP","floor":20}],"player_experience":361676,"relics_obtained":[{"floor":6.0,"key":"Darkstone Periapt"},{"floor":9.0,"key":"Lizard Tail"}],"event_choices":[{"cards_removed":["RobotSpaceExplorer:Strike"],"damage_healed":0,"gold_gain":0,"player_choice":"Gave Gold","damage_taken":0,"max_hp_gain":0,"max_hp_loss":0,"event_name":"Beggar","floor":19,"gold_loss":75},{"damage_healed":0,"gold_gain":0,"player_choice":"Ignored","damage_taken":0,"max_hp_gain":0,"max_hp_loss":0,"event_name":"Ghosts","floor":21,"gold_loss":0}],"is_beta":false,"boss_relics":[{"not_picked":["SacredBark","Runic Dome"],"picked":"Busted Crown"}],"items_purged_floors":[8,22],"is_endless":false,"potions_floor_spawned":[3,5,6,13,14,20],"killed_by":"Slavers","ascension_level":0}}