{"host":"3498uni0c31c9bdm","time":1611116696,"event":{"mods":["BaseMod","Better Third Choice","Minty Spire (QoL Compilation)","Replay The Spire","StSLib"],"gold_per_floor":[118,135,155,430,267,267,277,305,305,344,361,361,389,433,433,542,542,575,575,90,90,62,62],"floor_reached":22,"language":"ENG","playtime":911,"items_purged":["Regret"],"score":265,"play_id":"d992d1f8-e532-435e-b126-40447865abfe","local_time":"20210120152456","is_ascension_mode":true,"campfire_choices":[{"floor":6,"key":"REST"},{"floor":12,"key":"REST"},{"floor":15,"key":"REST"}],"circlet_count":0,"master_deck":["Strike_P","Strike_P","Strike_P","Defend_P","Defend_P","Defend_P","Defend_P","Eruption","Vigilance","DeceiveReality","EmptyFist","PathToVictory","Nirvana","FollowUp","Replay:Hum","Judgement","Devotion","CrushJoints","Replay:Battleflow","ForeignInfluence","Replay:Battleflow","Wireheading","Alpha+1","Wallop","Protect+1"],"relics":["PureWater","Toy Ornithopter","ReplayTheSpireMod:CursedCoin","Dream Catcher","Replay:Bandana","Pen Nib","Snack Pack","Golden Egg","Replay:Grab Bag","Busted Crown","Fusion Hammer","Empty Cage","Enchiridion","MealTicket","Girya"],"acts_visited":["Exordium","TheCity"],"potions_floor_usage":[8,16,22,22],"damage_taken":[{"damage":5,"enemies":"Cultist","floor":1,"turns":4},{"damage":3,"enemies":"2 Louse","floor":2,"turns":3},{"damage":3,"enemies":"Jaw Worm","floor":3,"turns":6},{"damage":0,"enemies":"Looter","floor":7,"turns":3},{"damage":34,"enemies":"Gremlin Nob","floor":8,"turns":6},{"damage":20,"enemies":"Replay:BlueRogue","floor":10,"turns":9},{"damage":1,"enemies":"Blue Slaver","floor":11,"turns":4},{"damage":0,"enemies":"Large Slime","floor":13,"turns":5},{"damage":14,"enemies":"3 Sentries","floor":14,"turns":6},{"damage":18,"enemies":"Hexaghost","floor":16,"turns":7},{"damage":41,"enemies":"Shell Parasite","floor":18,"turns":5},{"damage":19,"enemies":"2 Thieves","floor":22,"turns":1}],"seed_played":"6554630199924751224","potions_obtained":[{"floor":2,"key":"Languid Potion"},{"floor":8,"key":"Weak Potion"},{"floor":13,"key":"Strength Potion"}],"is_trial":false,"path_per_floor":["M","M","M","?","$","R","M","E","T","E","M","R","M","E","R","B",null,"M","?","$","?","M"],"character_chosen":"WATCHER","items_purchased":["ReplayTheSpireMod:CursedCoin","Nirvana","Dream Catcher","Block Potion","MealTicket","Protect+1","Girya"],"campfire_rested":3,"item_purchase_floors":[5,5,5,5,20,20,20],"current_hp_per_floor":[60,57,54,54,54,72,72,43,43,23,22,43,43,29,50,41,64,25,9,9,9,0,0],"gold":62,"neow_bonus":"RANDOM_COMMON_RELIC","is_daily":false,"chose_seed":false,"campfire_upgraded":0,"win_rate":0.0,"timestamp":1611116696,"path_taken":["M","M","M","?","$","R","?","E","T","E","M","R","M","E","R","BOSS","M","?","?","?","M"],"items_purchased_type":["Relic","Card","Relic","Potion","Relic","Card","Relic"],"build_version":"2020-12-22","purchased_purges":1,"victory":false,"max_hp_per_floor":[72,72,72,72,72,72,72,72,72,72,72,72,72,72,72,72,72,72,72,72,72,72,72],"card_choices":[{"not_picked":["Evaluate","JustLucky"],"picked":"DeceiveReality","floor":1},{"not_picked":["InnerPeace","CrushJoints"],"picked":"EmptyFist","floor":2},{"not_picked":["WheelKick","Replay:AtTheReady"],"picked":"PathToVictory","floor":3},{"not_picked":["Protect","Replay:Vibes"],"picked":"FollowUp","floor":6},{"not_picked":["Collect","Consecrate"],"picked":"Replay:Hum","floor":7},{"not_picked":["Replay:Vibes","ClearTheMind"],"picked":"Judgement","floor":8},{"not_picked":["Crescendo","EmptyMind"],"picked":"Devotion","floor":10},{"not_picked":["Replay:Cycle","Replay:Anticipation"],"picked":"CrushJoints","floor":11},{"not_picked":["Nirvana","Replay:Cycle"],"picked":"Replay:Battleflow","floor":12},{"not_picked":["ReachHeaven","EmptyFist"],"picked":"ForeignInfluence","floor":13},{"not_picked":["FlurryOfBlows","Meditate"],"picked":"Replay:Battleflow","floor":14},{"not_picked":["JustLucky","ThirdEye"],"picked":"Wireheading","floor":15},{"not_picked":["Establishment","MasterReality"],"picked":"Alpha","floor":16},{"not_picked":[],"picked":"Wallop","floor":18}],"player_experience":720461,"relics_obtained":[{"floor":8,"key":"Replay:Bandana"},{"floor":9,"key":"Pen Nib"},{"floor":10,"key":"Snack Pack"},{"floor":14,"key":"Golden Egg"},{"floor":19,"key":"Enchiridion"}],"event_choices":[{"damage_healed":0,"gold_gain":275,"player_choice":"Desecrate","damage_taken":0,"max_hp_gain":0,"max_hp_loss":0,"event_name":"Golden Shrine","floor":4,"gold_loss":0,"cards_obtained":["Regret"]},{"damage_healed":0,"gold_gain":0,"player_choice":"Obtained Book","damage_taken":16,"max_hp_gain":0,"max_hp_loss":0,"event_name":"Cursed Tome","floor":19,"gold_loss":0},{"damage_healed":0,"gold_gain":0,"player_choice":"Ignored","damage_taken":0,"max_hp_gain":0,"max_hp_loss":0,"event_name":"Beggar","floor":21,"gold_loss":0}],"is_beta":false,"boss_relics":[{"not_picked":["Philosopher\u0027s Stone","HolyWater"],"picked":"Replay:Grab Bag"},{"not_picked":["Painkiller Herb","Sozu"],"picked":"Busted Crown"},{"not_picked":["ReplayTheSpireMod:Onyx Gauntlets","Velvet Choker"],"picked":"Fusion Hammer"},{"not_picked":["Replay:Drink Me","Snecko Eye"],"picked":"Empty Cage"}],"items_purged_floors":[5],"is_endless":false,"potions_floor_spawned":[2,8,13],"killed_by":"2 Thieves","ascension_level":6}}