{"host":"7bzprrpqr2usgpra","time":1611180019,"event":{"mods":["ATMod(阿瑾Mod)","BaseMod","BetterRewards","Downfall","Energized Spire","HololiveMod","Lobotomy","Minty Spire (QoL Compilation)","MostiFishMod","Quick Restart","Spicy Shops","StSLib","TestMod","[IsaacMod]以撒尖塔"],"gold_per_floor":[99,115,290,308,308,339,339,356,385,685,703,703,715,715,728,848,848,848,848,848],"floor_reached":18,"language":"ZHS","playtime":615,"items_purged":[],"score":222,"play_id":"efe97087-b87a-44dd-a971-094a809622c7","local_time":"20210121060019","is_ascension_mode":false,"campfire_choices":[],"circlet_count":0,"master_deck":["sneckomod:Strike","sneckomod:Strike","sneckomod:Strike","sneckomod:Defend","sneckomod:Defend","sneckomod:Defend","sneckomod:TailWhip","sneckomod:SnekBite","sneckomod:Unknown","BettingIsNotGood","AT_FamilyPortrait","champ:Parry","sneckomod:UnknownUncommonPower","Doubt","sneckomod:SoulCleanse","sneckomod:DangerNoodle","sneckomod:SerpentIdol","sneckomod:SoulExchange","MostiFishMod:SephirahHod","sneckomod:Unknown1Cost","sneckomod:CheapStock","sneckomod:UnknownRarePower+1","sneckomod:UnlimitedRolls","champ:FalseCounter"],"relics":["sneckomod:SneckoSoul","AT_ATBox","testmod-TestBox","HushsDoor","Nloth\u0027s Gift","DoctorsRemote","testmod-Fanaticism","Darkstone Periapt","SentryEyes","White Beast Statue","DaveBox","MostiFishMod:Hod","downfall:ShatteredFragment","Snecko Eye"],"acts_visited":["Exordium","TheCity"],"potions_floor_usage":[5,6,13,16,16],"damage_taken":[{"damage":0,"enemies":"Small Slimes","floor":2,"turns":2},{"damage":16,"enemies":"Jaw Worm","floor":4,"turns":2},{"damage":0,"enemies":"Gremlin Nob","floor":6,"turns":2},{"damage":0,"enemies":"Cultist","floor":8,"turns":2},{"damage":0,"enemies":"3 Sentries","floor":9,"turns":2},{"damage":0,"enemies":"Lots of Slimes","floor":11,"turns":1},{"damage":0,"enemies":"Gremlin Gang","floor":13,"turns":1},{"damage":6,"enemies":"2 Fungi Beasts","floor":15,"turns":1},{"damage":40,"enemies":"DF_ARCHETYPE_STREAMLINE","floor":16,"turns":4}],"seed_played":"-8477479978395097152","potions_obtained":[{"floor":2,"key":"SneckoOil"},{"floor":5,"key":"Fruit Juice"},{"floor":5,"key":"SpeedPotion"},{"floor":5,"key":"bronze:BurnAndBuffPotion"},{"floor":6,"key":"Swift Potion"},{"floor":13,"key":"AttackPotion"},{"floor":15,"key":"champ:CounterPotion"},{"floor":16,"key":"BlessingOfTheForge"}],"is_trial":false,"path_per_floor":["R","M","?","M","?","E","T","M","E","?","M","?","M","?","M","B",null,"R"],"character_chosen":"THE_SNECKO","items_purchased":[],"campfire_rested":0,"item_purchase_floors":[],"current_hp_per_floor":[99,99,99,90,95,95,95,95,95,95,95,95,95,74,68,87,104,104,104,104],"gold":848,"neow_bonus":"TEN_PERCENT_HP_BONUS","is_daily":false,"chose_seed":false,"campfire_upgraded":0,"win_rate":0.0,"timestamp":1611180019,"path_taken":["R","M","?","M","?","E","T","M","E","?","M","?","?","?","M","BOSS","R"],"items_purchased_type":[],"build_version":"2020-12-22","purchased_purges":0,"victory":false,"max_hp_per_floor":[99,99,99,99,104,104,104,104,104,104,104,104,104,104,104,104,104,104,104,104],"card_choices":[{"not_picked":[],"picked":"BettingIsNotGood","floor":0},{"not_picked":["sneckomod:UnknownCommonSkill","Bomb"],"picked":"sneckomod:UnknownUncommonPower","floor":2},{"not_picked":["sneckomod:RainOfDice","sneckomod:SoulDraw"],"picked":"sneckomod:SoulCleanse","floor":4},{"not_picked":["sneckomod:Unknown1Cost","sneckomod:DiceBlock"],"picked":"sneckomod:DangerNoodle","floor":6},{"not_picked":["sneckomod:QuickMove","Bomb"],"picked":"sneckomod:SerpentIdol","floor":8},{"not_picked":["sneckomod:ImprovisedGuard","Bomb"],"picked":"sneckomod:SoulExchange","floor":9},{"not_picked":["sneckomod:DiceBlock","sneckomod:CheapStock"],"picked":"sneckomod:UnknownUncommonSkill","floor":11},{"not_picked":["sneckomod:QuickMove","sneckomod:UnknownCommonSkill"],"picked":"sneckomod:Unknown1Cost","floor":13},{"not_picked":["sneckomod:QuickMove","sneckomod:Unknown0Cost"],"picked":"sneckomod:CheapStock","floor":15},{"not_picked":["sneckomod:UnknownUncommonPower+1","sneckomod:UnknownClassRED+1"],"picked":"sneckomod:UnknownRarePower+1","floor":16},{"not_picked":["sneckomod:UnknownBoss","sneckomod:Cheat"],"picked":"sneckomod:UnlimitedRolls","floor":16}],"player_experience":277879,"relics_obtained":[{"floor":6,"key":"Darkstone Periapt"},{"floor":7,"key":"SentryEyes"},{"floor":9,"key":"White Beast Statue"}],"event_choices":[{"damage_healed":0,"gold_gain":0,"player_choice":"Got Potions","damage_taken":0,"max_hp_gain":0,"max_hp_loss":0,"event_name":"Lab","floor":5,"gold_loss":0},{"damage_healed":0,"gold_gain":0,"player_choice":"Swap Relic","damage_taken":0,"relics_obtained":["DaveBox"],"max_hp_gain":0,"max_hp_loss":0,"event_name":"给自己的盒子","floor":12,"relics_lost":["DaveBox"],"gold_loss":0}],"is_beta":false,"boss_relics":[{"not_picked":["Hololive_ChaosS","testmod-Nine"],"picked":"Snecko Eye"},{"not_picked":[]}],"items_purged_floors":[],"is_endless":false,"potions_floor_spawned":[2,6,9,11,13,15,16],"ascension_level":0}}