{"host":"vzugls1u57eppbds","time":1611171516,"event":{"mods":["AchievementEnabler","BaseMod","Better Third Choice","Minty Spire (QoL Compilation)","Relic Stats","Shop Mod","StSLib","The IronCluck"],"gold_per_floor":[111,111,71,91,101,101,131,151,151,151,164,194,47,66,66,167,217,199,199,199,199,199],"floor_reached":21,"language":"ENG","playtime":790,"items_purged":[],"score":299,"play_id":"813eb3df-1e86-4f3e-aafd-5c3e0af6865a","local_time":"20210120203836","is_ascension_mode":true,"campfire_choices":[{"data":"Iron Wave","floor":6,"key":"SMITH"},{"data":"Shrug It Off","floor":10,"key":"SMITH"},{"data":"Entrench","floor":15,"key":"SMITH"}],"circlet_count":0,"master_deck":["Strike_R+1","Strike_R","Strike_R","Strike_R","Defend_R","Defend_R","Defend_R","Defend_R","Bash","Cleave","True Grit+1","Iron Wave+1","Shrug It Off+1","Evolve+1","Ghostly Armor","Berserk+1","Entrench+1","Feed","Body Slam"],"relics":["Burning Blood","PreservedInsect","Ornamental Fan","Frozen Egg 2","Strawberry","Orrery","Tiny House"],"acts_visited":["Exordium","TheCity"],"potions_floor_usage":[7,8,16,21],"damage_taken":[{"damage":8,"enemies":"Small Slimes","floor":1,"turns":5},{"damage":3,"enemies":"Cultist","floor":4,"turns":5},{"damage":7,"enemies":"Jaw Worm","floor":5,"turns":3},{"damage":44,"enemies":"Lagavulin","floor":7,"turns":7},{"damage":9,"enemies":"Large Slime","floor":8,"turns":7},{"damage":6,"enemies":"Lots of Slimes","floor":11,"turns":3},{"damage":10,"enemies":"3 Sentries","floor":12,"turns":6},{"damage":0,"enemies":"Exordium Wildlife","floor":14,"turns":4},{"damage":45,"enemies":"The Guardian","floor":16,"turns":19},{"damage":17,"enemies":"2 Thieves","floor":18,"turns":5},{"damage":90,"enemies":"3 Byrds","floor":21,"turns":8}],"seed_played":"-7394802564947581865","potions_obtained":[{"floor":3,"key":"Weak Potion"},{"floor":3,"key":"BloodPotion"},{"floor":3,"key":"Energy Potion"},{"floor":7,"key":"BloodPotion"},{"floor":8,"key":"BloodPotion"},{"floor":17,"key":"GamblersBrew"}],"is_trial":false,"path_per_floor":["M","?","?","M","M","R","E","M","T","R","M","E","$","M","R","B",null,"M","$","?","M"],"character_chosen":"IRONCLAD","items_purchased":["Orrery"],"campfire_rested":0,"item_purchase_floors":[13],"current_hp_per_floor":[70,70,70,73,72,72,50,63,63,63,63,66,66,72,72,33,79,71,71,71,0,0],"gold":199,"neow_bonus":"RANDOM_COMMON_RELIC","is_daily":false,"chose_seed":false,"campfire_upgraded":3,"win_rate":0.0,"timestamp":1611171516,"path_taken":["M","?","?","M","M","R","E","M","T","R","M","E","$","M","R","BOSS","M","$","?","?"],"items_purchased_type":["Relic"],"build_version":"2020-12-22","purchased_purges":0,"victory":false,"max_hp_per_floor":[80,80,80,80,80,80,80,80,80,80,80,87,87,87,87,87,92,95,95,95,95,95],"relic_stats":{"counters":[11,72],"Ornamental Fan":[36],"PreservedInsect":62,"obtain_stats":[{"Tiny House":17,"Ornamental Fan":7,"Strawberry":12,"Orrery":13,"PreservedInsect":0,"Frozen Egg 2":9,"Burning Blood":0},{"Tiny House":9,"Ornamental Fan":4,"Strawberry":7,"Orrery":7,"PreservedInsect":0,"Frozen Egg 2":5,"Burning Blood":0},{"Tiny House":59,"Ornamental Fan":20,"Strawberry":36,"Orrery":36,"PreservedInsect":0,"Frozen Egg 2":27,"Burning Blood":0}],"Burning Blood":60},"card_choices":[{"not_picked":["Sword Boomerang","Twin Strike"],"picked":"Cleave","floor":1},{"not_picked":["Fire Breathing","True Grit","Sword Boomerang"],"picked":"SKIP","floor":4},{"not_picked":["Anger","Exhume"],"picked":"Iron Wave","floor":5},{"not_picked":["Twin Strike","Sword Boomerang","Intimidate"],"picked":"SKIP","floor":7},{"not_picked":["Pummel","Warcry"],"picked":"Shrug It Off","floor":8},{"not_picked":["Thunderclap","Flex"],"picked":"Evolve+1","floor":11},{"not_picked":["Whirlwind","Intimidate"],"picked":"Ghostly Armor","floor":12},{"not_picked":["Perfected Strike","Sword Boomerang"],"picked":"Berserk+1","floor":13},{"not_picked":["Clash","Pummel"],"picked":"Entrench","floor":13},{"not_picked":["Anger","Shockwave","True Grit"],"picked":"SKIP","floor":14},{"not_picked":["Juggernaut+1","Double Tap"],"picked":"Feed","floor":16},{"not_picked":["Twin Strike","Armaments"],"picked":"Body Slam","floor":17},{"not_picked":["Dark Embrace+1","Searing Blow","Clothesline"],"picked":"SKIP","floor":18}],"player_experience":236668,"relics_obtained":[{"floor":7,"key":"Ornamental Fan"},{"floor":9,"key":"Frozen Egg 2"},{"floor":12,"key":"Strawberry"}],"event_choices":[{"damage_healed":0,"gold_gain":0,"cards_transformed":["Strike_R"],"player_choice":"Change","damage_taken":0,"max_hp_gain":0,"max_hp_loss":0,"event_name":"Living Wall","floor":2,"gold_loss":0,"cards_obtained":["True Grit"]},{"damage_healed":0,"gold_gain":0,"player_choice":"Bought 3 Potions","damage_taken":0,"max_hp_gain":0,"max_hp_loss":0,"event_name":"The Woman in Blue","floor":3,"gold_loss":0},{"damage_healed":0,"gold_gain":0,"player_choice":"Forge","damage_taken":0,"max_hp_gain":0,"max_hp_loss":0,"event_name":"Accursed Blacksmith","floor":20,"gold_loss":0,"cards_upgraded":["True Grit"]}],"is_beta":false,"boss_relics":[{"not_picked":["Runic Pyramid","Empty Cage"],"picked":"Tiny House"}],"items_purged_floors":[],"is_endless":false,"potions_floor_spawned":[4,7,8,18],"killed_by":"3 Byrds","ascension_level":9}}