{"host":"fkig9nrckec4xsh0","time":1611179444,"event":{"mods":["BaseMod","Colored Map","Minty Spire (QoL Compilation)","Quick Restart","Replay The Spire","StSLib"],"gold_per_floor":[12,12,12,12,29,56,56,56,56],"floor_reached":8,"language":"ENG","playtime":328,"items_purged":[],"score":108,"play_id":"cb15b095-0d1c-4675-a255-2fc6e8f87bd5","local_time":"20210120165044","is_ascension_mode":true,"campfire_choices":[],"circlet_count":0,"master_deck":["AscendersBane","Strike_R","Strike_R","Strike_R","Strike_R","Defend_R","Defend_R","Defend_R","Bash","Hemogenesis","ReplayTheSpireMod:LeadingStrike","Metallicize","Warcry","Clash+1"],"relics":["Burning Blood","Molten Egg 2"],"acts_visited":["Exordium"],"potions_floor_usage":[6],"damage_taken":[{"damage":24,"enemies":"Small Slimes","floor":1,"turns":3},{"damage":7,"enemies":"Cultist","floor":5,"turns":5},{"damage":39,"enemies":"3 Sentries","floor":6,"turns":12},{"damage":24,"enemies":"Lagavulin","floor":8,"turns":7}],"seed_played":"971435485265147847","potions_obtained":[{"floor":1,"key":"SteroidPotion"}],"is_trial":false,"path_per_floor":["M","?","$","?","M","E","?","E"],"character_chosen":"IRONCLAD","items_purchased":[],"campfire_rested":0,"item_purchase_floors":[],"current_hp_per_floor":[50,50,50,55,59,31,31,7,7],"gold":56,"neow_bonus":"THREE_RARE_CARDS","is_daily":false,"chose_seed":false,"campfire_upgraded":0,"win_rate":0.0,"timestamp":1611179444,"path_taken":["M","?","?","?","M","E","?","E"],"items_purchased_type":[],"build_version":"2020-12-22","purchased_purges":0,"victory":false,"max_hp_per_floor":[75,75,75,80,80,80,80,80,80],"card_choices":[{"not_picked":["Double Tap","Berserk"],"picked":"Hemogenesis","floor":0},{"not_picked":["Ghostly Armor","Headbutt"],"picked":"ReplayTheSpireMod:LeadingStrike","floor":1},{"not_picked":["Blood for Blood","Flame Barrier"],"picked":"Warcry","floor":5},{"not_picked":["Heavy Blade+1","Flex"],"picked":"Clash+1","floor":6}],"player_experience":372551,"relics_obtained":[{"floor":6,"key":"Molten Egg 2"}],"event_choices":[{"damage_healed":0,"gold_gain":0,"cards_transformed":["Strike_R"],"player_choice":"Transformed","damage_taken":0,"max_hp_gain":0,"max_hp_loss":0,"event_name":"Transmorgrifier","floor":2,"gold_loss":0,"cards_obtained":["Metallicize"]},{"damage_healed":0,"gold_gain":0,"player_choice":"Donut","damage_taken":0,"max_hp_gain":5,"max_hp_loss":0,"event_name":"Big Fish","floor":4,"gold_loss":0},{"cards_removed":["Defend_R"],"damage_healed":0,"gold_gain":0,"player_choice":"Purged","damage_taken":0,"max_hp_gain":0,"max_hp_loss":0,"event_name":"Purifier","floor":7,"gold_loss":0}],"is_beta":false,"boss_relics":[],"items_purged_floors":[],"is_endless":false,"potions_floor_spawned":[1],"killed_by":"Lagavulin","ascension_level":20}}