{"host":"hw13b7hbn5su36xt","time":1611185237,"event":{"mods":["2.2 Compatiblity","BaseMod","Bestiary","Colored Map","Colored Powertips","Curses Come First","Dark Map","Downfall","Highlight Path","Minty Spire (QoL Compilation)","RNG Fix","Relic Filter","Relic Sorter","Relic Stats","StSLib"],"gold_per_floor":[99,116,291,41,41,41,41,41,64,74,107,118,18,36,49,145,145,145,30,43,43,63,76,101,101,1,28,28,45,45,72,91,188,188,188,188,288,301,301,301,348,333,348,248,138,152,152,202,213,213,213,213,213,213],"floor_reached":52,"language":"ENG","playtime":4821,"items_purged":["Doubt","bronze:Defend","Slimebound:Tackle+1"],"score":938,"play_id":"eb973a9f-6815-42bb-8940-cc2bb22be2e9","local_time":"20210120232717","is_ascension_mode":false,"campfire_choices":[{"data":"bronze:Replicate","floor":1.0,"key":"SMITH"},{"data":"bronze:Deprecate","floor":6.0,"key":"SMITH"},{"data":"bronze:ChosenStrike","floor":8.0,"key":"SMITH"},{"data":"bronze:Repair","floor":13.0,"key":"SMITH"},{"data":"bronze:Goto","floor":18.0,"key":"SMITH"},{"data":"bronze:DarkDash","floor":26.0,"key":"SMITH"},{"data":"bronze:CleanCode","floor":30.0,"key":"SMITH"},{"floor":35,"key":"RECALL"},{"data":"bronze:HardenedForm","floor":44,"key":"SMITH"},{"data":"bronze:DarkDash","floor":47,"key":"SMITH"}],"circlet_count":0,"master_deck":["bronze:Goto+1","bronze:ChosenStrike+1","bronze:Deprecate+1","bronze:CleanCode+1","bronze:DarkDash+1","bronze:Branch","bronze:DigitalCarnage","bronze:Repair+1","bronze:Boost","bronze:Return","bronze:HardenedForm+1","bronze:BuggyMess+1","Slimebound:Tackle+1","Slimebound:Tackle+1","bronze:Verify","bronze:DarkDash+1","bronze:ItsAFeature","bronze:Mutator","expansioncontent:PolyBeam","expansioncontent:AwakenDeath","expansioncontent:PrepareCrush","Secret Weapon","bronze:Shell"],"relics":["bronze:PlatinumCore","hexamod:CandleOfCauterizing","Bag of Preparation","WingedGreaves","downfall:HeartBlessingGreen","downfall:HeartBlessingBlue","Bottled Tornado","InkBottle","Empty Cage","Lizard Tail","Anchor","downfall:HeartBlessingRed","Strawberry","Mango"],"acts_visited":["Exordium","TheCity","TheBeyond","TheEnding"],"potions_floor_usage":[33,38,48,49,52,52],"damage_taken":[{"damage":5.0,"enemies":"Small Slimes","floor":2.0,"turns":3.0},{"damage":0.0,"enemies":"downfall:FleeingMerchant","floor":4.0,"turns":4.0},{"damage":0.0,"enemies":"2 Louse","floor":10.0,"turns":1.0},{"damage":3.0,"enemies":"Lagavulin","floor":11.0,"turns":6.0},{"damage":0.0,"enemies":"Jaw Worm","floor":12.0,"turns":1.0},{"damage":3.0,"enemies":"Red Slaver","floor":14.0,"turns":3.0},{"damage":11.0,"enemies":"Large Slime","floor":15.0,"turns":4.0},{"damage":50.0,"enemies":"IC_STATUS_ARCHETYPE","floor":16.0,"turns":11.0},{"damage":0.0,"enemies":"downfall:FleeingMerchant","floor":19.0,"turns":4.0},{"damage":2.0,"enemies":"Spheric Guardian","floor":20.0,"turns":4.0},{"damage":0.0,"enemies":"3 Byrds","floor":22.0,"turns":5.0},{"damage":8.0,"enemies":"Sentry and Sphere","floor":23.0,"turns":4.0},{"damage":25.0,"enemies":"Slavers","floor":27.0,"turns":5.0},{"damage":9.0,"enemies":"Centurion and Healer","floor":29.0,"turns":4.0},{"damage":0.0,"enemies":"Book of Stabbing","floor":31.0,"turns":4.0},{"damage":0.0,"enemies":"Snecko","floor":32.0,"turns":3.0},{"damage":24,"enemies":"DF_ARCHETYPE_CLAW","floor":33,"turns":9},{"damage":0,"enemies":"Orb Walker","floor":38,"turns":2},{"damage":0,"enemies":"downfall:FleeingMerchant","floor":42,"turns":4},{"damage":3,"enemies":"3 Shapes","floor":43,"turns":6},{"damage":0,"enemies":"downfall:FleeingMerchant","floor":45,"turns":3},{"damage":20,"enemies":"Sphere and 2 Shapes","floor":46,"turns":6},{"damage":37,"enemies":"Sphere and 2 Shapes","floor":48,"turns":7},{"damage":24,"enemies":"4 Shapes","floor":49,"turns":6},{"damage":22,"enemies":"WA_ARCHETYPE_DIVINITY","floor":50,"turns":12},{"damage":232,"enemies":"downfall:CharBossMerchant","floor":52,"turns":14}],"seed_played":"-7259713554397697692","potions_obtained":[{"floor":2.0,"key":"Energy Potion"},{"floor":12.0,"key":"Explosive Potion"},{"floor":15.0,"key":"Ancient Potion"},{"floor":16.0,"key":"SteroidPotion"},{"floor":22.0,"key":"PowerPotion"},{"floor":23.0,"key":"Swift Potion"},{"floor":27.0,"key":"FearPotion"},{"floor":32.0,"key":"bronze:CleanCodePotion"},{"floor":33,"key":"DistilledChaos"},{"floor":38,"key":"PowerPotion"},{"floor":43,"key":"BlessingOfTheForge"},{"floor":49,"key":"Swift Potion"}],"is_trial":false,"path_per_floor":["R","M","?","$","?","R","T","R","T","M","E","M","R","M","M","B",null,"R","$","M","?","M","M","T","?","R","E","?","M","R","E","M","B",null,"R","?","?","M","?","?","T","$","M","R","$","M","R","?","M","B",null,"E"],"character_chosen":"THE_AUTOMATON","items_purchased":["bronze:CleanCode","bronze:DarkDash","Strawberry","Secret Weapon"],"campfire_rested":0,"item_purchase_floors":[4,4,45,45],"current_hp_per_floor":[77,72,72,72,72,72,72,72,72,72,69,69,69,76,75,27,77,77,77,77,77,77,69,69,69,79,64,64,65,65,75,85,69,87,87,87,87,87,77,77,77,77,84,84,94,74,74,61,47,35,108,0,0,0],"gold":213,"neow_bonus":"TEN_PERCENT_HP_BONUS","is_daily":false,"chose_seed":false,"campfire_upgraded":9,"win_rate":0.0,"timestamp":1611185237,"path_taken":["R","M","?","$","?","R","T","R","?","?","E","M","R","M","M","BOSS","R","$","M","?","M","M","T","?","R","E","?","?","R","E","M","BOSS","R","?","?","M","?","?","T","$","M","R","$","?","R","?","M","BOSS","E"],"items_purchased_type":["Card","Card","Relic","Card"],"build_version":"2020-12-22","purchased_purges":3,"victory":false,"max_hp_per_floor":[77,77,77,77,77,77,77,77,77,77,77,77,77,77,77,77,77,77,77,77,77,77,77,77,77,87,87,87,87,87,87,87,87,87,87,87,87,87,87,87,87,87,87,87,94,94,94,108,108,108,108,108,108,108],"relic_stats":{"Lizard Tail":54,"counters":[26,135],"Bag of Preparation":[48],"obtain_stats":[{"bronze:PlatinumCore":17,"hexamod:CandleOfCauterizing":7,"bronze:BronzeCore":0,"downfall:HeartBlessingRed":44,"downfall:HeartBlessingGreen":13,"Mango":48,"Bag of Preparation":9,"Bottled Tornado":27,"Empty Cage":34,"Lizard Tail":36,"Anchor":41,"downfall:HeartBlessingBlue":26,"Strawberry":45,"WingedGreaves":11,"InkBottle":31},{"bronze:PlatinumCore":8,"hexamod:CandleOfCauterizing":2,"bronze:BronzeCore":0,"downfall:HeartBlessingRed":20,"downfall:HeartBlessingGreen":5,"Mango":23,"Bag of Preparation":2,"Bottled Tornado":13,"Empty Cage":17,"Lizard Tail":17,"Anchor":18,"downfall:HeartBlessingBlue":12,"Strawberry":21,"WingedGreaves":4,"InkBottle":15},{"bronze:PlatinumCore":33,"hexamod:CandleOfCauterizing":7,"bronze:BronzeCore":0,"downfall:HeartBlessingRed":87,"downfall:HeartBlessingGreen":15,"Mango":103,"Bag of Preparation":7,"Bottled Tornado":55,"Empty Cage":75,"Lizard Tail":75,"Anchor":77,"downfall:HeartBlessingBlue":50,"Strawberry":90,"WingedGreaves":14,"InkBottle":63}],"InkBottle":[22]},"card_choices":[{"not_picked":["bronze:Repair","bronze:WildBeam"],"picked":"bronze:ChosenStrike","floor":2.0},{"not_picked":["bronze:Invalidate","bronze:BugBarrage"],"picked":"bronze:Deprecate","floor":4.0},{"not_picked":["bronze:DelayedSlice","bronze:Iterate","bronze:CloningBeam"],"picked":"SKIP","floor":10.0},{"not_picked":["bronze:Virus","bronze:DelayedSlice"],"picked":"bronze:DigitalCarnage","floor":11.0},{"not_picked":["bronze:Branch","bronze:Overload"],"picked":"bronze:Repair","floor":12.0},{"not_picked":["bronze:WhirlingStrike","bronze:Frontload"],"picked":"bronze:Boost","floor":14.0},{"not_picked":["bronze:WhirlingStrike","bronze:BitShift"],"picked":"bronze:Return","floor":15.0},{"not_picked":["bronze:Verify","bronze:AlphaBuild"],"picked":"bronze:HardenedForm","floor":16.0},{"not_picked":["bronze:Overheat","bronze:Overload+1","bronze:Deprecate"],"picked":"SKIP","floor":19.0},{"not_picked":["bronze:Overheat+1","bronze:Iterate+1","bronze:Safeguard"],"picked":"SKIP","floor":20.0},{"not_picked":["bronze:DelayedSlice","bronze:WildBeam","bronze:OilSpill"],"picked":"SKIP","floor":22.0},{"not_picked":["bronze:Branch","bronze:Deprecate"],"picked":"bronze:BuggyMess+1","floor":23.0},{"not_picked":["bronze:BronzeArmor","bronze:ShipIt","bronze:Allocate"],"picked":"SKIP","floor":27.0},{"not_picked":["bronze:Philosophize","bronze:Overheat"],"picked":"bronze:ItsAFeature","floor":29.0},{"not_picked":["bronze:Boost","bronze:ShipIt","bronze:Allocate+1"],"picked":"SKIP","floor":31.0},{"not_picked":["bronze:ItsAFeature","bronze:Return","bronze:DelayedGuard"],"picked":"SKIP","floor":32.0},{"not_picked":["bronze:HardenedForm","bronze:Virus"],"picked":"bronze:Mutator","floor":33},{"not_picked":["bronze:Branch","bronze:BitShift","bronze:GetLatest+1"],"picked":"SKIP","floor":38},{"not_picked":["expansioncontent:PrepareCrush","expansioncontent:AwakenDeath"],"picked":"expansioncontent:PolyBeam","floor":39},{"not_picked":["expansioncontent:PolyBeam","expansioncontent:YouAreMine"],"picked":"expansioncontent:AwakenDeath","floor":39},{"not_picked":["expansioncontent:AwakenDeath","expansioncontent:LastStand"],"picked":"expansioncontent:PrepareCrush","floor":39},{"not_picked":["bronze:Philosophize","bronze:Repair","bronze:Branch+1"],"picked":"SKIP","floor":42},{"not_picked":["bronze:Return+1","bronze:DelayedSlice+1","bronze:ChildClass+1"],"picked":"SKIP","floor":43},{"not_picked":["bronze:ChosenStrike+1","bronze:Shield","bronze:Iterate"],"picked":"SKIP","floor":45},{"not_picked":["bronze:Invalidate+1","bronze:Shield"],"picked":"bronze:Shell","floor":46},{"not_picked":["bronze:WildBeam+1","bronze:BuggyMess+1","bronze:DelayedGuard+1"],"picked":"SKIP","floor":49}],"player_experience":380066,"relics_obtained":[{"floor":7.0,"key":"hexamod:CandleOfCauterizing"},{"floor":9.0,"key":"Bag of Preparation"},{"floor":11.0,"key":"WingedGreaves"},{"floor":27.0,"key":"Bottled Tornado"},{"floor":31.0,"key":"InkBottle"},{"floor":36,"key":"Lizard Tail"},{"floor":41,"key":"Anchor"},{"floor":48,"key":"Mango"}],"event_choices":[{"damage_healed":0.0,"max_hp_gain":0.0,"max_hp_loss":0.0,"gold_gain":0.0,"cards_transformed":["bronze:Defend","bronze:Defend"],"event_name":"Drug Dealer","player_choice":"Became Test Subject","floor":28.0,"gold_loss":0.0,"damage_taken":0.0,"cards_obtained":["bronze:Verify","bronze:DarkDash"]}],"is_beta":false,"boss_relics":[{"not_picked":["Black Star","Fusion Hammer"],"picked":"bronze:PlatinumCore"},{"not_picked":["SacredBark","bronze:MakeshiftBattery"],"picked":"Empty Cage"}],"items_purged_floors":[4,19,45],"is_endless":false,"potions_floor_spawned":[2,12,15,16,22,23,27,32,33,38,43,49],"killed_by":"downfall:CharBossMerchant","ascension_level":0}}