{"host":"p7cjtxxrilhp4dw7","time":1611116442,"event":{"mods":["BaseMod","Block Reminder","Colored Map","Highlight Path","Minty Spire (QoL Compilation)","Replay The Spire","StSLib","The Hierophant"],"gold_per_floor":[111,111,461,139,157,187,187,213,261,261,261,278,278,307,307,307,307],"floor_reached":16,"language":"ENG","playtime":1093,"items_purged":["Decay"],"score":159,"play_id":"d74e67ac-cfa0-40f6-af91-fdf439b97da1","local_time":"20210119212042","is_ascension_mode":true,"campfire_choices":[{"floor":7,"key":"REST"},{"floor":11,"key":"REST"},{"floor":15,"key":"REST"}],"circlet_count":0,"master_deck":["AscendersBane","Strike_G","Strike_G","Strike_G","Strike_G","Strike_G","Defend_G","Defend_G","Defend_G","Defend_G","Survivor","Neutralize","Leg Sweep","Slice","Quick Slash"],"relics":["Ring of the Snake","Omamori","ReplayTheSpireMod:Ring of Exchange","Ring of Greed","Old Coin","Tiny Chest","Matryoshka","Art of War","Smiling Mask","Juzu Bracelet","PreservedInsect","Bronze Scales","Replay:Arrowhead"],"acts_visited":["Exordium"],"potions_floor_usage":[6,14],"damage_taken":[{"damage":2,"enemies":"Jaw Worm","floor":1,"turns":5},{"damage":4,"enemies":"Small Slimes","floor":5,"turns":4},{"damage":32,"enemies":"Gremlin Nob","floor":6,"turns":7},{"damage":0,"enemies":"2 Louse","floor":12,"turns":2},{"damage":25,"enemies":"Lagavulin","floor":14,"turns":5},{"damage":57,"enemies":"Hexaghost","floor":16,"turns":16}],"seed_played":"-3767862927730742268","potions_obtained":[{"floor":5,"key":"GamblersBrew"},{"floor":12,"key":"SkillPotion"}],"is_trial":false,"path_per_floor":["M","?","?","$","M","E","R","T","T","?","R","M","T","E","R","B"],"character_chosen":"THE_SILENT","items_purchased":["Matryoshka"],"campfire_rested":3,"item_purchase_floors":[4],"current_hp_per_floor":[61,61,61,61,57,25,46,46,46,39,60,60,60,35,56,0,0],"gold":307,"neow_bonus":"RANDOM_COMMON_RELIC","is_daily":false,"chose_seed":false,"campfire_upgraded":0,"win_rate":0.0,"timestamp":1611116442,"path_taken":["M","?","?","?","M","E","R","?","T","?","R","M","?","E","R","BOSS"],"items_purchased_type":["Relic"],"build_version":"2020-12-22","purchased_purges":1,"victory":false,"max_hp_per_floor":[70,70,70,70,70,70,70,70,70,70,70,70,70,70,70,70,70],"card_choices":[{"not_picked":["Dodge and Roll","PiercingWail"],"picked":"Leg Sweep","floor":1},{"not_picked":["Cloak And Dagger","Flying Knee"],"picked":"Slice","floor":5},{"not_picked":["Bouncing Flask","Poisoned Stab","ReplayTheSpireMod:Necrosis"],"picked":"SKIP","floor":6},{"not_picked":["Backflip","Acrobatics"],"picked":"Quick Slash","floor":12},{"not_picked":["Bane","Predator","Endless Agony"],"picked":"SKIP","floor":14}],"player_experience":517843,"relics_obtained":[{"floor":3,"key":"ReplayTheSpireMod:Ring of Exchange"},{"floor":3,"key":"Ring of Greed"},{"floor":3,"key":"Old Coin"},{"floor":3,"key":"Tiny Chest"},{"floor":6,"key":"Art of War"},{"floor":8,"key":"Smiling Mask"},{"floor":8,"key":"Juzu Bracelet"},{"floor":9,"key":"PreservedInsect"},{"floor":9,"key":"Bronze Scales"},{"floor":14,"key":"Replay:Arrowhead"}],"event_choices":[{"cards_removed":["Overencumbered"],"damage_healed":0,"gold_gain":0,"player_choice":"Card Removal","damage_taken":7,"max_hp_gain":0,"max_hp_loss":0,"event_name":"Golden Wing","floor":10,"gold_loss":0}],"is_beta":false,"boss_relics":[],"items_purged_floors":[4],"is_endless":false,"potions_floor_spawned":[5,12],"killed_by":"Hexaghost","ascension_level":10}}