{"host":"uyrebrj0204enqpc","time":1611172527,"event":{"mods":["Act Like it!","Bard","BaseMod","Block Reminder","Challenge The Spire","Colored Map","Colored Powertips","DeckTracker","Downfall","GifTheSpireLib","HexUI Lib","Highlight Path","Hubris","Infinite Spire","Minty Spire (QoL Compilation)","Pale of the Ancients","Quick Restart","Random Character Button","Relic Sorter","Relic Stats","Shop Mod","StSLib","The Blue Laboratory","The Bug Knight","The Cursed","The Jungle","The Marked","Wandering Minibosses"],"gold_per_floor":[111,111,134,159,159,159,174,174,174],"floor_reached":8,"language":"ENG","playtime":429,"items_purged":[],"score":62,"play_id":"04843348-3b67-41b3-9216-7f87012a3a46","local_time":"20210120145527","is_ascension_mode":true,"campfire_choices":[{"data":"theMarked:Challenge","floor":6,"key":"SMITH"}],"circlet_count":0,"master_deck":["theMarked:Strike","theMarked:Strike","theMarked:Strike","theMarked:Strike","theMarked:Strike","theMarked:Defend","theMarked:Defend","theMarked:Defend","theMarked:Defend","theMarked:SoldierOfQuellstein","theMarked:Challenge+1","theMarked:AttractMetal+1","theMarked:MysticalArsenal"],"relics":["theMarked:ArtifactOfAir","Golden Idol"],"acts_visited":["Exordium"],"potions_floor_usage":[],"damage_taken":[{"damage":3,"enemies":"2 Louse","floor":1,"turns":3},{"damage":15,"enemies":"Jaw Worm","floor":3,"turns":4},{"damage":1,"enemies":"Cultist","floor":4,"turns":3},{"damage":5,"enemies":"Blue Slaver","floor":7,"turns":4},{"damage":25,"enemies":"Lagavulin","floor":8,"turns":3}],"seed_played":"1828539488501531284","potions_obtained":[{"floor":4,"key":"sneckomod:MuddlingPotion"},{"floor":7,"key":"sneckomod:MuddlingPotion"}],"is_trial":false,"path_per_floor":["M","?","M","M","?","R","M","E"],"character_chosen":"THE_DEFAULT","items_purchased":[],"campfire_rested":0,"item_purchase_floors":[],"current_hp_per_floor":[60,43,28,27,27,27,22,0,0],"gold":174,"neow_bonus":"ONE_RANDOM_RARE_CARD","is_daily":false,"chose_seed":false,"campfire_upgraded":1,"win_rate":0.0,"timestamp":1611172527,"path_taken":["M","?","M","M","?","R","M","E"],"items_purchased_type":[],"build_version":"2020-12-22","purchased_purges":0,"victory":false,"max_hp_per_floor":[70,70,70,70,70,70,70,70,70],"relic_stats":{"counters":[5,17],"Golden Idol":13,"obtain_stats":[{"theMarked:ArtifactOfAir":0,"Golden Idol":2},{"theMarked:ArtifactOfAir":0,"Golden Idol":1},{"theMarked:ArtifactOfAir":0,"Golden Idol":3}]},"card_choices":[{"not_picked":["theMarked:RogueSparks","theMarked:Generate","theMarked:HeightenedSenses"],"picked":"SKIP","floor":1},{"not_picked":["theMarked:ResourceFulStrike","theMarked:RepellingDischarge","theMarked:Frustration"],"picked":"SKIP","floor":3},{"not_picked":["theMarked:SelfDefenseTraining","theMarked:RogueSparks"],"picked":"theMarked:AttractMetal","floor":4},{"not_picked":["theMarked:ChainLightning","theMarked:ReduceFriction"],"picked":"theMarked:MysticalArsenal","floor":7}],"player_experience":1085913,"relics_obtained":[],"event_choices":[{"damage_healed":0,"gold_gain":0,"player_choice":"Take Damage","damage_taken":17,"relics_obtained":["Golden Idol"],"max_hp_gain":0,"max_hp_loss":0,"event_name":"Golden Idol","floor":2,"gold_loss":0},{"damage_healed":0,"gold_gain":0,"player_choice":"Upgraded","damage_taken":0,"max_hp_gain":0,"max_hp_loss":0,"event_name":"Upgrade Shrine","floor":5,"gold_loss":0,"cards_upgraded":["theMarked:AttractMetal"]}],"is_beta":false,"boss_relics":[],"items_purged_floors":[],"is_endless":false,"potions_floor_spawned":[4,7],"killed_by":"Lagavulin","ascension_level":6}}