{"host":"bf9sa99gaumonoeu","time":1611166216,"event":{"mods":["AchievementEnabler","Act Like it!","Aspiration","BaseMod","Bestiary","Better Note","Block Reminder","Colored Map","Colored Powertips","Downfall","Fox Events","Friendly Minions","Gensokyo","GifTheSpireLib","Googly Eyes","Hallownest","Hermit","Highlight Path","Jorbs\u0027s Wanderer Trilogy","KinomotoSakuraMod(????)","Koishi","Marisa????????","Minty Spire (QoL Compilation)","Rare Cards Sparkle","Relic Stats","Spire Arcade","StSLib","The Administrix","The Animator","The Bug Knight","The Construct","The Cursed","The Hierophant","The Mystic","The Necromancer","The Poker Player","The Runesmith","The Senshi","The Servant 0.9.4","ojb\u0027s Info Mod"],"gold_per_floor":[109,128,128,140,152,152,166,166,166,186,214,228,228,263,263,342,342,356,372,391,407,124,152,152,162,210,21,21,21,21],"floor_reached":29,"language":"ENG","playtime":2376,"items_purged":["Strike_G"],"score":543,"play_id":"e823536c-e7c4-4c03-b358-92bf6a680d46","local_time":"20210120161016","is_ascension_mode":true,"campfire_choices":[{"floor":6,"key":"REST"},{"data":"All Out Attack","floor":8,"key":"SMITH"},{"floor":13,"key":"REST"},{"floor":15,"key":"REST"},{"data":"Cloak And Dagger","floor":24,"key":"SMITH"}],"circlet_count":0,"master_deck":["AscendersBane","Strike_G","Strike_G","Strike_G","Strike_G+1","Defend_G+1","Defend_G","Defend_G+1","Defend_G","Defend_G","Survivor","Neutralize","Flying Knee","All Out Attack+1","Slice","Finisher","Calculated Gamble","Sucker Punch","Corpse Explosion","Backflip","Prepared","Phantasmal Killer","Cloak And Dagger+1","Cloak And Dagger","Leg Sweep","Cloak And Dagger","Discovery","Slice","Footwork","PiercingWail","Cloak And Dagger+1"],"relics":["Ring of the Snake","construct:RocketBooster","FaceOfCleric","Kunai","aspiration:HiddenCompartment","Bronze Scales","Coffee Dripper","construct:FoamFinger","Snake Skull"],"acts_visited":["Exordium","TheCity"],"potions_floor_usage":[11,11,21,23,25,29],"damage_taken":[{"damage":18,"enemies":"Small Slimes","floor":1,"turns":5},{"damage":3,"enemies":"Cultist","floor":2,"turns":5},{"damage":2,"enemies":"Jaw Worm","floor":4,"turns":4},{"damage":7,"enemies":"Red Slaver","floor":5,"turns":6},{"damage":4,"enemies":"Blue Slaver","floor":7,"turns":4},{"damage":4,"enemies":"3 Louse","floor":10,"turns":2},{"damage":10,"enemies":"3 Sentries","floor":11,"turns":4},{"damage":5,"enemies":"Exordium Wildlife","floor":12,"turns":3},{"damage":31,"enemies":"Gremlin Nob","floor":14,"turns":4},{"damage":4,"enemies":"The Guardian","floor":16,"turns":13},{"damage":7,"enemies":"Shell Parasite","floor":18,"turns":7},{"damage":0,"enemies":"3 Byrds","floor":19,"turns":2},{"damage":22,"enemies":"Shelled Parasite and Fungi","floor":20,"turns":5},{"damage":12,"enemies":"Snake Plant","floor":21,"turns":4},{"damage":20,"enemies":"Slavers","floor":23,"turns":6},{"damage":1,"enemies":"Centurion and Healer","floor":25,"turns":4},{"damage":8,"enemies":"Snecko","floor":29,"turns":5}],"seed_played":"6713767069725842531","potions_obtained":[{"floor":4,"key":"SteroidPotion"},{"floor":7,"key":"SkillPotion"},{"floor":10,"key":"PowerPotion"},{"floor":16,"key":"LiquidBronze"},{"floor":20,"key":"Block Potion"},{"floor":23,"key":"BlessingOfTheForge"}],"is_trial":false,"path_per_floor":["M","M","?","M","M","R","M","R","T","M","E","M","R","E","R","B",null,"M","M","M","M","$","E","R","M","T","$","?","M"],"character_chosen":"THE_SILENT","items_purchased":["bronze:BurnAndBuffPotion","Cloak And Dagger","Discovery","Footwork","PiercingWail","SpeedPotion"],"campfire_rested":3,"item_purchase_floors":[22,22,22,27,27,27],"current_hp_per_floor":[26,23,23,22,16,36,33,33,33,30,21,17,38,8,29,26,62,56,57,36,25,25,6,6,6,6,6,6,0,0],"gold":21,"neow_bonus":"ONE_RARE_RELIC","is_daily":false,"chose_seed":false,"campfire_upgraded":2,"win_rate":0.0,"timestamp":1611166216,"path_taken":["M","M","?","M","M","R","M","R","T","M","E","M","R","E","R","BOSS","M","M","M","M","$","E","R","M","T","$","?","M"],"items_purchased_type":["Potion","Card","Card","Card","Card","Potion"],"build_version":"2020-12-22","purchased_purges":1,"victory":false,"max_hp_per_floor":[66,66,66,67,68,68,69,69,69,70,71,72,72,73,73,74,74,75,76,77,78,78,79,79,80,80,80,80,80,80],"relic_stats":{"FaceOfCleric":14,"counters":[17,83],"Bronze Scales":[170],"Snake Skull":[0],"Kunai":[28],"obtain_stats":[{"construct:RocketBooster":0,"construct:FoamFinger":23,"FaceOfCleric":3,"Bronze Scales":14,"Snake Skull":26,"Coffee Dripper":17,"Kunai":9,"aspiration:HiddenCompartment":11,"Ring of the Snake":0},{"construct:RocketBooster":0,"construct:FoamFinger":15,"FaceOfCleric":2,"Bronze Scales":9,"Snake Skull":16,"Coffee Dripper":10,"Kunai":5,"aspiration:HiddenCompartment":7,"Ring of the Snake":0},{"construct:RocketBooster":0,"construct:FoamFinger":74,"FaceOfCleric":10,"Bronze Scales":37,"Snake Skull":78,"Coffee Dripper":50,"Kunai":24,"aspiration:HiddenCompartment":30,"Ring of the Snake":0}],"Ring of the Snake":[34]},"card_choices":[{"not_picked":["Well Laid Plans","Dagger Throw"],"picked":"Flying Knee","floor":1},{"not_picked":["Expertise","Flying Knee"],"picked":"All Out Attack","floor":2},{"not_picked":["Endless Agony","Prepared"],"picked":"Slice","floor":4},{"not_picked":["Footwork","Backflip"],"picked":"Finisher","floor":5},{"not_picked":["Deflect","Underhanded Strike"],"picked":"Calculated Gamble","floor":7},{"not_picked":["Choke","Bane"],"picked":"Sucker Punch","floor":10},{"not_picked":["Noxious Fumes","Cloak And Dagger"],"picked":"Corpse Explosion","floor":11},{"not_picked":["Acrobatics","Dagger Spray"],"picked":"Backflip","floor":12},{"not_picked":["Quick Slash","Sucker Punch"],"picked":"Prepared","floor":14},{"not_picked":["aspiration:Lunge","Doppelganger"],"picked":"Phantasmal Killer","floor":16},{"not_picked":["Concentrate","Expertise"],"picked":"Cloak And Dagger","floor":18},{"not_picked":["Caltrops","Noxious Fumes","Bane"],"picked":"SKIP","floor":19},{"not_picked":["Slice","Dodge and Roll"],"picked":"Cloak And Dagger","floor":20},{"not_picked":["Dagger Spray+1","Catalyst"],"picked":"Leg Sweep","floor":21},{"not_picked":["Catalyst+1","Heel Hook"],"picked":"Slice","floor":23},{"not_picked":["Endless Agony","Glass Knife","Bouncing Flask"],"picked":"SKIP","floor":25}],"player_experience":1081780,"relics_obtained":[{"floor":9,"key":"Kunai"},{"floor":11,"key":"aspiration:HiddenCompartment"},{"floor":14,"key":"Bronze Scales"},{"floor":23,"key":"construct:FoamFinger"},{"floor":26,"key":"Snake Skull"}],"event_choices":[{"damage_healed":0,"gold_gain":0,"player_choice":"Trade","damage_taken":0,"relics_obtained":["FaceOfCleric"],"max_hp_gain":0,"max_hp_loss":0,"event_name":"FaceTrader","floor":3,"gold_loss":0},{"damage_healed":0,"gold_gain":0,"player_choice":"Copied","damage_taken":0,"max_hp_gain":0,"max_hp_loss":0,"event_name":"Duplicator","floor":28,"gold_loss":0,"cards_obtained":["Cloak And Dagger"]}],"is_beta":false,"boss_relics":[{"not_picked":["aspiration:RunesmithSkillbook","construct:ClawGrip"],"picked":"Coffee Dripper"}],"items_purged_floors":[22],"is_endless":false,"potions_floor_spawned":[4,7,10,16,20,23],"killed_by":"Snecko","ascension_level":20}}