{"host":"1yib4t3blvbtzkw7","time":1611171084,"event":{"mods":["2.2 Compatiblity","AchievementEnabler","BaseMod","Colored Map","DeckTracker","Highlight Path","Minty Spire (QoL Compilation)","Random Character Button","Rare Cards Sparkle"],"gold_per_floor":[117,127,127,127,144,172,17,17,17,17,17,17,17,17,17,17,17],"floor_reached":16,"language":"ENG","playtime":510,"items_purged":["Strike_G"],"score":96,"play_id":"dfeebb68-174b-4051-bd19-462ecfa48b38","local_time":"20210120203124","is_ascension_mode":false,"campfire_choices":[{"floor":8,"key":"REST"},{"floor":10,"key":"REST"},{"data":"Infinite Blades","floor":15,"key":"SMITH"}],"circlet_count":0,"master_deck":["Strike_G","Strike_G","Strike_G","Defend_G","Defend_G","Defend_G","Defend_G+1","Defend_G","Survivor+1","Neutralize","Doubt","Deadly Poison","Outmaneuver","Blade Dance","Blade Dance","Infinite Blades+1","Regret"],"relics":["Ring of the Snake","Ginger","Gremlin Horn","Regal Pillow","HornCleat","Golden Idol","The Specimen"],"acts_visited":["Exordium"],"potions_floor_usage":[16],"damage_taken":[{"damage":1,"enemies":"Cultist","floor":1,"turns":5},{"damage":2,"enemies":"Small Slimes","floor":2,"turns":4},{"damage":0,"enemies":"2 Louse","floor":5,"turns":3},{"damage":32,"enemies":"Gremlin Nob","floor":6,"turns":5},{"damage":52,"enemies":"The Guardian","floor":16,"turns":14}],"seed_played":"-8361384431272694266","potions_obtained":[{"floor":1,"key":"SneckoOil"},{"floor":5,"key":"Explosive Potion"}],"is_trial":false,"path_per_floor":["M","M","?","?","M","E","$","R","T","R","?","?","?","T","R","B"],"character_chosen":"THE_SILENT","items_purchased":["Infinite Blades"],"campfire_rested":2,"item_purchase_floors":[7],"current_hp_per_floor":[69,67,53,46,46,14,14,35,35,70,70,53,50,50,50,0,0],"gold":17,"neow_bonus":"ONE_RARE_RELIC","is_daily":false,"chose_seed":false,"campfire_upgraded":1,"win_rate":0.0,"timestamp":1611171084,"path_taken":["M","M","?","?","M","E","$","R","T","R","?","?","?","?","R","BOSS"],"items_purchased_type":["Card"],"build_version":"2020-12-22","purchased_purges":1,"victory":false,"max_hp_per_floor":[70,70,70,70,70,70,70,70,70,70,70,70,70,70,70,70,70],"card_choices":[{"not_picked":["Bane","Slice"],"picked":"Deadly Poison","floor":1},{"not_picked":["Predator","Accuracy"],"picked":"Outmaneuver","floor":2},{"not_picked":["Wraith Form v2","Quick Slash"],"picked":"Blade Dance","floor":5},{"not_picked":["Catalyst","Well Laid Plans"],"picked":"Blade Dance","floor":6}],"player_experience":763722,"relics_obtained":[{"floor":6,"key":"Gremlin Horn"},{"floor":9,"key":"Regal Pillow"}],"event_choices":[{"damage_healed":0,"gold_gain":0,"player_choice":"Entered Light","damage_taken":14,"max_hp_gain":0,"max_hp_loss":0,"event_name":"Shining Light","floor":3,"gold_loss":0,"cards_upgraded":["Survivor","Defend_G"]},{"cards_removed":["Strike_G"],"damage_healed":0,"gold_gain":0,"player_choice":"Card Removal","damage_taken":7,"max_hp_gain":0,"max_hp_loss":0,"event_name":"Golden Wing","floor":4,"gold_loss":0},{"damage_healed":0,"gold_gain":0,"player_choice":"Box","damage_taken":0,"relics_obtained":["HornCleat"],"max_hp_gain":0,"max_hp_loss":0,"event_name":"Big Fish","floor":11,"gold_loss":0,"cards_obtained":["Regret"]},{"damage_healed":0,"gold_gain":0,"player_choice":"Take Damage","damage_taken":17,"relics_obtained":["Golden Idol"],"max_hp_gain":0,"max_hp_loss":0,"event_name":"Golden Idol","floor":12,"gold_loss":0},{"damage_healed":0,"gold_gain":0,"player_choice":"Success","damage_taken":3,"relics_obtained":["The Specimen"],"max_hp_gain":0,"max_hp_loss":0,"event_name":"Scrap Ooze","floor":13,"gold_loss":0}],"is_beta":false,"boss_relics":[],"items_purged_floors":[7],"is_endless":false,"potions_floor_spawned":[1,5],"killed_by":"The Guardian","ascension_level":0}}