{"host":"vfh4a5lsno7fg1vy","time":1611165039,"event":{"mods":["BaseMod","Minty Spire (QoL Compilation)","StSLib","Synergy Search"],"gold_per_floor":[117,127,127,77,27,27,53,53,106,128,152,182,204,227,239,354,366,389,65,164,79,94,94,106,138,184,184,201,201,48,62,62,62,62],"floor_reached":33,"language":"KOR","playtime":1666,"items_purged":["Strike_R"],"score":296,"play_id":"c47a721e-5768-45a4-ae18-3ac567ac95fe","local_time":"20210121025039","is_ascension_mode":true,"campfire_choices":[{"data":"Armaments","floor":6,"key":"SMITH"},{"data":"Cleave","floor":8,"key":"SMITH"},{"floor":15,"key":"REST"},{"floor":23,"key":"REST"},{"floor":27,"key":"REST"},{"floor":29,"key":"REST"},{"floor":32,"key":"REST"}],"circlet_count":0,"master_deck":["Strike_R","Strike_R","Strike_R","Strike_R","Defend_R","Defend_R","Defend_R","Defend_R","Bash","Cleave+1","Armaments+1","Flex","Dropkick","Anger","Dropkick","Clothesline","Shrug It Off","Demon Form","Blood for Blood","Dual Wield","Sever Soul+1","Intimidate+1","Flame Barrier"],"relics":["Burning Blood","Peace Pipe","Paper Frog","MawBank","Velvet Choker","Frozen Egg 2","Kunai","Mummified Hand","Anchor","Frozen Eye"],"acts_visited":["Exordium","TheCity"],"potions_floor_usage":[13,14,16,18,24,25,31],"damage_taken":[{"damage":7,"enemies":"Jaw Worm","floor":1,"turns":3},{"damage":8,"enemies":"2 Louse","floor":2,"turns":2},{"damage":28,"enemies":"Gremlin Nob","floor":7,"turns":4},{"damage":3,"enemies":"Small Slimes","floor":10,"turns":5},{"damage":4,"enemies":"2 Fungi Beasts","floor":11,"turns":2},{"damage":23,"enemies":"Red Slaver","floor":12,"turns":4},{"damage":13,"enemies":"Exordium Thugs","floor":13,"turns":4},{"damage":14,"enemies":"Large Slime","floor":14,"turns":5},{"damage":46,"enemies":"The Guardian","floor":16,"turns":8},{"damage":45,"enemies":"3 Byrds","floor":18,"turns":6},{"damage":15,"enemies":"Chosen","floor":22,"turns":5},{"damage":21,"enemies":"Centurion and Healer","floor":24,"turns":4},{"damage":38,"enemies":"Slavers","floor":25,"turns":6},{"damage":37,"enemies":"Cultist and Chosen","floor":28,"turns":5},{"damage":48,"enemies":"Snake Plant","floor":31,"turns":6},{"damage":79,"enemies":"Automaton","floor":33,"turns":6}],"seed_played":"233885916001441504","potions_obtained":[{"floor":0,"key":"Regen Potion"},{"floor":0,"key":"BloodPotion"},{"floor":0,"key":"AttackPotion"},{"floor":2,"key":"FairyPotion"},{"floor":13,"key":"Block Potion"},{"floor":14,"key":"BlessingOfTheForge"},{"floor":16,"key":"HeartOfIron"},{"floor":18,"key":"Strength Potion"},{"floor":25,"key":"BloodPotion"}],"is_trial":false,"path_per_floor":["M","M","?","?","$","R","E","R","T","M","M","M","M","M","R","B",null,"M","$","?","?","M","R","M","E","T","R","M","R","$","M","R","B"],"character_chosen":"IRONCLAD","items_purchased":["Armaments","Frozen Egg 2","Frozen Eye"],"campfire_rested":5,"item_purchase_floors":[5,19,30],"current_hp_per_floor":[79,77,77,77,77,77,55,55,55,58,60,43,36,28,52,12,80,57,57,57,57,48,72,57,25,25,49,18,42,42,16,40,0,0],"gold":62,"neow_bonus":"THREE_SMALL_POTIONS","is_daily":false,"chose_seed":false,"campfire_upgraded":2,"win_rate":0.0,"timestamp":1611165039,"path_taken":["M","M","?","?","$","R","E","R","T","M","M","M","?","M","R","BOSS","M","$","?","?","M","R","M","E","T","R","M","R","$","M","R","BOSS"],"items_purchased_type":["Card","Relic","Relic"],"build_version":"2020-12-22","purchased_purges":1,"victory":false,"max_hp_per_floor":[80,80,80,80,80,80,80,80,80,80,80,80,80,80,80,80,80,80,80,80,80,80,80,80,80,80,80,80,80,80,80,80,80,80],"card_choices":[{"not_picked":["Intimidate","Perfected Strike"],"picked":"Cleave","floor":1},{"not_picked":["Wild Strike","Fire Breathing","Warcry"],"picked":"SKIP","floor":2},{"not_picked":["Fiend Fire","Whirlwind"],"picked":"Flex","floor":7},{"not_picked":["Second Wind","Perfected Strike"],"picked":"Dropkick","floor":10},{"not_picked":["Clash","Body Slam"],"picked":"Anger","floor":11},{"not_picked":["Bloodletting","Clash"],"picked":"Dropkick","floor":12},{"not_picked":["Twin Strike","Clash"],"picked":"Clothesline","floor":13},{"not_picked":["Wild Strike","Body Slam"],"picked":"Shrug It Off","floor":14},{"not_picked":["Impervious","Corruption"],"picked":"Demon Form","floor":16},{"not_picked":["Power Through","Sword Boomerang+1"],"picked":"Blood for Blood","floor":18},{"not_picked":["Warcry","True Grit"],"picked":"Dual Wield","floor":22},{"not_picked":["Havoc","Reckless Charge"],"picked":"Sever Soul+1","floor":24},{"not_picked":["Pommel Strike","Ghostly Armor"],"picked":"Intimidate+1","floor":25},{"not_picked":["Sword Boomerang","Clash"],"picked":"Flame Barrier","floor":28},{"not_picked":["True Grit","Twin Strike+1","Pummel+1"],"picked":"SKIP","floor":31}],"player_experience":220636,"relics_obtained":[{"floor":7,"key":"Paper Frog"},{"floor":9,"key":"MawBank"},{"floor":25,"key":"Mummified Hand"},{"floor":26,"key":"Anchor"}],"event_choices":[{"damage_healed":0,"gold_gain":0,"player_choice":"Box","damage_taken":0,"relics_obtained":["Peace Pipe"],"max_hp_gain":0,"max_hp_loss":0,"event_name":"Big Fish","floor":3,"gold_loss":0,"cards_obtained":["Regret"]},{"cards_removed":["Regret"],"damage_healed":0,"gold_gain":0,"player_choice":"Card Removal","damage_taken":0,"max_hp_gain":0,"max_hp_loss":0,"event_name":"The Cleric","floor":4,"gold_loss":50},{"damage_healed":0,"gold_gain":99,"player_choice":"Stole From Cult","damage_taken":0,"max_hp_gain":0,"max_hp_loss":0,"event_name":"Nest","floor":20,"gold_loss":0},{"damage_healed":0,"gold_gain":0,"player_choice":"Obtained Relic","damage_taken":0,"relics_obtained":["Kunai"],"max_hp_gain":0,"max_hp_loss":0,"event_name":"Addict","floor":21,"gold_loss":85}],"is_beta":false,"boss_relics":[{"not_picked":["Runic Dome","Calling Bell"],"picked":"Velvet Choker"}],"items_purged_floors":[19],"is_endless":false,"potions_floor_spawned":[2,11,13,14,16,18,25],"killed_by":"Automaton","ascension_level":2}}