{"host":"sc0o2qwpf9j16a4i","time":1611172340,"event":{"mods":["AchievementEnabler","BaseMod","BetterRewards","Block Reminder","Colored Map","Colored Powertips","Custom Start","Highlight Path","Minty Spire (QoL Compilation)","Relic Stats"],"gold_per_floor":[115,127,127,137,150,150,179,179,226,226,249,249,273,316,316,418,418,442,466,380,404,604,649,663,349,349,349,394,419,35,69,69,69,69],"floor_reached":33,"language":"ENG","playtime":1067,"items_purged":["Strike_R","Strike_R"],"score":884,"play_id":"fb44903a-175c-4e82-95cc-488a44080282","local_time":"20210120215220","is_ascension_mode":true,"campfire_choices":[{"data":"Carnage","floor":6,"key":"SMITH"},{"floor":12,"key":"REST"},{"data":"Inflame","floor":15,"key":"SMITH"},{"data":"Juggernaut","floor":27,"key":"SMITH"},{"data":"Limit Break","floor":32,"key":"SMITH"}],"circlet_count":0,"master_deck":["AscendersBane","Strike_R","Defend_R","Defend_R","Defend_R","Defend_R+1","Bash","Carnage+1","Wild Strike","Inflame+1","Shockwave","Power Through","Flame Barrier+1","Juggernaut+1","Shrug It Off+1","Thunderclap","Shockwave+1","Limit Break+1","Spot Weakness","Flame Barrier+1","Evolve","Shrug It Off"],"relics":["Burning Blood","Medical Kit","Singing Bowl","HornCleat","Happy Flower","Golden Idol","CeramicFish","Philosopher\u0027s Stone","War Paint","Meat on the Bone","Bag of Marbles","Bag of Preparation","Orichalcum","OrangePellets","Oddly Smooth Stone"],"acts_visited":["Exordium","TheCity"],"potions_floor_usage":[7,14,18,18,23,24,28,29],"damage_taken":[{"damage":0,"enemies":"2 Louse","floor":1,"turns":2},{"damage":1,"enemies":"Cultist","floor":2,"turns":3},{"damage":5,"enemies":"Small Slimes","floor":4,"turns":3},{"damage":19,"enemies":"Blue Slaver","floor":5,"turns":5},{"damage":15,"enemies":"3 Sentries","floor":7,"turns":7},{"damage":7,"enemies":"Exordium Wildlife","floor":11,"turns":3},{"damage":0,"enemies":"Red Slaver","floor":13,"turns":3},{"damage":12,"enemies":"Gremlin Nob","floor":14,"turns":4},{"damage":10,"enemies":"The Guardian","floor":16,"turns":10},{"damage":23,"enemies":"3 Byrds","floor":18,"turns":4},{"damage":8,"enemies":"2 Thieves","floor":19,"turns":4},{"damage":0,"enemies":"Snecko","floor":21,"turns":4},{"damage":8,"enemies":"Gremlin Leader","floor":23,"turns":5},{"damage":4,"enemies":"Snake Plant","floor":24,"turns":5},{"damage":39,"enemies":"Book of Stabbing","floor":28,"turns":5},{"damage":0,"enemies":"Centurion and Healer","floor":29,"turns":5},{"damage":0,"enemies":"Gremlin Leader","floor":31,"turns":7},{"damage":84,"enemies":"Champ","floor":33,"turns":12}],"seed_played":"4919622800162825909","potions_obtained":[{"floor":1,"key":"Energy Potion"},{"floor":5,"key":"SpeedPotion"},{"floor":13,"key":"DuplicationPotion"},{"floor":16,"key":"BloodPotion"},{"floor":18,"key":"ColorlessPotion"},{"floor":21,"key":"Ancient Potion"},{"floor":23,"key":"Swift Potion"},{"floor":28,"key":"Block Potion"}],"is_trial":false,"path_per_floor":["M","M","?","M","M","R","E","?","T","?","M","R","M","E","R","B",null,"M","M","?","M","?","E","M","$","T","R","E","M","$","E","R","B"],"character_chosen":"IRONCLAD","items_purchased":["Medical Kit","Singing Bowl","Carnage","Limit Break","Bag of Marbles","OrangePellets","Evolve","Shrug It Off"],"campfire_rested":1,"item_purchase_floors":[0,0,0,25,25,30,30,30],"current_hp_per_floor":[52,57,57,60,49,49,40,33,33,33,32,53,61,55,55,51,68,65,63,63,71,71,69,73,73,73,73,52,58,58,66,66,0,0],"gold":69,"neow_bonus":"","is_daily":false,"chose_seed":false,"campfire_upgraded":4,"win_rate":0.0,"timestamp":1611172340,"path_taken":["M","M","?","M","?","R","E","?","T","?","M","R","M","E","R","BOSS","M","M","?","?","?","E","?","?","T","R","E","M","$","E","R","BOSS"],"items_purchased_type":["Relic","Relic","Card","Card","Relic","Relic","Card","Card"],"build_version":"2020-12-22","purchased_purges":2,"victory":false,"max_hp_per_floor":[75,75,75,77,79,79,79,79,79,72,72,72,74,74,74,74,74,74,74,74,76,76,76,78,78,78,78,78,78,78,80,80,80,80],"relic_stats":{"Singing Bowl":12,"Happy Flower":[23],"counters":[35,162],"Golden Idol":74,"CeramicFish":90,"Bag of Preparation":[16],"War Paint":["Flame Barrier","Defend_R"],"Orichalcum":[78],"Medical Kit":[22],"Burning Blood":102,"OrangePellets":[0],"obtain_stats":[{"Gremlin Horn":24,"Singing Bowl":0,"CeramicFish":14,"Bag of Preparation":22,"Juzu Bracelet":24,"Burning Blood":0,"Lizard Tail":11,"HornCleat":7,"MealTicket":26,"Philosopher\u0027s Stone":17,"Red Skull":9,"Potion Belt":31,"Happy Flower":9,"Golden Idol":10,"Oddly Smooth Stone":31,"Pen Nib":14,"Omamori":31,"Orichalcum":20,"War Paint":20,"Medical Kit":0,"OrangePellets":30,"Busted Crown":0,"Bag of Marbles":7,"Black Star":17,"Meat on the Bone":23},{"Gremlin Horn":14,"Singing Bowl":17,"CeramicFish":25,"Bag of Preparation":13,"Juzu Bracelet":14,"Burning Blood":0,"Lizard Tail":6,"HornCleat":22,"MealTicket":15,"Philosopher\u0027s Stone":26,"Red Skull":4,"Potion Belt":16,"Happy Flower":22,"Golden Idol":22,"Oddly Smooth Stone":34,"Pen Nib":9,"Omamori":16,"Orichalcum":12,"War Paint":28,"Medical Kit":17,"OrangePellets":33,"Busted Crown":0,"Bag of Marbles":4,"Black Star":10,"Meat on the Bone":30},{"Gremlin Horn":57,"Singing Bowl":71,"CeramicFish":101,"Bag of Preparation":51,"Juzu Bracelet":57,"Burning Blood":0,"Lizard Tail":20,"HornCleat":91,"MealTicket":62,"Philosopher\u0027s Stone":111,"Red Skull":13,"Potion Belt":66,"Happy Flower":91,"Golden Idol":91,"Oddly Smooth Stone":150,"Pen Nib":29,"Omamori":66,"Orichalcum":48,"War Paint":119,"Medical Kit":71,"OrangePellets":143,"Busted Crown":0,"Bag of Marbles":13,"Black Star":39,"Meat on the Bone":128}],"Meat on the Bone":12},"card_choices":[{"not_picked":["Warcry","Carnage"],"picked":"Wild Strike","floor":1},{"not_picked":["Carnage","Combust"],"picked":"Inflame","floor":2},{"not_picked":["Dual Wield","Pommel Strike","Hemokinesis"],"picked":"Singing Bowl","floor":4},{"not_picked":["True Grit","Rampage","Dark Embrace"],"picked":"Singing Bowl","floor":5},{"not_picked":["Iron Wave","Uppercut"],"picked":"Shockwave","floor":7},{"not_picked":["Metallicize","Infernal Blade"],"picked":"Power Through","floor":11},{"not_picked":["Wild Strike","Rupture","Iron Wave"],"picked":"Singing Bowl","floor":13},{"not_picked":["Pummel","Flex"],"picked":"Flame Barrier","floor":14},{"not_picked":["Corruption","Double Tap"],"picked":"Juggernaut","floor":16},{"not_picked":["Warcry","True Grit"],"picked":"Shrug It Off+1","floor":18},{"not_picked":["Perfected Strike","Second Wind"],"picked":"Thunderclap","floor":19},{"not_picked":["Sword Boomerang","Anger","True Grit"],"picked":"Singing Bowl","floor":21},{"not_picked":["Warcry+1","Anger+1"],"picked":"Shockwave+1","floor":23},{"not_picked":["Rupture+1","Dropkick","Headbutt"],"picked":"Singing Bowl","floor":24},{"not_picked":["Metallicize","Perfected Strike"],"picked":"Spot Weakness","floor":28},{"not_picked":["Clothesline","Pummel"],"picked":"Flame Barrier+1","floor":29},{"not_picked":["Seeing Red","Double Tap","Warcry"],"picked":"Singing Bowl","floor":31}],"player_experience":807774,"relics_obtained":[{"floor":7,"key":"HornCleat"},{"floor":9,"key":"Happy Flower"},{"floor":14,"key":"CeramicFish"},{"floor":23,"key":"Meat on the Bone"},{"floor":26,"key":"Bag of Preparation"},{"floor":28,"key":"Orichalcum"},{"floor":31,"key":"Oddly Smooth Stone"}],"event_choices":[{"cards_removed":["Strike_R"],"damage_healed":0,"gold_gain":0,"player_choice":"Offered Basic","damage_taken":0,"max_hp_gain":0,"max_hp_loss":0,"event_name":"Bonfire Elementals","floor":3,"gold_loss":0},{"cards_removed":["Strike_R"],"damage_healed":0,"gold_gain":0,"player_choice":"Card Removal","damage_taken":7,"max_hp_gain":0,"max_hp_loss":0,"event_name":"Golden Wing","floor":8,"gold_loss":0},{"damage_healed":0,"gold_gain":0,"player_choice":"Lose Max HP","damage_taken":0,"relics_obtained":["Golden Idol"],"max_hp_gain":0,"max_hp_loss":7,"event_name":"Golden Idol","floor":10,"gold_loss":0},{"damage_healed":0,"gold_gain":0,"player_choice":"Paid Gold","damage_taken":0,"relics_obtained":["War Paint"],"max_hp_gain":0,"max_hp_loss":0,"event_name":"WeMeetAgain","floor":20,"gold_loss":86},{"damage_healed":0,"gold_gain":200,"player_choice":"Gold","damage_taken":0,"max_hp_gain":0,"max_hp_loss":0,"event_name":"Wheel of Change","floor":22,"gold_loss":0}],"is_beta":false,"boss_relics":[{"not_picked":["Runic Cube","SacredBark"],"picked":"Philosopher\u0027s Stone"}],"items_purged_floors":[25,30],"is_endless":false,"potions_floor_spawned":[1,5,13,16,18,21,23,28],"killed_by":"Champ","ascension_level":20}}