{"host":"1ecbliur7lfoj0sl","time":1611114585,"event":{"mods":["BaseMod","Downfall","Minty Spire (QoL Compilation)","StSLib","The Senshi","Waifu the Spire"],"gold_per_floor":[99,113,123,123,142,160,238,238,260,274,332,332,357,372,391,496,496,396,408,408,418,430,340,366,266,283,316,332,332,217,217,237,335,335,235,254,215,215,226,76,76,76,111,130,130,159,171,200,222,234,246,283,145,145,145,145],"floor_reached":57,"language":"ZHS","playtime":3557,"items_purged":["Slimebound:Repurpose","Slimebound:Tackle","Slimebound:Defend_Slimebound","Slimebound:Defend_Slimebound"],"score":1150,"play_id":"bb424d61-633b-43f9-8bd6-84178a630e8a","local_time":"20210120114945","is_ascension_mode":true,"campfire_choices":[{"data":"Slimebound:HauntingLick","floor":1.0,"key":"SMITH"},{"data":"Slimebound:GrowthPunch","floor":8.0,"key":"SMITH"},{"data":"Slimebound:LeechEnergy","floor":12.0,"key":"SMITH"},{"data":"Slimebound:OozeBath","floor":18.0,"key":"SMITH"},{"data":"Slimebound:SpikyOuterGoop","floor":25.0,"key":"SMITH"},{"floor":29.0,"key":"RECALL"},{"data":"Slimebound:SplitLeeching","floor":35.0,"key":"SMITH"},{"data":"Slimebound:SpikyOuterGoop","floor":45.0,"key":"SMITH"},{"data":"Sadistic Nature","floor":47.0,"key":"SMITH"},{"data":"Slimebound:CorrosiveSpit","floor":54.0,"key":"SMITH"}],"circlet_count":0,"master_deck":["Slimebound:Strike_Slimebound","Slimebound:Strike_Slimebound","Slimebound:Strike_Slimebound","Slimebound:Defend_Slimebound","Slimebound:Defend_Slimebound","Slimebound:Split+1","Slimebound:CorrosiveSpit+1","Slimebound:HauntingLick+1","Slimebound:LeechEnergy+1","Slimebound:SpikyOuterGoop+1","Slimebound:GrowthPunch+1","Slimebound:Recycling","Slimebound:ProtectTheBoss","Slimebound:SplitLeeching+1","Slimebound:OozeBath+1","Slimebound:HungryTackle+1","Slimebound:SplitLeeching+1","Slimebound:Recycling","Sadistic Nature+1","Slimebound:SpikyOuterGoop+1","Slimebound:HauntingLick+1","Slimebound:SpikyOuterGoop"],"relics":["Slimebound:AbsorbEndCombat","White Beast Statue","Odd Mushroom","Vajra","Happy Flower","Slimebound:TarBlob","downfall:HeartBlessingGreen","downfall:HeartBlessingBlue","Dream Catcher","Busted Crown","downfall:HeartBlessingRed","Medical Kit","InkBottle","Pen Nib","MawBank","Toy Ornithopter"],"acts_visited":["Exordium","TheCity","TheBeyond","TheEnding"],"potions_floor_usage":[],"damage_taken":[{"damage":4.0,"enemies":"Cultist","floor":2.0,"turns":3.0},{"damage":1.0,"enemies":"Jaw Worm","floor":3.0,"turns":3.0},{"damage":0.0,"enemies":"2 Louse","floor":5.0,"turns":2.0},{"damage":18.0,"enemies":"Exordium Wildlife","floor":6.0,"turns":6.0},{"damage":22.0,"enemies":"The Mushroom Lair","floor":9.0,"turns":4.0},{"damage":11.0,"enemies":"Red Slaver","floor":10.0,"turns":4.0},{"damage":5.0,"enemies":"Gremlin Nob","floor":11.0,"turns":3.0},{"damage":28.0,"enemies":"3 Sentries","floor":13.0,"turns":8.0},{"damage":1.0,"enemies":"Large Slime","floor":14.0,"turns":5.0},{"damage":6.0,"enemies":"Blue Slaver","floor":15.0,"turns":4.0},{"damage":23.0,"enemies":"DF_ARCHETYPE_STREAMLINE","floor":16.0,"turns":9.0},{"damage":14.0,"enemies":"Spheric Guardian","floor":19.0,"turns":5.0},{"damage":0.0,"enemies":"Cultist and Chosen","floor":21.0,"turns":5.0},{"damage":16.0,"enemies":"Snake Plant","floor":22.0,"turns":4.0},{"damage":1.0,"enemies":"downfall:FleeingMerchant","floor":23.0,"turns":4.0},{"damage":11.0,"enemies":"Centurion and Healer","floor":26.0,"turns":5.0},{"damage":14.0,"enemies":"Book of Stabbing","floor":27.0,"turns":4.0},{"damage":9.0,"enemies":"Snecko","floor":28.0,"turns":4.0},{"damage":3.0,"enemies":"downfall:FleeingMerchant","floor":30.0,"turns":4.0},{"damage":2.0,"enemies":"3 Cultists","floor":32.0,"turns":5.0},{"damage":51.0,"enemies":"IC_MUSHROOM_ARCHETYPE","floor":33.0,"turns":8.0},{"damage":10.0,"enemies":"3 Darklings","floor":36.0,"turns":5.0},{"damage":3.0,"enemies":"downfall:FleeingMerchant","floor":37.0,"turns":4.0},{"damage":1.0,"enemies":"3 Shapes","floor":39.0,"turns":3.0},{"damage":29.0,"enemies":"Nemesis","floor":43.0,"turns":5.0},{"damage":4.0,"enemies":"Jaw Worm Horde","floor":44.0,"turns":3.0},{"damage":0.0,"enemies":"Reptomancer","floor":46.0,"turns":5.0},{"damage":12.0,"enemies":"Spire Growth","floor":48.0,"turns":4.0},{"damage":0.0,"enemies":"Maw","floor":49.0,"turns":4.0},{"damage":41.0,"enemies":"SI_POISON_ARCHETYPE","floor":50.0,"turns":4.0},{"damage":20.0,"enemies":"downfall:CharBossMerchant","floor":52.0,"turns":6.0},{"damage":18.0,"enemies":"downfall:NeowBoss","floor":55.0,"turns":10.0},{"damage":21,"enemies":"downfall:NeowBoss","floor":56,"turns":10}],"seed_played":"-4777658350133559731","potions_obtained":[{"floor":6.0,"key":"SneckoOil"},{"floor":9.0,"key":"Swift Potion"},{"floor":10.0,"key":"SteroidPotion"},{"floor":11.0,"key":"Ancient Potion"},{"floor":13.0,"key":"Ancient Potion"},{"floor":14.0,"key":"SneckoOil"},{"floor":15.0,"key":"Explosive Potion"},{"floor":16.0,"key":"Fire Potion"},{"floor":19.0,"key":"Slimebound:SpawnSlimePotion"},{"floor":23.0,"key":"champ:CounterPotion"},{"floor":27.0,"key":"DuplicationPotion"},{"floor":30.0,"key":"champ:CounterPotion"},{"floor":32.0,"key":"ColorlessPotion"},{"floor":33.0,"key":"PowerPotion"},{"floor":43.0,"key":"DistilledChaos"},{"floor":48.0,"key":"DistilledChaos"},{"floor":52.0,"key":"Fire Potion"}],"is_trial":false,"path_per_floor":["R","M","M","?","M","M","T","R","?","M","?","R","E","M","M","B",null,"R","M","?","M","M","$","T","R","M","E","M","R","$","?","M","B",null,"R","M","$","?","M","$","T","?","E","M","R","E","R","M","M","B",null,"E","$","R","B","B",null],"character_chosen":"SLIMEBOUND","items_purchased":["Sadistic Nature","Slimebound:SpikyOuterGoop","Medical Kit"],"campfire_rested":0,"item_purchase_floors":[37,37,40],"current_hp_per_floor":[65,62,65,65,65,53,53,53,39,36,39,39,19,26,26,11,65,65,59,59,65,53,60,60,70,67,61,58,58,63,49,55,12,80,80,76,80,80,80,80,80,80,59,63,63,71,71,67,75,42,80,63,63,63,53,40],"gold":145,"neow_bonus":"THREE_CARDS","is_daily":false,"chose_seed":false,"campfire_upgraded":9,"win_rate":0.0,"timestamp":1611114585,"path_taken":["R","M","M","?","M","M","T","R","?","M","?","R","E","?","M","BOSS","R","M","?","?","M","$","T","R","M","E","M","R","$","?","M","BOSS","R","M","$","?","M","$","T","?","E","M","R","E","R","?","M","BOSS","E","$","R","BOSS","BOSS"],"items_purchased_type":["Card","Card","Relic"],"build_version":"2020-12-22","purchased_purges":4,"victory":true,"max_hp_per_floor":[65,65,65,65,65,65,65,65,65,65,65,65,65,65,65,65,65,65,65,65,65,65,65,65,75,75,75,75,75,75,80,80,80,80,80,80,80,80,80,80,80,80,80,80,80,80,80,80,80,80,80,80,80,80,80,80],"card_choices":[{"not_picked":["Slimebound:PressTheAttack","Slimebound:SpikyOuterGoop"],"picked":"Slimebound:HauntingLick","floor":0.0},{"not_picked":["Slimebound:PressTheAttack","Slimebound:ItLooksTasty"],"picked":"Slimebound:LeechEnergy","floor":2.0},{"not_picked":["Slimebound:RollThrough","Slimebound:ComboTackle"],"picked":"Slimebound:SpikyOuterGoop","floor":3.0},{"not_picked":["Slimebound:GoopSpray","Slimebound:PressTheAttack"],"picked":"Slimebound:GrowthPunch","floor":5.0},{"not_picked":["Slimebound:GoopTackle","Slimebound:Gluttony"],"picked":"Slimebound:Recycling","floor":6.0},{"not_picked":["Slimebound:Prepare","Slimebound:FormOfPuddle"],"picked":"Slimebound:ProtectTheBoss","floor":10.0},{"not_picked":["Slimebound:SlimeSpikes","Slimebound:SplitMire"],"picked":"Slimebound:Repurpose","floor":11.0},{"not_picked":["Slimebound:LeechEnergy","Slimebound:ComboTackle"],"picked":"Slimebound:SplitLeeching","floor":13.0},{"not_picked":["Slimebound:Schlurp","Slimebound:Chomp","Slimebound:RallyTheTroops"],"picked":"SKIP","floor":14.0},{"not_picked":["Slimebound:FinishingTackle","Slimebound:SplitAcid","Slimebound:Prepare"],"picked":"SKIP","floor":15.0},{"not_picked":["Slimebound:Darklings","Slimebound:WasteNot"],"picked":"Slimebound:OozeBath","floor":16.0},{"not_picked":["Slimebound:SplitLeeching","Slimebound:SplitBruiser","Slimebound:GrowthPunch"],"picked":"SKIP","floor":19.0},{"not_picked":["Slimebound:SplitMire","Slimebound:Prepare+1"],"picked":"Slimebound:HungryTackle+1","floor":21.0},{"not_picked":["Slimebound:GoopSpray","Slimebound:SlimeSpikes"],"picked":"Slimebound:SplitLeeching+1","floor":22.0},{"not_picked":["Slimebound:PrepareCrush","Slimebound:GrowthPunch+1"],"picked":"Slimebound:Recycling","floor":23.0},{"not_picked":["Slimebound:LivingWall","Slimebound:GrowthPunch","Slimebound:SlimeTap"],"picked":"SKIP","floor":26.0},{"not_picked":["Slimebound:FinishingTackle","Slimebound:AcidTongue","Slimebound:GoopTackle"],"picked":"SKIP","floor":27.0},{"not_picked":["Slimebound:LevelUp","Slimebound:LeechEnergy+1","Slimebound:SplitSpecialist"],"picked":"SKIP","floor":28.0},{"not_picked":["Slimebound:LevelUp","Slimebound:LeechingTouch","Slimebound:PressTheAttack"],"picked":"SKIP","floor":30.0},{"not_picked":["Slimebound:ProtectTheBoss+1","Slimebound:RejuvenatingLick","Slimebound:PressTheAttack"],"picked":"SKIP","floor":32.0},{"not_picked":["Slimebound:FinishingTackle+1"],"picked":"SKIP","floor":36.0},{"not_picked":["Slimebound:LeechingTouch+1"],"picked":"SKIP","floor":37.0},{"not_picked":["Slimebound:SlimeSpikes"],"picked":"SKIP","floor":39.0},{"not_picked":["Slimebound:LeechEnergy+1"],"picked":"SKIP","floor":43.0},{"not_picked":["Slimebound:SplitMire"],"picked":"SKIP","floor":44.0},{"not_picked":[],"picked":"Slimebound:SpikyOuterGoop","floor":46.0},{"not_picked":["Slimebound:Teamwork"],"picked":"SKIP","floor":48.0},{"not_picked":["Slimebound:GrowthPunch"],"picked":"SKIP","floor":49.0},{"not_picked":["Slimebound:ViciousTackle+1"],"picked":"SKIP","floor":52.0}],"player_experience":62958,"relics_obtained":[{"floor":7.0,"key":"White Beast Statue"},{"floor":9.0,"key":"Odd Mushroom"},{"floor":11.0,"key":"Vajra"},{"floor":13.0,"key":"Happy Flower"},{"floor":27.0,"key":"Dream Catcher"},{"floor":41.0,"key":"InkBottle"},{"floor":43.0,"key":"Pen Nib"},{"floor":46.0,"key":"MawBank"},{"floor":52.0,"key":"Toy Ornithopter"}],"event_choices":[{"damage_healed":0.0,"max_hp_gain":0.0,"max_hp_loss":0.0,"gold_gain":0.0,"event_name":"Mushrooms","player_choice":"Fought Mushrooms","floor":9.0,"gold_loss":0.0,"damage_taken":0.0}],"is_beta":false,"boss_relics":[{"not_picked":["expansioncontent:StudyCardRelic","Runic Dome"],"picked":"Slimebound:TarBlob"},{"not_picked":["Velvet Choker","Cursed Key"],"picked":"Busted Crown"}],"items_purged_floors":[23,30,37,53],"is_endless":false,"potions_floor_spawned":[6,9,10,11,13,14,15,16,19,21,22,23,26,27,28,30,32,33,36,37,39,43,44,46,48,49,52],"ascension_level":1}}