{"host":"qekv59dthhdg54sz","time":1611119974,"event":{"mods":["AchievementEnabler","BaseMod","Colored Map","DeckTracker","KOR Keyword Fix","Minty Spire (QoL Compilation)","Rare Cards Sparkle","StSLib","SuperFastMode"],"gold_per_floor":[119,119,131,44,55,55,89,14,14,28,47,80,5,17,17,96,96,107,123,48,48,98,98,98],"floor_reached":23,"language":"KOR","playtime":453,"items_purged":["Defend_P"],"score":452,"play_id":"97bce065-b7fb-4564-9f04-8f6084254037","local_time":"20210120141934","is_ascension_mode":true,"campfire_choices":[{"floor":6.0,"key":"REST"},{"floor":15,"key":"REST"}],"circlet_count":0,"master_deck":["AscendersBane","Strike_P","Strike_P","Defend_P+1","Defend_P","Defend_P","Eruption+1","Vigilance+1","FollowUp","ForeignInfluence+1","BattleHymn","Adaptation","MentalFortress","Swivel","DevaForm","LessonLearned","EmptyFist","Indignation","Decay"],"relics":["Fusion Hammer","Pantograph","Ancient Tea Set","VioletLotus"],"acts_visited":["Exordium","TheCity"],"potions_floor_usage":[18,23],"damage_taken":[{"damage":2.0,"enemies":"Small Slimes","floor":1.0,"turns":6.0},{"damage":0.0,"enemies":"Cultist","floor":3.0,"turns":4.0},{"damage":0.0,"enemies":"Jaw Worm","floor":5.0,"turns":2.0},{"damage":17.0,"enemies":"3 Sentries","floor":7.0,"turns":5.0},{"damage":12,"enemies":"2 Fungi Beasts","floor":10,"turns":3},{"damage":15,"enemies":"3 Louse","floor":11,"turns":3},{"damage":0,"enemies":"Gremlin Nob","floor":12,"turns":2},{"damage":10,"enemies":"Large Slime","floor":14,"turns":4},{"damage":18,"enemies":"Slime Boss","floor":16,"turns":6},{"damage":14,"enemies":"Shell Parasite","floor":18,"turns":3},{"damage":22,"enemies":"Spheric Guardian","floor":19,"turns":4},{"damage":26,"enemies":"Slavers","floor":23,"turns":2}],"seed_played":"-4130418062873986349","potions_obtained":[{"floor":3.0,"key":"Swift Potion"},{"floor":5.0,"key":"Regen Potion"}],"is_trial":false,"path_per_floor":["M","?","M","$","M","R","E","?","T","M","M","E","$","M","R","B",null,"M","M","?","?","?","E"],"character_chosen":"WATCHER","items_purchased":["BattleHymn"],"campfire_rested":2,"item_purchase_floors":[4],"current_hp_per_floor":[59,59,59,59,59,68,51,51,51,39,24,24,24,14,34,41,61,47,25,25,25,25,4,4],"gold":98,"neow_bonus":"BOSS_RELIC","is_daily":false,"chose_seed":false,"campfire_upgraded":0,"win_rate":0.0,"timestamp":1611119974,"path_taken":["M","?","M","$","?","R","E","?","T","M","M","E","$","M","R","BOSS","M","M","?","?","?","E"],"items_purchased_type":["Card"],"build_version":"2020-12-22","purchased_purges":1,"victory":false,"max_hp_per_floor":[68,68,68,68,68,68,68,68,68,68,68,68,68,68,68,68,68,68,68,68,68,68,68,68],"card_choices":[{"not_picked":["FlurryOfBlows","Conclude"],"picked":"FollowUp","floor":1.0},{"not_picked":["Indignation","ThirdEye"],"picked":"ForeignInfluence","floor":3.0},{"not_picked":["SignatureMove","ThirdEye"],"picked":"Adaptation","floor":5.0},{"not_picked":["Evaluate","ThirdEye"],"picked":"MentalFortress","floor":7.0},{"not_picked":["EmptyBody","FollowUp","CarveReality"],"picked":"SKIP","floor":10},{"not_picked":["CrushJoints","FollowUp"],"picked":"Swivel","floor":11},{"not_picked":["Weave","Study"],"picked":"DevaForm","floor":12},{"not_picked":["FollowUp","SashWhip","Consecrate"],"picked":"SKIP","floor":14},{"not_picked":["Devotion","SpiritShield"],"picked":"LessonLearned","floor":16},{"not_picked":["PathToVictory","Prostrate"],"picked":"EmptyFist","floor":18},{"not_picked":["Study+1","ThirdEye"],"picked":"Indignation","floor":19}],"player_experience":784597,"relics_obtained":[{"floor":7.0,"key":"Pantograph"},{"floor":12,"key":"Ancient Tea Set"}],"event_choices":[{"damage_healed":0.0,"max_hp_gain":0.0,"max_hp_loss":0.0,"gold_gain":0.0,"event_name":"Upgrade Shrine","player_choice":"Upgraded","floor":2.0,"gold_loss":0.0,"damage_taken":0.0,"cards_upgraded":["Eruption"]},{"cards_removed":["Strike_P"],"damage_healed":0.0,"max_hp_gain":0.0,"max_hp_loss":0.0,"gold_gain":0.0,"event_name":"The Cleric","player_choice":"Card Removal","floor":8.0,"gold_loss":75.0,"damage_taken":0.0},{"cards_removed":["Strike_P"],"damage_healed":0,"gold_gain":0,"player_choice":"Gave Gold","damage_taken":0,"max_hp_gain":0,"max_hp_loss":0,"event_name":"Beggar","floor":20,"gold_loss":75},{"damage_healed":0,"gold_gain":0,"player_choice":"Smashed Altar","damage_taken":0,"max_hp_gain":0,"max_hp_loss":0,"event_name":"Forgotten Altar","floor":21,"gold_loss":0,"cards_obtained":["Decay"]},{"damage_healed":0,"gold_gain":50,"player_choice":"Stole From Cult","damage_taken":0,"max_hp_gain":0,"max_hp_loss":0,"event_name":"Nest","floor":22,"gold_loss":0}],"is_beta":false,"boss_relics":[{"not_picked":["Cursed Key","Sozu"],"picked":"VioletLotus"}],"items_purged_floors":[13],"is_endless":false,"potions_floor_spawned":[3,5,16],"killed_by":"Slavers","ascension_level":20}}