{"host":"640uue19m79c7wbt","time":1611113379,"event":{"mods":["BaseMod","Colored Map","Googly Eyes","Highlight Path","Minty Spire (QoL Compilation)","Quick Restart","StSLib"],"gold_per_floor":[117,117,267,267,11,11,42,93,93,127,3,23,58,75,75,154,154,169,84,98,114,126,126,157,157,205,205,219,219,219,252,252,323,323,342,342,342,97,97,125,125,139,221,239,250,281,281,307,307,307],"floor_reached":51,"language":"ENG","playtime":1762,"items_purged":["Regret","Doubt"],"score":1656,"play_id":"88307738-f68e-4f57-967a-5edb04bc2e60","local_time":"20210119222939","is_ascension_mode":true,"campfire_choices":[{"data":"Skewer","floor":6.0,"key":"SMITH"},{"data":"Noxious Fumes","floor":15.0,"key":"SMITH"},{"data":"After Image","floor":23.0,"key":"SMITH"},{"floor":25.0,"key":"REST"},{"data":"Accuracy","floor":27.0,"key":"SMITH"},{"data":"Accuracy","floor":29.0,"key":"SMITH"},{"data":"Backflip","floor":32.0,"key":"SMITH"},{"data":"Caltrops","floor":41.0,"key":"SMITH"},{"data":"Infinite Blades","floor":49,"key":"SMITH"}],"circlet_count":0,"master_deck":["AscendersBane","Strike_G+1","Strike_G+1","Defend_G","Defend_G","Defend_G","Defend_G","Defend_G","Survivor","Neutralize","Backflip+1","Skewer+1","Accuracy+1","Die Die Die","PiercingWail+1","Noxious Fumes+1","Corpse Explosion+1","Concentrate+1","After Image+1","Crippling Poison+1","Accuracy+1","Accuracy+1","Crippling Poison+1","Blade Dance+1","Adrenaline+1","Storm of Steel+1","Deadly Poison+1","Well Laid Plans+1","Cloak And Dagger+1","Discovery+1","Writhe","Caltrops+1","Infinite Blades+1","Accuracy+1","Night Terror+1"],"relics":["Ring of the Serpent","NeowsBlessing","Pantograph","TwistedFunnel","Mummified Hand","Bag of Marbles","White Beast Statue","Toxic Egg 2","Incense Burner","Art of War","Tiny Chest","Centennial Puzzle","MutagenicStrength","Snake Skull","Astrolabe","Ornamental Fan","Bottled Lightning","Darkstone Periapt","Singing Bowl","Eternal Feather","Gremlin Horn"],"acts_visited":["Exordium","TheCity","TheBeyond"],"potions_floor_usage":[46,50,50],"damage_taken":[{"damage":0.0,"enemies":"2 Louse","floor":1.0,"turns":1.0},{"damage":0.0,"enemies":"3 Sentries","floor":7.0,"turns":1.0},{"damage":0.0,"enemies":"Lagavulin","floor":10.0,"turns":1.0},{"damage":4.0,"enemies":"Jaw Worm","floor":12.0,"turns":3.0},{"damage":0.0,"enemies":"Gremlin Nob","floor":13.0,"turns":3.0},{"damage":0.0,"enemies":"Small Slimes","floor":14.0,"turns":1.0},{"damage":30.0,"enemies":"The Guardian","floor":16.0,"turns":7.0},{"damage":0.0,"enemies":"Chosen","floor":18.0,"turns":5.0},{"damage":10.0,"enemies":"Spheric Guardian","floor":20.0,"turns":6.0},{"damage":6.0,"enemies":"Snake Plant","floor":21.0,"turns":4.0},{"damage":7.0,"enemies":"Cultist and Chosen","floor":22.0,"turns":4.0},{"damage":20.0,"enemies":"Book of Stabbing","floor":24.0,"turns":6.0},{"damage":0.0,"enemies":"Centurion and Healer","floor":28.0,"turns":2.0},{"damage":0.0,"enemies":"Slavers","floor":31.0,"turns":3.0},{"damage":21.0,"enemies":"Collector","floor":33.0,"turns":6.0},{"damage":7.0,"enemies":"3 Darklings","floor":35.0,"turns":3.0},{"damage":5.0,"enemies":"Giant Head","floor":40.0,"turns":6.0},{"damage":0.0,"enemies":"Orb Walker","floor":42.0,"turns":3.0},{"damage":4.0,"enemies":"Jaw Worm Horde","floor":44.0,"turns":2.0},{"damage":0.0,"enemies":"Sphere and 2 Shapes","floor":45.0,"turns":3.0},{"damage":0,"enemies":"Reptomancer","floor":46,"turns":2},{"damage":8,"enemies":"Nemesis","floor":48,"turns":3},{"damage":47,"enemies":"Awakened One","floor":50,"turns":6}],"seed_played":"3667645788686072302","potions_obtained":[{"floor":10.0,"key":"Strength Potion"},{"floor":12.0,"key":"SneckoOil"},{"floor":13.0,"key":"Explosive Potion"},{"floor":14.0,"key":"Fruit Juice"},{"floor":16.0,"key":"Explosive Potion"},{"floor":18.0,"key":"BlessingOfTheForge"},{"floor":20.0,"key":"Regen Potion"},{"floor":21.0,"key":"Energy Potion"},{"floor":22.0,"key":"LiquidMemories"},{"floor":24.0,"key":"AttackPotion"},{"floor":28.0,"key":"Dexterity Potion"},{"floor":31.0,"key":"GamblersBrew"},{"floor":33.0,"key":"LiquidBronze"},{"floor":45.0,"key":"CunningPotion"},{"floor":46,"key":"PowerPotion"}],"is_trial":false,"path_per_floor":["M","?","?","?","$","R","E","T","T","E","$","M","E","M","R","B",null,"M","?","M","M","M","R","E","R","T","R","M","R","?","E","R","B",null,"M","?","?","$","T","E","R","M","T","M","M","E","?","E","R","B",null],"character_chosen":"THE_SILENT","items_purchased":["TwistedFunnel","Skewer","PiercingWail+1","Ornamental Fan"],"campfire_rested":1,"item_purchase_floors":[5,5,11,38],"current_hp_per_floor":[59,39,39,39,39,39,39,39,39,39,39,35,35,40,40,35,62,62,62,52,60,53,53,33,54,54,54,54,54,54,54,54,50,66,59,59,71,71,71,66,66,66,66,64,66,66,66,60,77,30],"gold":307,"neow_bonus":"THREE_ENEMY_KILL","is_daily":false,"chose_seed":false,"campfire_upgraded":8,"win_rate":0.0,"timestamp":1611113379,"path_taken":["M","?","?","?","$","R","E","?","T","E","?","M","E","M","R","BOSS","M","?","M","M","M","R","E","R","T","R","M","R","?","E","R","BOSS","M","?","?","$","?","E","R","?","T","M","M","E","?","E","R","BOSS"],"items_purchased_type":["Relic","Card","Card","Relic"],"build_version":"2020-12-22","purchased_purges":2,"victory":true,"max_hp_per_floor":[66,66,66,66,66,66,66,66,66,66,66,66,66,71,71,71,71,71,71,71,71,71,71,71,71,71,71,71,71,71,71,71,71,71,71,71,71,71,71,71,71,71,71,73,75,75,75,77,77,77],"card_choices":[{"not_picked":["Bane","Flying Knee"],"picked":"Backflip","floor":1.0},{"not_picked":["Poisoned Stab","Calculated Gamble"],"picked":"Accuracy","floor":7.0},{"not_picked":["Prepared+1","Sucker Punch"],"picked":"Die Die Die","floor":10.0},{"not_picked":["Acrobatics+1","Prepared+1"],"picked":"Noxious Fumes","floor":12.0},{"not_picked":["Noxious Fumes","Dagger Spray"],"picked":"Corpse Explosion+1","floor":13.0},{"not_picked":["Flying Knee","Dagger Spray"],"picked":"Concentrate+1","floor":14.0},{"not_picked":["Glass Knife","Die Die Die"],"picked":"After Image","floor":16.0},{"not_picked":["Masterful Stab","Calculated Gamble+1"],"picked":"Crippling Poison+1","floor":18.0},{"not_picked":["Prepared+1","Sucker Punch"],"picked":"Accuracy","floor":20.0},{"not_picked":["Infinite Blades+1","Reflex+1"],"picked":"Accuracy+1","floor":21.0},{"not_picked":["Dagger Throw","Prepared+1"],"picked":"Crippling Poison+1","floor":22.0},{"not_picked":["Dodge and Roll+1","Deflect+1"],"picked":"Blade Dance+1","floor":24.0},{"not_picked":["Heel Hook","Deflect+1"],"picked":"Adrenaline+1","floor":28.0},{"not_picked":["Dagger Throw","Dodge and Roll+1","Quick Slash"],"picked":"SKIP","floor":31.0},{"not_picked":["Adrenaline+1","Glass Knife"],"picked":"Storm of Steel+1","floor":33.0},{"not_picked":["Dagger Spray","Quick Slash","Skewer+1"],"picked":"SKIP","floor":35.0},{"not_picked":["Dagger Spray","Quick Slash","Skewer+1"],"picked":"SKIP","floor":35.0},{"not_picked":["Panacea+1","The Bomb+1"],"picked":"Discovery+1","floor":36.0},{"not_picked":["Choke","PiercingWail+1"],"picked":"Caltrops","floor":40.0},{"not_picked":["Expertise+1","Backflip+1"],"picked":"Infinite Blades","floor":42.0},{"not_picked":["Heel Hook","Eviscerate+1","Flying Knee"],"picked":"Singing Bowl","floor":44.0},{"not_picked":["Dagger Throw","Distraction+1","Dodge and Roll+1"],"picked":"Singing Bowl","floor":45.0},{"not_picked":["Backflip+1","Expertise+1"],"picked":"Accuracy+1","floor":46},{"not_picked":["Flying Knee","Leg Sweep+1","Calculated Gamble+1"],"picked":"Singing Bowl","floor":48}],"player_experience":621318,"relics_obtained":[{"floor":7.0,"key":"Mummified Hand"},{"floor":8.0,"key":"Bag of Marbles"},{"floor":9.0,"key":"White Beast Statue"},{"floor":10.0,"key":"Toxic Egg 2"},{"floor":13.0,"key":"Incense Burner"},{"floor":24.0,"key":"Tiny Chest"},{"floor":26.0,"key":"Centennial Puzzle"},{"floor":31.0,"key":"Snake Skull"},{"floor":39.0,"key":"Bottled Lightning"},{"floor":40.0,"key":"Darkstone Periapt"},{"floor":43.0,"key":"Singing Bowl"},{"floor":46,"key":"Eternal Feather"},{"floor":48,"key":"Gremlin Horn"}],"event_choices":[{"damage_healed":0.0,"max_hp_gain":0.0,"max_hp_loss":0.0,"gold_gain":0.0,"event_name":"Shining Light","player_choice":"Entered Light","floor":2.0,"gold_loss":0.0,"damage_taken":20.0,"cards_upgraded":["Strike_G","Strike_G"]},{"damage_healed":0.0,"max_hp_gain":0.0,"max_hp_loss":0.0,"gold_gain":150.0,"event_name":"Liars Game","player_choice":"AGREE","floor":3.0,"gold_loss":0.0,"damage_taken":0.0,"cards_obtained":["Doubt"]},{"damage_healed":0.0,"max_hp_gain":0.0,"max_hp_loss":0.0,"gold_gain":0.0,"event_name":"Big Fish","player_choice":"Box","floor":4.0,"gold_loss":0.0,"damage_taken":0.0,"relics_obtained":["Pantograph"],"cards_obtained":["Regret"]},{"damage_healed":0.0,"max_hp_gain":0.0,"max_hp_loss":0.0,"gold_gain":0.0,"event_name":"Addict","player_choice":"Obtained Relic","floor":19.0,"gold_loss":85.0,"damage_taken":0.0,"relics_obtained":["Art of War"]},{"damage_healed":0.0,"max_hp_gain":0.0,"max_hp_loss":0.0,"gold_gain":0.0,"event_name":"Drug Dealer","player_choice":"Inject Mutagens","floor":30.0,"gold_loss":0.0,"damage_taken":0.0,"relics_obtained":["MutagenicStrength"]},{"damage_healed":0.0,"max_hp_gain":0.0,"max_hp_loss":0.0,"gold_gain":0.0,"event_name":"SensoryStone","player_choice":"Memory 1","floor":36.0,"gold_loss":0.0,"damage_taken":0.0},{"damage_healed":14.0,"max_hp_gain":0.0,"max_hp_loss":0.0,"gold_gain":0.0,"event_name":"Winding Halls","player_choice":"Writhe","floor":37.0,"gold_loss":0.0,"damage_taken":0.0,"cards_obtained":["Writhe"]},{"damage_healed":0,"gold_gain":0,"player_choice":"1 cards matched","damage_taken":0,"max_hp_gain":0,"max_hp_loss":0,"event_name":"Match and Keep!","floor":47,"gold_loss":0,"cards_obtained":["Night Terror"]}],"is_beta":false,"boss_relics":[{"not_picked":["Philosopher\u0027s Stone","SlaversCollar"],"picked":"Ring of the Serpent"},{"not_picked":["Snecko Eye","Pandora\u0027s Box"],"picked":"Astrolabe"}],"items_purged_floors":[5,11],"is_endless":false,"potions_floor_spawned":[10,12,13,14,16,18,20,21,22,24,28,31,33,35,40,42,44,45,46,48],"ascension_level":15}}