{"host":"qxeepl7ydvsgmfdb","time":1611152431,"event":{"mods":["AchievementEnabler","BaseMod","Colored Powertips","Minty Spire (QoL Compilation)","Quick Restart","slay the spire mod where everything is the same but ironclad has a cowboy hat"],"gold_per_floor":[162,11,11,11,25,25,52,72,99,99,118,128,128,77,77,182,182,202,222,78,3,3,3,31,31,31,6,17,17,17],"floor_reached":29,"language":"ENG","playtime":1298,"items_purged":["Strike_G"],"score":387,"play_id":"8c7ffdf4-356b-4bf7-a37f-3e06514801f4","local_time":"20210120092031","is_ascension_mode":true,"campfire_choices":[{"data":"Footwork","floor":6,"key":"SMITH"},{"floor":10,"key":"REST"},{"floor":15,"key":"REST"},{"floor":23,"key":"REST"},{"floor":25,"key":"REST"}],"circlet_count":0,"master_deck":["AscendersBane","Strike_G","Strike_G","Strike_G+1","Defend_G","Defend_G","Defend_G","Defend_G","Survivor","Neutralize","Blade Dance","Footwork+1","Backstab","Distraction","Corpse Explosion","Catalyst","Dagger Spray","Phantasmal Killer","Cloak And Dagger","Poisoned Stab","Blade Dance","Blade Dance","Deadly Poison","Deadly Poison"],"relics":["Tiny House","Vajra","Dream Catcher","Strawberry","Anchor","Pear","Philosopher\u0027s Stone","The Specimen","Regal Pillow"],"acts_visited":["Exordium","TheCity"],"potions_floor_usage":[16,16,24,24,24,29],"damage_taken":[{"damage":4,"enemies":"Jaw Worm","floor":1,"turns":4},{"damage":0,"enemies":"Small Slimes","floor":5,"turns":3},{"damage":38,"enemies":"Gremlin Nob","floor":7,"turns":6},{"damage":0,"enemies":"Cultist","floor":8,"turns":2},{"damage":21,"enemies":"Exordium Thugs","floor":11,"turns":6},{"damage":10,"enemies":"Exordium Wildlife","floor":12,"turns":5},{"damage":40,"enemies":"The Guardian","floor":16,"turns":12},{"damage":27,"enemies":"Shell Parasite","floor":18,"turns":5},{"damage":34,"enemies":"3 Byrds","floor":19,"turns":3},{"damage":45,"enemies":"Book of Stabbing","floor":24,"turns":5},{"damage":33,"enemies":"Shelled Parasite and Fungi","floor":28,"turns":4},{"damage":8,"enemies":"Snake Plant","floor":29,"turns":2}],"seed_played":"6399835298748333224","potions_obtained":[{"floor":0,"key":"DuplicationPotion"},{"floor":5,"key":"Poison Potion"},{"floor":11,"key":"ColorlessPotion"},{"floor":16,"key":"Weak Potion"},{"floor":22,"key":"Regen Potion"},{"floor":22,"key":"Fire Potion"},{"floor":28,"key":"DistilledChaos"}],"is_trial":false,"path_per_floor":["M","$","?","?","M","R","E","M","T","R","M","M","T","$","R","B",null,"M","M","$","?","?","R","E","R","T","$","M","M"],"character_chosen":"THE_SILENT","items_purchased":["Vajra","Dagger Spray","Poisoned Stab","Blade Dance","Deadly Poison"],"campfire_rested":4,"item_purchase_floors":[2,14,20,20,27],"current_hp_per_floor":[64,64,57,57,57,57,26,26,26,50,29,19,29,29,56,16,73,46,12,12,12,12,39,8,35,35,35,2,0,0],"gold":17,"neow_bonus":"BOSS_RELIC","is_daily":false,"chose_seed":false,"campfire_upgraded":1,"win_rate":0.0,"timestamp":1611152431,"path_taken":["M","$","?","?","M","R","E","M","T","R","?","M","?","?","R","BOSS","M","M","$","?","?","R","E","R","T","$","M","M"],"items_purchased_type":["Relic","Card","Card","Card","Card"],"build_version":"2020-12-22","purchased_purges":1,"victory":false,"max_hp_per_floor":[75,75,75,75,75,75,82,82,82,82,82,82,92,92,92,92,92,92,92,92,92,92,92,92,92,92,92,92,92,92],"card_choices":[{"not_picked":["Quick Slash","Dodge and Roll"],"picked":"Blade Dance","floor":0},{"not_picked":["Sucker Punch","Predator","Crippling Poison"],"picked":"SKIP","floor":1},{"not_picked":["Underhanded Strike","Concentrate"],"picked":"Footwork","floor":5},{"not_picked":["Dodge and Roll","Backflip"],"picked":"Backstab","floor":7},{"not_picked":["Cloak And Dagger","Flying Knee"],"picked":"Distraction","floor":8},{"not_picked":["Calculated Gamble","Dodge and Roll"],"picked":"Corpse Explosion","floor":10},{"not_picked":["Tactician","Footwork"],"picked":"Catalyst","floor":11},{"not_picked":["Bane","Flying Knee","Dagger Throw"],"picked":"SKIP","floor":12},{"not_picked":["Glass Knife","Adrenaline"],"picked":"Phantasmal Killer","floor":16},{"not_picked":["Prepared","Outmaneuver+1"],"picked":"Cloak And Dagger","floor":18},{"not_picked":["Sucker Punch+1","Skewer+1","Flechettes+1"],"picked":"SKIP","floor":19},{"not_picked":["Terror","Setup"],"picked":"Blade Dance","floor":23},{"not_picked":["Prepared+1","Blur"],"picked":"Deadly Poison","floor":24},{"not_picked":["Blur","Quick Slash+1","Riddle With Holes+1"],"picked":"SKIP","floor":28}],"player_experience":191168,"relics_obtained":[{"floor":7,"key":"Strawberry"},{"floor":9,"key":"Anchor"},{"floor":13,"key":"Pear"},{"floor":24,"key":"The Specimen"},{"floor":26,"key":"Regal Pillow"}],"event_choices":[{"cards_removed":["Strike_G"],"damage_healed":0,"gold_gain":0,"player_choice":"Card Removal","damage_taken":7,"max_hp_gain":0,"max_hp_loss":0,"event_name":"Golden Wing","floor":3,"gold_loss":0},{"damage_healed":0,"gold_gain":0,"player_choice":"Gave Potion","damage_taken":0,"relics_obtained":["Dream Catcher"],"max_hp_gain":0,"max_hp_loss":0,"event_name":"WeMeetAgain","floor":4,"gold_loss":0},{"cards_removed":["Defend_G"],"damage_healed":0,"gold_gain":0,"player_choice":"Gave Gold","damage_taken":0,"max_hp_gain":0,"max_hp_loss":0,"event_name":"Beggar","floor":21,"gold_loss":75},{"damage_healed":0,"gold_gain":0,"player_choice":"Got Potions","damage_taken":0,"max_hp_gain":0,"max_hp_loss":0,"event_name":"Lab","floor":22,"gold_loss":0}],"is_beta":false,"boss_relics":[{"not_picked":["Velvet Choker","Sozu"],"picked":"Philosopher\u0027s Stone"}],"items_purged_floors":[20],"is_endless":false,"potions_floor_spawned":[5,11,16,28],"killed_by":"Snake Plant","ascension_level":10}}