{"host":"rolltorest","time":1611183567,"event":{"mods":["BaseMod","Minty Spire (QoL Compilation)","Relic Stats","Slay the Relics Exporter","StSLib"],"gold_per_floor":[113,133,133,150,170,199,274,274,299,324,341,368,32,0,0,73,73,87,87,87,100,100,100,100,100],"floor_reached":24,"language":"ENG","playtime":552,"items_purged":[],"score":528,"play_id":"b5771f42-d08c-44c3-8fab-21a1b5f66367","local_time":"20210120145927","is_ascension_mode":true,"campfire_choices":[{"data":"Clothesline","floor":8,"key":"SMITH"},{"data":"Evolve","floor":15,"key":"SMITH"},{"data":"Fiend Fire","floor":23,"key":"SMITH"}],"circlet_count":0,"master_deck":["AscendersBane","Strike_R+1","Strike_R","Strike_R+1","Strike_R","Defend_R","Defend_R","Defend_R","Defend_R","Bash","Clothesline+1","Dropkick","Thunderclap","Clothesline","Offering","True Grit","Feel No Pain","Evolve+1","Battle Trance","Fiend Fire+1"],"relics":["Mark of Pain","Vajra","Whetstone","Potion Belt","Oddly Smooth Stone","Toy Ornithopter","Snecko Eye"],"acts_visited":["Exordium","TheCity"],"potions_floor_usage":[16,16,18,24,24],"damage_taken":[{"damage":3,"enemies":"Small Slimes","floor":1,"turns":4},{"damage":4,"enemies":"Cultist","floor":2,"turns":3},{"damage":2,"enemies":"Jaw Worm","floor":4,"turns":3},{"damage":4,"enemies":"Large Slime","floor":5,"turns":4},{"damage":6,"enemies":"Gremlin Nob","floor":6,"turns":3},{"damage":16,"enemies":"Lagavulin","floor":10,"turns":5},{"damage":10,"enemies":"3 Louse","floor":11,"turns":3},{"damage":19,"enemies":"3 Sentries","floor":12,"turns":6},{"damage":6,"enemies":"Slime Boss","floor":16,"turns":6},{"damage":11,"enemies":"Spheric Guardian","floor":18,"turns":3},{"damage":6,"enemies":"Chosen","floor":21,"turns":2},{"damage":59,"enemies":"Slavers","floor":24,"turns":6}],"seed_played":"7502649420880610743","potions_obtained":[{"floor":4,"key":"Dexterity Potion"},{"floor":5,"key":"SkillPotion"},{"floor":11,"key":"Energy Potion"},{"floor":12,"key":"Strength Potion"},{"floor":22,"key":"ElixirPotion"},{"floor":22,"key":"Regen Potion"}],"is_trial":false,"path_per_floor":["M","M","?","M","M","E","?","R","T","E","M","E","$","?","R","B",null,"M","?","?","M","?","R","E"],"character_chosen":"IRONCLAD","items_purchased":["Evolve","Battle Trance","Toy Ornithopter"],"campfire_rested":0,"item_purchase_floors":[13,13,13],"current_hp_per_floor":[65,61,61,59,55,49,49,49,49,33,23,4,4,4,4,8,58,52,52,52,46,46,46,12,12],"gold":100,"neow_bonus":"BOSS_RELIC","is_daily":false,"chose_seed":false,"campfire_upgraded":3,"win_rate":0.0,"timestamp":1611183567,"path_taken":["M","M","?","?","M","E","?","R","T","E","M","E","$","?","R","BOSS","M","?","?","?","?","R","E"],"items_purchased_type":["Card","Card","Relic"],"build_version":"2020-12-18","purchased_purges":0,"victory":false,"max_hp_per_floor":[75,75,75,75,75,75,75,75,75,75,75,75,75,75,75,75,75,75,75,75,75,75,75,75,75],"relic_stats":{"counters":[12,48],"Snecko Eye":[10,21,19,19],"Whetstone":["Strike_R","Strike_R"],"obtain_stats":[{"Potion Belt":10,"Vajra":6,"Oddly Smooth Stone":12,"Snecko Eye":17,"Mark of Pain":0,"Whetstone":9,"Burning Blood":0,"Toy Ornithopter":13},{"Potion Belt":6,"Vajra":5,"Oddly Smooth Stone":8,"Snecko Eye":9,"Mark of Pain":0,"Whetstone":5,"Burning Blood":0,"Toy Ornithopter":8},{"Potion Belt":22,"Vajra":17,"Oddly Smooth Stone":31,"Snecko Eye":37,"Mark of Pain":0,"Whetstone":17,"Burning Blood":0,"Toy Ornithopter":31}],"Toy Ornithopter":25},"card_choices":[{"not_picked":["Headbutt","Feel No Pain"],"picked":"Clothesline","floor":1},{"not_picked":["Iron Wave","Rupture"],"picked":"Dropkick","floor":2},{"not_picked":["Body Slam","Clothesline"],"picked":"Thunderclap","floor":4},{"not_picked":["Armaments","Feel No Pain"],"picked":"Clothesline","floor":5},{"not_picked":["Rupture","Intimidate"],"picked":"Offering","floor":6},{"not_picked":["Clash","Whirlwind"],"picked":"True Grit","floor":10},{"not_picked":["Havoc","Perfected Strike","Sword Boomerang"],"picked":"SKIP","floor":11},{"not_picked":["Uppercut","Pommel Strike"],"picked":"Feel No Pain","floor":12},{"not_picked":["Brutality","Barricade"],"picked":"Fiend Fire","floor":16},{"not_picked":["Perfected Strike","Iron Wave","Wild Strike"],"picked":"SKIP","floor":18},{"not_picked":["Hemokinesis","Flex","Clash"],"picked":"SKIP","floor":21}],"player_experience":1744270,"relics_obtained":[{"floor":6,"key":"Vajra"},{"floor":9,"key":"Whetstone"},{"floor":10,"key":"Potion Belt"},{"floor":12,"key":"Oddly Smooth Stone"}],"event_choices":[{"damage_healed":0,"gold_gain":0,"player_choice":"0 cards matched","damage_taken":0,"max_hp_gain":0,"max_hp_loss":0,"event_name":"Match and Keep!","floor":3,"gold_loss":0,"cards_obtained":[]},{"damage_healed":0,"gold_gain":75,"player_choice":"Gained Gold","damage_taken":0,"max_hp_gain":0,"max_hp_loss":0,"event_name":"Golden Wing","floor":7,"gold_loss":0},{"damage_healed":0,"gold_gain":0,"player_choice":"Left Gold","damage_taken":0,"max_hp_gain":0,"max_hp_loss":0,"event_name":"World of Goop","floor":14,"gold_loss":32},{"damage_healed":0,"gold_gain":0,"player_choice":"Ignored","damage_taken":0,"max_hp_gain":0,"max_hp_loss":0,"event_name":"Ghosts","floor":19,"gold_loss":0},{"cards_removed":["Strike_R"],"damage_healed":0,"gold_gain":0,"player_choice":"Purged","damage_taken":0,"max_hp_gain":0,"max_hp_loss":0,"event_name":"Purifier","floor":20,"gold_loss":0},{"damage_healed":0,"gold_gain":0,"player_choice":"Got Potions","damage_taken":0,"max_hp_gain":0,"max_hp_loss":0,"event_name":"Lab","floor":22,"gold_loss":0}],"is_beta":true,"boss_relics":[{"not_picked":["Runic Pyramid","Fusion Hammer"],"picked":"Snecko Eye"}],"items_purged_floors":[],"is_endless":false,"potions_floor_spawned":[4,5,6,11,12],"killed_by":"Slavers","ascension_level":20}}