{"host":"jcx3r2rqknwp5xpf","time":1611175931,"event":{"mods":["2.2 Compatiblity","AchievementEnabler","Act Like it!","Bard","BaseMod","Elementarium","Fireblade Mod","Gremlin Mod","Hallownest","Hermit","Jorbs\u0027s Wanderer Trilogy","Menagerie","Minty Spire (QoL Compilation)","Pale of the Ancients","Somnambulant","StSLib","The Blackbeard","The Bug Knight","The Construct","The Cursed","The Disciple","The Druid","The Hierophant","The Mystic","The Runesmith","The Showman"],"gold_per_floor":[116,129,129,129,143,177,202,245,316,354,354,354,354,382,382,511,511,540,590,625,203,226,226,255,296,296,7,37,68,68,123,123,242,242,292,207,230,22,45,45,45,76,103,103,167,193,253,292,292,292,292,292,18,79,79],"floor_reached":56,"language":"ENG","playtime":6048,"items_purged":["Injury"],"score":1274,"play_id":"fd1d01c1-4a95-47c9-9a6e-f613d0d190c0","local_time":"20210120155211","is_ascension_mode":false,"campfire_choices":[{"floor":13.0,"key":"RECALL"},{"data":"TalkToTheHand","floor":15.0,"key":"SMITH"},{"data":"MentalFortress","floor":23.0,"key":"SMITH"},{"floor":30.0,"key":"REST"},{"floor":32.0,"key":"REST"},{"floor":40,"key":"REST"},{"data":"Wish","floor":44,"key":"SMITH"},{"floor":49,"key":"REST"},{"data":"Omniscience","floor":52,"key":"SMITH"}],"circlet_count":0,"master_deck":["Eruption+1","Vigilance","CrushJoints","WheelKick","Menagerie:Languish","Perseverance","Judgement+1","CarveReality","TalkToTheHand+1","DevaForm+1","Pray","MasterReality","Protect+1","MentalFortress+1","Crescendo","CrushJoints","Worship","WaveOfTheHand+1","FlurryOfBlows+1","Wireheading+1","EmptyMind+1","CrushJoints+1","Pray+1","Wireheading","LessonLearned","Tantrum","Omniscience+1","Pray","Study","TalkToTheHand","WindmillStrike","Wish+1","EmptyFist","DeusExMachina","ReachHeaven+1","Hallownest:skillKingdomsEdgeMap","CutThroughFate+1","EmptyFist","FlurryOfBlows+1","EmptyFist+1","FearNoEvil+1","WaveOfTheHand+1","Nirvana","Prostrate"],"relics":["PureWater","Golden Idol","War Paint","Runesmith:Locket","TeardropLocket","Bag of Marbles","Menagerie:HuntersKnife","Pandora\u0027s Box","Thread and Needle","Lantern","Potion Belt","Elementarium:ElementariumTrophy","SlaversCollar","Toy Ornithopter","Nunchaku","Blood Vial","Bag of Preparation","ClockworkSouvenir","Pen Nib"],"acts_visited":["Exordium","Menagerie:Menagerie","Elementarium:Elementarium","TheEnding"],"potions_floor_usage":[33,35,39,42,54,55,55,55,55,55,55,55,55],"damage_taken":[{"damage":0.0,"enemies":"Menagerie:StygianBoar","floor":1.0,"turns":2.0},{"damage":0.0,"enemies":"Menagerie:2_RABBITS","floor":2.0,"turns":2.0},{"damage":6.0,"enemies":"Menagerie:MonstrousExperiment","floor":5.0,"turns":4.0},{"damage":13.0,"enemies":"Menagerie:VoidReaper","floor":6.0,"turns":5.0},{"damage":0.0,"enemies":"Menagerie:RedMage","floor":7.0,"turns":4.0},{"damage":8.0,"enemies":"Menagerie:MaskedSummoner","floor":8.0,"turns":10.0},{"damage":5.0,"enemies":"Menagerie:VoidReaper","floor":10.0,"turns":5.0},{"damage":0.0,"enemies":"Menagerie:MENAGERIE_WILDLIFE","floor":14.0,"turns":3.0},{"damage":18.0,"enemies":"Menagerie:AVATARS","floor":16.0,"turns":5.0},{"damage":2.0,"enemies":"Elementarium:Cyclone","floor":18.0,"turns":6.0},{"damage":2.0,"enemies":"Menagerie:AVATARS","floor":20.0,"turns":6.0},{"damage":0.0,"enemies":"Elementarium:2_ELEMENTALS","floor":22.0,"turns":1.0},{"damage":1.0,"enemies":"Elementarium:STONE_GOLEMS","floor":24.0,"turns":2.0},{"damage":26.0,"enemies":"Elementarium:FIRE_NOBILITY","floor":25.0,"turns":9.0},{"damage":0.0,"enemies":"Elementarium:RubyGolem","floor":28.0,"turns":4.0},{"damage":0.0,"enemies":"Elementarium:VOID_CORRUPTION_AND_TAR_GOLEM","floor":29.0,"turns":7.0},{"damage":15.0,"enemies":"Elementarium:VoidBeast","floor":31.0,"turns":6.0},{"damage":4,"enemies":"Elementarium:GolemEmperor","floor":33,"turns":10},{"damage":34,"enemies":"Hallownest:2_Littles","floor":35,"turns":5},{"damage":16,"enemies":"Hallownest:Shield_Heavy","floor":37,"turns":5},{"damage":11,"enemies":"Hallownest:Shield_Sturdy","floor":39,"turns":4},{"damage":6,"enemies":"Hallownest:eliteHiveKnight","floor":42,"turns":5},{"damage":16,"enemies":"Hallownest:StalkingDevout","floor":45,"turns":9},{"damage":4,"enemies":"Hallownest:monsterPrimalAspid","floor":46,"turns":6},{"damage":1,"enemies":"Hallownest:2_Soldiers_and_1_Guardian","floor":47,"turns":4},{"damage":0,"enemies":"Hallownest:2_Wing_and_1_Kings","floor":48,"turns":7},{"damage":16,"enemies":"Hallownest:BossHollowKnight","floor":50,"turns":6},{"damage":24,"enemies":"Shield and Spear","floor":54,"turns":7},{"damage":37,"enemies":"The Heart","floor":55,"turns":8}],"seed_played":"8547112072110020806","potions_obtained":[{"floor":6.0,"key":"PowerPotion"},{"floor":8.0,"key":"BottledMiracle"},{"floor":10.0,"key":"Dexterity Potion"},{"floor":16.0,"key":"SkillPotion"},{"floor":24.0,"key":"PowerPotion"},{"floor":25.0,"key":"AttackPotion"},{"floor":37,"key":"Regen Potion"},{"floor":46,"key":"EntropicBrew"},{"floor":47,"key":"Fire Potion"},{"floor":54,"key":"EssenceOfSteel"}],"is_trial":false,"path_per_floor":["M","M","?","?","M","E","M","E","T","E","?","?","R","M","R","B",null,"M","?","?","$","M","R","M","E","T","$","M","M","R","M","R","B",null,"M","?","M","$","M","R","?","E","T","R","E","M","M","M","R","B",null,"R","$","E","B",null],"character_chosen":"WATCHER","items_purchased":["Pray","Wireheading","LessonLearned","Fire Potion","Study","Potion Belt","TalkToTheHand","Toy Ornithopter","Strength Potion","ClockworkSouvenir","Nirvana","Block Potion"],"campfire_rested":4,"item_purchase_floors":[21,21,21,21,27,27,27,38,38,53,53,53],"current_hp_per_floor":[72,72,72,72,66,53,53,45,45,40,40,40,40,40,40,22,67,65,65,63,63,63,63,62,36,36,36,36,36,56,41,61,57,67,33,33,17,17,23,43,43,42,42,42,28,26,27,29,49,35,67,67,67,48,49],"gold":79,"neow_bonus":"UPGRADE_CARD","is_daily":false,"chose_seed":false,"campfire_upgraded":4,"win_rate":0.0,"timestamp":1611175931,"path_taken":["M","M","?","?","M","E","M","E","T","E","?","?","R","?","R","BOSS","M","?","?","$","M","R","M","E","T","$","?","M","R","M","R","BOSS","M","?","M","?","M","R","?","E","T","R","E","M","?","M","R","BOSS","R","$","E","BOSS"],"items_purchased_type":["Card","Card","Card","Potion","Card","Relic","Card","Relic","Potion","Relic","Card","Potion"],"build_version":"2020-12-22","purchased_purges":1,"victory":true,"max_hp_per_floor":[72,72,72,72,72,72,72,72,72,72,72,67,67,67,67,67,67,67,67,67,67,67,67,67,67,67,67,67,67,67,67,67,67,67,67,67,67,67,67,67,67,67,67,67,67,67,67,67,67,67,67,67,67,67,67],"card_choices":[{"not_picked":["FlurryOfBlows","ClearTheMind"],"picked":"CrushJoints","floor":1.0},{"not_picked":["Consecrate","MentalFortress"],"picked":"WheelKick","floor":2.0},{"not_picked":["Menagerie:LightningBolt","Menagerie:Tinker"],"picked":"Menagerie:Languish","floor":4.0},{"not_picked":["JustLucky","PathToVictory"],"picked":"Perseverance","floor":5.0},{"not_picked":["Prostrate","FlurryOfBlows"],"picked":"Judgement","floor":6.0},{"not_picked":["SashWhip","CutThroughFate"],"picked":"CarveReality","floor":7.0},{"not_picked":["Prostrate","Worship"],"picked":"TalkToTheHand","floor":8.0},{"not_picked":["CrushJoints","Prostrate"],"picked":"DevaForm","floor":10.0},{"not_picked":["InnerPeace","Halt"],"picked":"Pray","floor":14.0},{"not_picked":["Establishment","Vault"],"picked":"MasterReality","floor":16.0},{"not_picked":["Consecrate","ClearTheMind"],"picked":"EmptyMind","floor":18.0},{"not_picked":["Halt","Crescendo+1"],"picked":"CrushJoints+1","floor":20.0},{"not_picked":["ClearTheMind","BowlingBash"],"picked":"Tantrum","floor":22.0},{"not_picked":["DeceiveReality","FollowUp"],"picked":"Omniscience","floor":24.0},{"not_picked":["JustLucky","Halt"],"picked":"Pray","floor":25.0},{"not_picked":["FlyingSleeves","Pray"],"picked":"WindmillStrike","floor":28.0},{"not_picked":["Conclude","Halt"],"picked":"Wish","floor":29.0},{"not_picked":["SashWhip","FollowUp"],"picked":"EmptyFist","floor":31.0},{"not_picked":["Omniscience","Alpha"],"picked":"DeusExMachina","floor":33},{"not_picked":["WreathOfFlame+1","Sanctity+1"],"picked":"ReachHeaven+1","floor":35},{"not_picked":["WaveOfTheHand","Halt"],"picked":"CutThroughFate+1","floor":37},{"not_picked":["Halt","Weave+1"],"picked":"EmptyFist","floor":39},{"not_picked":["Indignation+1","WaveOfTheHand"],"picked":"FlurryOfBlows+1","floor":42},{"not_picked":["Consecrate+1","CutThroughFate"],"picked":"EmptyFist+1","floor":45},{"not_picked":["BowlingBash+1","CarveReality"],"picked":"FearNoEvil","floor":46},{"not_picked":["BowlingBash","PathToVictory+1"],"picked":"WaveOfTheHand+1","floor":47},{"not_picked":["Protect","EmptyFist","SashWhip+1"],"picked":"SKIP","floor":48},{"not_picked":["Worship+1","Study+1"],"picked":"Prostrate","floor":54}],"player_experience":490191,"relics_obtained":[{"floor":6.0,"key":"War Paint"},{"floor":8.0,"key":"Runesmith:Locket"},{"floor":9.0,"key":"TeardropLocket"},{"floor":10.0,"key":"Bag of Marbles"},{"floor":20.0,"key":"Thread and Needle"},{"floor":25.0,"key":"Lantern"},{"floor":42,"key":"Nunchaku"},{"floor":43,"key":"Blood Vial"},{"floor":45,"key":"Bag of Preparation"},{"floor":54,"key":"Pen Nib"}],"event_choices":[{"damage_healed":0.0,"max_hp_gain":0.0,"max_hp_loss":0.0,"gold_gain":0.0,"event_name":"Golden Idol","player_choice":"Take Wound","floor":3.0,"gold_loss":0.0,"damage_taken":0.0,"relics_obtained":["Golden Idol"],"cards_obtained":["Injury"]},{"damage_healed":0.0,"max_hp_gain":0.0,"max_hp_loss":0.0,"gold_gain":0.0,"event_name":"Menagerie:OvergrownLibrary","player_choice":"Peek","floor":4.0,"gold_loss":0.0,"damage_taken":0.0},{"damage_healed":0.0,"max_hp_gain":0.0,"max_hp_loss":0.0,"gold_gain":0.0,"event_name":"Accursed Blacksmith","player_choice":"Forge","floor":11.0,"gold_loss":0.0,"damage_taken":0.0,"cards_upgraded":["DevaForm"]},{"damage_healed":0.0,"max_hp_gain":0.0,"max_hp_loss":5.0,"gold_gain":0.0,"event_name":"Menagerie:BigGameHunter","player_choice":"Take","floor":12.0,"gold_loss":0.0,"damage_taken":0.0,"relics_obtained":["Menagerie:HuntersKnife"]},{"damage_healed":0.0,"max_hp_gain":0.0,"max_hp_loss":0.0,"gold_gain":50.0,"event_name":"Elementarium:StickySituation","player_choice":"Take","floor":19.0,"gold_loss":0.0,"damage_taken":0.0},{"damage_healed":0.0,"max_hp_gain":0.0,"max_hp_loss":0.0,"gold_gain":0.0,"event_name":"Elementarium:BeastsOfTheMenagerie","player_choice":"Follow","floor":20.0,"gold_loss":0.0,"damage_taken":0.0}],"is_beta":false,"boss_relics":[{"not_picked":["Runesmith:UraniumAnvil","Busted Crown"],"picked":"Pandora\u0027s Box"},{"not_picked":["Snecko Eye","Tiny House"],"picked":"SlaversCollar"}],"items_purged_floors":[21],"is_endless":false,"potions_floor_spawned":[6,8,10,16,18,24,25,37,46,47,54],"ascension_level":0}}