{"host":"eejrqhjknvwl59ep","time":1611147575,"event":{"mods":["BaseMod","Defuse TimeMaze Blight","Hubris","Infinite Spire","Minty Spire (QoL Compilation)","StSLib"],"gold_per_floor":[110,110,110,74,74,103,130,130,130,165,63,95,125,13,13,112,112,122,142,142,142,142,169,169,203,203,235,235,264,264,291,291,387,387,400,400,400,500,514,548,548,577,600,600,600,631,631,665,665,766,766,766],"floor_reached":51,"language":"ENG","playtime":3307,"items_purged":["Sentinel"],"score":1136,"play_id":"44230e72-2626-4b61-a441-9f76a68c6b42","local_time":"20210120135935","daily_mods":["Draft","Heirloom","Time Dilation","Flight"],"is_ascension_mode":true,"campfire_choices":[{"floor":8,"key":"REST"},{"data":"Armaments","floor":8,"key":"SMITH"},{"floor":15,"key":"REST"},{"data":"True Grit","floor":15,"key":"SMITH"},{"data":"infinitespire:Execution","floor":28,"key":"SMITH"},{"floor":30,"key":"REST"},{"data":"Fire Breathing","floor":30,"key":"SMITH"},{"floor":32,"key":"REST"},{"data":"Fire Breathing","floor":32,"key":"SMITH"},{"floor":45,"key":"REST"},{"data":"Evolve","floor":45,"key":"SMITH"},{"data":"Evolve","floor":47,"key":"SMITH"},{"floor":49,"key":"REST"},{"data":"Power Through","floor":49,"key":"SMITH"}],"circlet_count":0,"master_deck":["Armaments+1","Shrug It Off","Headbutt","Metallicize+1","Battle Trance","Intimidate","Body Slam","Iron Wave","Sword Boomerang","Twin Strike","Disarm","infinitespire:OneForAll","Fire Breathing+1","Thunderclap","True Grit+1","Evolve+1","Shrug It Off","Fire Breathing+1","Shrug It Off+1","Spot Weakness+1","Writhe","infinitespire:Execution+1","Shrug It Off","Evolve+1","Power Through+1","Immolate","Warcry","infinitespire:Fortify","Reckless Charge+1","Dark Embrace+1","Body Slam+1","Dual Wield+1","Exhume"],"relics":["Burning Blood","infinitespire:Magic Flask","Akabeko","hubris:TenFootPole","hubris:PeanutButter","Dream Catcher","infinitespire:Lucky Rock","Ornamental Fan","hubris:HollowSoul","Gambling Chip","MutagenicStrength","White Beast Statue","infinitespire:PuzzleCube","Ancient Tea Set","Thread and Needle","Turnip","hubris:MedicalManual","Tiny Chest","hubris:VirtuousBlindfold","Girya","Bottled Tornado","Pen Nib","Eternal Feather","PreservedInsect","CaptainsWheel","Art of War","hubris:Backtick","infinitespire:Bottled Soul"],"acts_visited":["Exordium","TheCity","TheBeyond","Exordium"],"potions_floor_usage":[13,16,46],"damage_taken":[{"damage":0,"enemies":"Jaw Worm","floor":1,"turns":3},{"damage":36,"enemies":"Gremlin Nob","floor":6,"turns":6},{"damage":15,"enemies":"3 Sentries","floor":7,"turns":5},{"damage":0,"enemies":"Lagavulin","floor":10,"turns":5},{"damage":8,"enemies":"Gremlin Nob","floor":12,"turns":5},{"damage":0,"enemies":"3 Sentries","floor":13,"turns":5},{"damage":25,"enemies":"Hexaghost","floor":16,"turns":8},{"damage":0,"enemies":"Shell Parasite","floor":18,"turns":1},{"damage":0,"enemies":"Spheric Guardian","floor":19,"turns":8},{"damage":0,"enemies":"Book of Stabbing","floor":23,"turns":6},{"damage":49,"enemies":"Slavers","floor":25,"turns":6},{"damage":0,"enemies":"Book of Stabbing","floor":27,"turns":7},{"damage":0,"enemies":"Nightmare","floor":29,"turns":7},{"damage":16,"enemies":"Slavers","floor":31,"turns":5},{"damage":12,"enemies":"Automaton","floor":33,"turns":11},{"damage":0,"enemies":"3 Shapes","floor":35,"turns":3},{"damage":0,"enemies":"infinitespire:Three Voidlings","floor":38,"turns":1},{"damage":36,"enemies":"Nightmare_Alpha","floor":38,"turns":11},{"damage":0,"enemies":"Orb Walker","floor":39,"turns":4},{"damage":6,"enemies":"Nemesis","floor":40,"turns":5},{"damage":0,"enemies":"Giant Head","floor":42,"turns":7},{"damage":10,"enemies":"Nemesis","floor":46,"turns":5},{"damage":9,"enemies":"Nightmare","floor":48,"turns":5},{"damage":11,"enemies":"Time Eater","floor":50,"turns":6}],"seed_played":"-8851456256611159598","potions_obtained":[{"floor":6,"key":"GamblersBrew"},{"floor":12,"key":"AttackPotion"},{"floor":13,"key":"PowerPotion"},{"floor":16,"key":"FairyPotion"},{"floor":18,"key":"Swift Potion"},{"floor":23,"key":"EssenceOfSteel"},{"floor":29,"key":"PowerPotion"},{"floor":46,"key":"Fruit Juice"},{"floor":48,"key":"ElixirPotion"}],"is_trial":true,"path_per_floor":["M","?","?","$","?","E","E","R","T","E","$","E","E","$","R","B",null,"M","M","?","?","?","E","?","E","T","E","R","NM","R","E","R","B",null,"M","?","?","?","M","E","T","E","T","?","R","E","R","NM","R","B",null],"character_chosen":"IRONCLAD","items_purchased":["Fire Breathing","Evolve","Shrug It Off","Fire Breathing"],"campfire_rested":6,"item_purchase_floors":[4,11,11,14],"current_hp_per_floor":[80,64,64,64,64,34,25,49,49,55,55,53,59,59,80,61,80,80,80,80,70,70,76,76,33,33,39,39,45,69,59,80,74,80,80,80,80,50,56,56,56,62,62,62,80,81,85,82,85,80,85,85],"gold":766,"neow_bonus":"","is_daily":false,"chose_seed":false,"campfire_upgraded":8,"win_rate":0.0,"timestamp":1611147575,"path_taken":["M","?","?","$","?","E","E","R","T","E","$","E","E","$","R","BOSS","M","?","?","?","?","E","?","E","T","E","R","NM","R","E","R","BOSS","M","?","?","?","M","E","?","E","T","?","R","E","R","NM","R","BOSS"],"items_purchased_type":["Card","Card","Card","Card"],"build_version":"2020-12-22","purchased_purges":1,"victory":false,"max_hp_per_floor":[80,80,80,80,80,80,80,80,80,80,80,80,80,80,80,80,80,80,80,80,80,80,80,80,80,80,80,80,80,80,80,80,80,80,80,80,80,80,80,80,80,80,80,80,80,85,85,85,85,85,85,85],"card_choices":[{"not_picked":["Dual Wield","Sever Soul"],"picked":"Armaments","floor":0},{"not_picked":["Anger","Headbutt"],"picked":"Shrug It Off","floor":0},{"not_picked":["Sever Soul","hubris:ReadiedAction"],"picked":"Headbutt","floor":0},{"not_picked":["Dark Embrace","Headbutt"],"picked":"Uppercut","floor":0},{"not_picked":["Entrench","Headbutt"],"picked":"Metallicize","floor":0},{"not_picked":["Infernal Blade","Anger"],"picked":"Battle Trance","floor":0},{"not_picked":["Combust","Uppercut"],"picked":"Warcry","floor":0},{"not_picked":["Flex","Havoc"],"picked":"Intimidate","floor":0},{"not_picked":["Clash","Heavy Blade"],"picked":"Body Slam","floor":0},{"not_picked":["Clash","Dual Wield"],"picked":"Iron Wave","floor":0},{"not_picked":["Blood for Blood","Burning Pact"],"picked":"Sword Boomerang","floor":0},{"not_picked":["Armaments","Rage"],"picked":"Twin Strike","floor":0},{"not_picked":["Havoc","hubris:CleavingFinish"],"picked":"Disarm","floor":0},{"not_picked":["Armaments","Havoc"],"picked":"Sentinel","floor":0},{"not_picked":["Havoc","Anger"],"picked":"Clothesline","floor":0},{"not_picked":["Disarm","Body Slam"],"picked":"infinitespire:OneForAll","floor":1},{"not_picked":["Carnage","hubris:ReadiedAction","Pommel Strike"],"picked":"SKIP","floor":6},{"not_picked":["Seeing Red","Burning Pact"],"picked":"Thunderclap","floor":7},{"not_picked":["Clothesline","hubris:ReadiedAction"],"picked":"True Grit","floor":10},{"not_picked":["Clash","hubris:SharpeningStone","Battle Trance"],"picked":"SKIP","floor":12},{"not_picked":["Clash","Anger","Whirlwind"],"picked":"SKIP","floor":13},{"not_picked":["Uppercut","Armaments"],"picked":"Shrug It Off+1","floor":18},{"not_picked":["Seeing Red","Twin Strike+1"],"picked":"Spot Weakness+1","floor":19},{"not_picked":["infinitespire:UltimateForm","hubris:Rewind"],"picked":"infinitespire:Execution","floor":21},{"not_picked":["Searing Blow","Impervious"],"picked":"Shrug It Off","floor":23},{"not_picked":["Sword Boomerang","hubris:ReadiedAction","Armaments"],"picked":"SKIP","floor":25},{"not_picked":["Searing Blow","Flame Barrier+1","Rage"],"picked":"SKIP","floor":27},{"not_picked":["Armaments","Clash"],"picked":"Evolve","floor":29},{"not_picked":["Ghostly Armor","Armaments","Rampage"],"picked":"SKIP","floor":31},{"not_picked":["Twin Strike+1","Feel No Pain"],"picked":"Power Through","floor":32},{"not_picked":["Fiend Fire","Double Tap"],"picked":"Immolate","floor":33},{"not_picked":["Warcry","Iron Wave+1","Infernal Blade+1"],"picked":"SKIP","floor":35},{"not_picked":["hubris:Rewind","infinitespire:SealOfDarkness+"],"picked":"infinitespire:Fortify","floor":38},{"not_picked":["Ghostly Armor+1","Headbutt+1"],"picked":"Reckless Charge+1","floor":39},{"not_picked":["Disarm+1","Clash+1","Pommel Strike"],"picked":"SKIP","floor":40},{"not_picked":["Second Wind","Cleave","Infernal Blade+1"],"picked":"SKIP","floor":42},{"not_picked":["Heavy Blade","Armaments"],"picked":"Dark Embrace+1","floor":45},{"not_picked":["Burning Pact+1","Fiend Fire"],"picked":"Body Slam+1","floor":46},{"not_picked":["Cleave+1","Anger+1"],"picked":"Dual Wield+1","floor":48},{"not_picked":["Fiend Fire","Bludgeon"],"picked":"Exhume","floor":50}],"player_experience":243271,"relics_obtained":[{"floor":6,"key":"Akabeko"},{"floor":7,"key":"hubris:TenFootPole"},{"floor":9,"key":"hubris:PeanutButter"},{"floor":10,"key":"Dream Catcher"},{"floor":12,"key":"infinitespire:Lucky Rock"},{"floor":13,"key":"Ornamental Fan"},{"floor":23,"key":"White Beast Statue"},{"floor":25,"key":"Ancient Tea Set"},{"floor":26,"key":"Thread and Needle"},{"floor":27,"key":"Turnip"},{"floor":29,"key":"hubris:MedicalManual"},{"floor":31,"key":"Tiny Chest"},{"floor":38,"key":"Girya"},{"floor":40,"key":"Bottled Tornado"},{"floor":41,"key":"Pen Nib"},{"floor":42,"key":"Eternal Feather"},{"floor":43,"key":"PreservedInsect"},{"floor":46,"key":"CaptainsWheel"},{"floor":48,"key":"Art of War"}],"event_choices":[{"damage_healed":0,"gold_gain":0,"player_choice":"Entered Light","damage_taken":16,"max_hp_gain":0,"max_hp_loss":0,"event_name":"Shining Light","floor":2,"gold_loss":0,"cards_upgraded":["Metallicize","Warcry"]},{"cards_removed":["Uppercut"],"damage_healed":0,"gold_gain":0,"player_choice":"Forget","damage_taken":0,"max_hp_gain":0,"max_hp_loss":0,"event_name":"Living Wall","floor":3,"gold_loss":0},{"damage_healed":0,"gold_gain":0,"player_choice":"Bought 0 Potions","damage_taken":0,"max_hp_gain":0,"max_hp_loss":0,"event_name":"The Woman in Blue","floor":5,"gold_loss":0},{"damage_healed":0,"gold_gain":0,"player_choice":"Opened","damage_taken":0,"relics_obtained":["Gambling Chip"],"max_hp_gain":0,"max_hp_loss":0,"event_name":"The Mausoleum","floor":20,"gold_loss":0,"cards_obtained":["Writhe"]},{"damage_healed":0,"gold_gain":0,"player_choice":"Inject Mutagens","damage_taken":0,"relics_obtained":["MutagenicStrength"],"max_hp_gain":0,"max_hp_loss":0,"event_name":"Drug Dealer","floor":22,"gold_loss":0},{"cards_removed":["Warcry"],"damage_healed":0,"gold_gain":0,"player_choice":"Gave Card","damage_taken":0,"relics_obtained":["infinitespire:PuzzleCube"],"max_hp_gain":0,"max_hp_loss":0,"event_name":"WeMeetAgain","floor":24,"gold_loss":0},{"cards_removed":["Clothesline"],"damage_healed":0,"gold_gain":0,"player_choice":"Removed Attack","damage_taken":0,"max_hp_gain":0,"max_hp_loss":0,"event_name":"Falling","floor":36,"gold_loss":0}],"is_beta":false,"boss_relics":[{"not_picked":["Velvet Choker","hubris:RunicObelisk"],"picked":"hubris:HollowSoul"},{"not_picked":["hubris:ScarierMask","infinitespire:Cupcake"],"picked":"hubris:VirtuousBlindfold"},{"not_picked":["Fusion Hammer","Runic Dome"],"picked":"hubris:Backtick"}],"items_purged_floors":[14],"is_endless":true,"potions_floor_spawned":[6,12,13,16,18,23,25,27,29,31,33,35,38,38,39,40,42,46,48,50],"ascension_level":1}}