{"host":"pf9sh7nh6rpu9sau","time":1611168239,"event":{"mods":["2.2 Compatiblity","BaseMod","BetterRewards","Clockwork Mod","Downfall","Hermit","Mad Scientist","Minty Spire (QoL Compilation)","Permanent Neow","Quick Restart","Somnambulant","StSLib","The Clintock","The Cursed","The Disciple","The Hierophant","The Necromancer","The Runesmith"],"gold_per_floor":[99,199,199,214,232,232,232,242,271,283,309,309,309,329,340,445,445,445,460,460,475,177,191,218,218,218,218],"floor_reached":25,"language":"ENG","playtime":2189,"items_purged":["bronze:Strike"],"score":213,"play_id":"89a43940-5137-401f-9c7f-3686fbcb6d52","local_time":"20210120134359","is_ascension_mode":false,"campfire_choices":[{"data":"bronze:Replicate","floor":1,"key":"SMITH"},{"data":"bronze:Constructor","floor":6,"key":"SMITH"},{"data":"bronze:Terminator","floor":12,"key":"SMITH"},{"data":"bronze:Break","floor":18,"key":"SMITH"}],"circlet_count":0,"master_deck":["bronze:Strike","bronze:Strike","bronze:Strike","bronze:Defend","bronze:Defend+1","bronze:Defend","bronze:Defend","bronze:Replicate+1","bronze:Goto","Finesse","bronze:Replicate+1","bronze:Shield","bronze:Constructor+1","bronze:Terminator+1","bronze:Frontload","bronze:BronzeArmor","bronze:Repulsor","bronze:OilSpill","bronze:Break+1","bronze:Turbo","bronze:FineTuning+1","bronze:ItsAFeature","bronze:Invalidate"],"relics":["bronze:BronzeCore","The Courier","Torii","Omamori","Kunai","Sozu","War Paint"],"acts_visited":["Exordium","TheCity"],"potions_floor_usage":[11,16,16,21,23],"damage_taken":[{"damage":0,"enemies":"Cultist","floor":4,"turns":3},{"damage":1,"enemies":"Jaw Worm","floor":5,"turns":3},{"damage":0,"enemies":"2 Louse","floor":8,"turns":2},{"damage":25,"enemies":"3 Sentries","floor":9,"turns":9},{"damage":0,"enemies":"2 Fungi Beasts","floor":10,"turns":4},{"damage":7,"enemies":"Lagavulin","floor":11,"turns":6},{"damage":0,"enemies":"Exordium Thugs","floor":14,"turns":6},{"damage":1,"enemies":"Red Slaver","floor":15,"turns":3},{"damage":7,"enemies":"SI_SHIV_ARCHETYPE","floor":16,"turns":7},{"damage":1,"enemies":"Chosen","floor":19,"turns":4},{"damage":1,"enemies":"3 Byrds","floor":21,"turns":5},{"damage":0,"enemies":"downfall:FleeingMerchant","floor":22,"turns":4},{"damage":28,"enemies":"Snecko","floor":23,"turns":7},{"damage":54,"enemies":"Slavers","floor":25,"turns":4}],"seed_played":"2925148877080643818","potions_obtained":[{"floor":5,"key":"champ:CounterPotion"},{"floor":10,"key":"LiquidBronze"},{"floor":11,"key":"BlessingOfTheForge"},{"floor":14,"key":"ColorlessPotion"},{"floor":15,"key":"DuplicationPotion"},{"floor":16,"key":"sneckomod:MuddlingPotion"}],"is_trial":false,"path_per_floor":["R","?","?","M","M","R","T","M","E","M","E","R","?","M","M","B",null,"R","M","?","M","$","M","T","E"],"character_chosen":"THE_AUTOMATON","items_purchased":["War Paint","bronze:ItsAFeature","bronze:Invalidate"],"campfire_rested":0,"item_purchase_floors":[22,22,22],"current_hp_per_floor":[70,70,70,70,69,69,69,69,44,44,37,37,34,34,33,26,70,70,69,69,68,68,40,40,0,0,0],"gold":218,"neow_bonus":"RANDOM_COLORLESS","is_daily":false,"chose_seed":false,"campfire_upgraded":4,"win_rate":0.0,"timestamp":1611168239,"path_taken":["R","?","?","?","M","R","T","M","E","M","E","R","?","M","M","BOSS","R","M","?","M","$","M","T","E"],"items_purchased_type":["Relic","Card","Card"],"build_version":"2020-12-22","purchased_purges":1,"victory":false,"max_hp_per_floor":[70,70,70,70,70,70,70,70,70,70,70,70,70,70,70,70,70,70,70,70,70,70,70,70,70,70,70],"card_choices":[{"not_picked":["Blind","Forethought"],"picked":"Finesse","floor":0},{"not_picked":["bronze:Turbo","bronze:Overheat"],"picked":"bronze:Shield","floor":4},{"not_picked":["bronze:GetLatest","bronze:BugBarrage"],"picked":"bronze:Constructor","floor":5},{"not_picked":["bronze:Iterate","bronze:Flail"],"picked":"bronze:Terminator","floor":8},{"not_picked":["bronze:Return","bronze:FollowUp"],"picked":"bronze:Frontload","floor":9},{"not_picked":["bronze:Format","bronze:Repulsor"],"picked":"bronze:BronzeArmor","floor":10},{"not_picked":["bronze:Branch","bronze:BugBarrage"],"picked":"bronze:Repulsor","floor":11},{"not_picked":["bronze:GetLatest","bronze:Deprecate"],"picked":"bronze:OilSpill","floor":14},{"not_picked":["bronze:Invalidate","bronze:GetLatest","bronze:CutThrough"],"picked":"SKIP","floor":15},{"not_picked":["bronze:RecursiveStrike","bronze:ShipIt"],"picked":"bronze:Break","floor":16},{"not_picked":["bronze:Philosophize","bronze:NullPointer"],"picked":"bronze:Turbo","floor":19},{"not_picked":["bronze:FollowUp","bronze:Turbo"],"picked":"bronze:FineTuning","floor":21},{"not_picked":["bronze:DelayedSlice","bronze:Repair+1","bronze:ForLoop"],"picked":"SKIP","floor":22},{"not_picked":["bronze:DarkDash+1","bronze:Iterate","bronze:ChosenStrike"],"picked":"SKIP","floor":23}],"player_experience":814679,"relics_obtained":[{"floor":7,"key":"The Courier"},{"floor":9,"key":"Torii"},{"floor":11,"key":"Omamori"}],"event_choices":[{"damage_healed":0,"gold_gain":0,"player_choice":"Success","damage_taken":3,"relics_obtained":["Kunai"],"max_hp_gain":0,"max_hp_loss":0,"event_name":"Scrap Ooze","floor":13,"gold_loss":0}],"is_beta":false,"boss_relics":[{"not_picked":["bronze:PlatinumCore","Runic Pyramid"],"picked":"Sozu"}],"items_purged_floors":[22],"is_endless":false,"potions_floor_spawned":[5,10,11,14,15,16,21,23],"killed_by":"Slavers","ascension_level":0}}