{"host":"f5n4tidiz2n5sooh","time":1611109555,"event":{"mods":["BaseMod","Colored Map","Minty Spire (QoL Compilation)","Relic Stats","Slay the Relics Exporter","StSLib"],"gold_per_floor":[119,135,149,224,235,235,252,272,299,311,10,40,90,101,101,101,101],"floor_reached":16,"language":"ENG","playtime":598,"items_purged":["Strike_R"],"score":233,"play_id":"d669d58c-0fa1-4f05-b648-0eae777911d1","local_time":"20210119202555","is_ascension_mode":true,"campfire_choices":[{"data":"Feed","floor":6,"key":"SMITH"},{"data":"Bash","floor":10,"key":"SMITH"},{"data":"Inflame","floor":15,"key":"SMITH"}],"circlet_count":0,"master_deck":["AscendersBane","Strike_R","Strike_R","Strike_R","Strike_R","Defend_R","Defend_R","Defend_R","Defend_R","Bash+1","Shrug It Off","Anger","Power Through","Feed+1","Cleave","Inflame+1","Offering"],"relics":["Runic Cube","MawBank","Lee\u0027s Waffle","Dream Catcher"],"acts_visited":["Exordium"],"potions_floor_usage":[5,7,8,16],"damage_taken":[{"damage":2,"enemies":"2 Louse","floor":1,"turns":3},{"damage":14,"enemies":"Small Slimes","floor":2,"turns":4},{"damage":3,"enemies":"Cultist","floor":3,"turns":4},{"damage":10,"enemies":"Large Slime","floor":5,"turns":9},{"damage":1,"enemies":"Exordium Thugs","floor":7,"turns":3},{"damage":0,"enemies":"Exordium Wildlife","floor":8,"turns":3},{"damage":42,"enemies":"3 Sentries","floor":12,"turns":14},{"damage":7,"enemies":"3 Louse","floor":14,"turns":4},{"damage":52,"enemies":"The Guardian","floor":16,"turns":6}],"seed_played":"4138702293282129645","potions_obtained":[{"floor":2,"key":"EssenceOfSteel"},{"floor":5,"key":"Fire Potion"},{"floor":7,"key":"AttackPotion"},{"floor":14,"key":"FearPotion"}],"is_trial":false,"path_per_floor":["M","M","M","?","M","R","M","M","T","R","$","E","?","M","R","B"],"character_chosen":"IRONCLAD","items_purchased":["Lee\u0027s Waffle","Inflame"],"campfire_rested":0,"item_purchase_floors":[11,11],"current_hp_per_floor":[66,52,49,38,28,28,31,35,35,35,90,52,52,49,49,0,0],"gold":101,"neow_bonus":"BOSS_RELIC","is_daily":false,"chose_seed":false,"campfire_upgraded":3,"win_rate":0.0,"timestamp":1611109555,"path_taken":["M","M","M","?","M","R","M","M","T","R","$","E","?","M","R","BOSS"],"items_purchased_type":["Relic","Card"],"build_version":"2020-12-22","purchased_purges":1,"victory":false,"max_hp_per_floor":[75,75,75,75,75,75,79,83,83,83,90,94,94,98,98,98,98],"relic_stats":{"Lee\u0027s Waffle":55,"Dream Catcher":0,"counters":[9,50],"MawBank":24,"obtain_stats":[{"Lee\u0027s Waffle":11,"Dream Catcher":12,"MawBank":9,"Burning Blood":0,"Runic Cube":0},{"Lee\u0027s Waffle":6,"Dream Catcher":7,"MawBank":6,"Burning Blood":0,"Runic Cube":0},{"Lee\u0027s Waffle":26,"Dream Catcher":40,"MawBank":26,"Burning Blood":0,"Runic Cube":0}],"Runic Cube":[20]},"card_choices":[{"not_picked":["Flex","Wild Strike"],"picked":"Shrug It Off","floor":1},{"not_picked":["Flex","Disarm"],"picked":"Anger","floor":2},{"not_picked":["Burning Pact","Bloodletting"],"picked":"Power Through","floor":3},{"not_picked":["Warcry","Blood for Blood"],"picked":"Feed","floor":5},{"not_picked":["Clash","Sword Boomerang","Body Slam"],"picked":"SKIP","floor":7},{"not_picked":["Brutality","Flex"],"picked":"Cleave","floor":8},{"not_picked":["Sword Boomerang","Cleave"],"picked":"Offering","floor":12},{"not_picked":["Havoc","Iron Wave","Bloodletting"],"picked":"SKIP","floor":14}],"player_experience":2019505,"relics_obtained":[{"floor":9,"key":"MawBank"},{"floor":12,"key":"Dream Catcher"}],"event_choices":[{"damage_healed":0,"gold_gain":75,"player_choice":"Gather Gold","damage_taken":11,"max_hp_gain":0,"max_hp_loss":0,"event_name":"World of Goop","floor":4,"gold_loss":0},{"damage_healed":0,"gold_gain":50,"player_choice":"Pray","damage_taken":0,"max_hp_gain":0,"max_hp_loss":0,"event_name":"Golden Shrine","floor":13,"gold_loss":0}],"is_beta":false,"boss_relics":[],"items_purged_floors":[11],"is_endless":false,"potions_floor_spawned":[2,5,7,14],"killed_by":"The Guardian","ascension_level":20}}