{"host":"qk2y4749gcwu4ddj","time":1611151783,"event":{"mods":["Arknights The Spire","BaseMod","Hunter ¡‘»À","Minty Spire (QoL Compilation)","Replay The Spire","Spicy Shops","StSLib","The Cursed","The Runesmith","[GremlinLeader]The Maniac","°æ“≈ŒÔø®≈∆°øREMEMod"],"gold_per_floor":[111,286,286,297,316,316,341,372,398,427,460,495,526,538,538],"floor_reached":14,"language":"ZHS","playtime":741,"items_purged":[],"score":96,"play_id":"40e26773-82b0-4383-8f76-3a55acfb08d5","local_time":"20210120220943","is_ascension_mode":false,"campfire_choices":[{"data":"TheCursedMod:StingEye","floor":6,"key":"SMITH"}],"circlet_count":0,"master_deck":["TheCursedMod:Strike_TheCursed","TheCursedMod:Strike_TheCursed","TheCursedMod:Strike_TheCursed","TheCursedMod:Defend_TheCursed","TheCursedMod:Defend_TheCursed","TheCursedMod:Defend_TheCursed","TheCursedMod:Defend_TheCursed","TheCursedMod:CursedWand","TheCursedMod:CleanUpWorkshop","TheCursedMod:Dregs","TheCursedMod:DarkBarrier","TheCursedMod:CursedMace","Doubt","TheCursedMod:SpitefulPray","TheCursedMod:SurpriseAttack","TheCursedMod:StingEye+1","TheCursedMod:Mangle","TheCursedMod:StingEye","TheCursedMod:RapidMovement","TheCursedMod:SpreadPlague","TheCursedMod:CursedBlade"],"relics":["TheCursedMod:BlackMagic101","REME_ComplimentaryCards","Replay:Bandana","Anchor"],"acts_visited":["Exordium"],"potions_floor_usage":[],"damage_taken":[{"damage":5,"enemies":"Jaw Worm","floor":1,"turns":5},{"damage":4,"enemies":"Cultist","floor":4,"turns":5},{"damage":4,"enemies":"2 Louse","floor":5,"turns":3},{"damage":21,"enemies":"Lagavulin","floor":7,"turns":9},{"damage":2,"enemies":"Looter","floor":8,"turns":3},{"damage":0,"enemies":"3 Louse","floor":10,"turns":3},{"damage":0,"enemies":"Blue Slaver","floor":11,"turns":3},{"damage":5,"enemies":"Exordium Thugs","floor":12,"turns":5},{"damage":4,"enemies":"3 Louse","floor":13,"turns":5},{"damage":18,"enemies":"Gremlin Nob","floor":14,"turns":4}],"seed_played":"-6935673363383496006","potions_obtained":[{"floor":5,"key":"Energy Potion"},{"floor":7,"key":"Dexterity Potion"},{"floor":10,"key":"Explosive Potion"}],"is_trial":false,"path_per_floor":["M","?","?","M","M","R","E","M","T","M","M","M","M","E"],"character_chosen":"THE_CURSED","items_purchased":[],"campfire_rested":0,"item_purchase_floors":[],"current_hp_per_floor":[70,70,70,66,62,62,41,39,39,39,39,34,30,12,12],"gold":538,"neow_bonus":"ONE_RANDOM_RARE_CARD","is_daily":false,"chose_seed":false,"campfire_upgraded":1,"win_rate":0.0,"timestamp":1611151783,"path_taken":["M","?","?","M","M","R","E","?","T","M","M","M","?","E"],"items_purchased_type":[],"build_version":"2020-12-22","purchased_purges":0,"victory":false,"max_hp_per_floor":[75,75,75,75,75,75,75,75,75,75,75,75,75,75,75],"card_choices":[{"not_picked":["TheCursedMod:CircleOfFocus","TheCursedMod:Wield"],"picked":"TheCursedMod:CursedMace","floor":1},{"not_picked":["TheCursedMod:SmokeScreen","TheCursedMod:SpitefulPray"],"picked":"TheCursedMod:SurpriseAttack","floor":4},{"not_picked":["TheCursedMod:CircleOfCorruption","TheCursedMod:FleshFromBone"],"picked":"TheCursedMod:StingEye","floor":5},{"not_picked":["TheCursedMod:CircleOfCorruption","TheCursedMod:CursedAmulet"],"picked":"TheCursedMod:Mangle","floor":7},{"not_picked":["TheCursedMod:AbyssShockwave","TheCursedMod:TroublousMinions"],"picked":"TheCursedMod:StingEye","floor":8},{"not_picked":["TheCursedMod:Wield","TheCursedMod:SurpriseAttack"],"picked":"TheCursedMod:RapidMovement","floor":10},{"not_picked":["TheCursedMod:CircleOfWindfury","TheCursedMod:Stretching","TheCursedMod:PrepareRite"],"picked":"SKIP","floor":11},{"not_picked":["TheCursedMod:PrepareRite","TheCursedMod:CursedArmor"],"picked":"TheCursedMod:SpreadPlague","floor":12},{"not_picked":["TheCursedMod:RavingStaff","TheCursedMod:Stretching"],"picked":"TheCursedMod:CursedBlade","floor":13}],"player_experience":180758,"relics_obtained":[{"floor":7,"key":"Replay:Bandana"},{"floor":9,"key":"Anchor"}],"event_choices":[{"damage_healed":0,"gold_gain":175,"player_choice":"AGREE","damage_taken":0,"max_hp_gain":0,"max_hp_loss":0,"event_name":"Liars Game","floor":2,"gold_loss":0,"cards_obtained":["Doubt"]},{"damage_healed":0,"gold_gain":0,"cards_transformed":["TheCursedMod:Strike_TheCursed"],"player_choice":"Transformed","damage_taken":0,"max_hp_gain":0,"max_hp_loss":0,"event_name":"Transmorgrifier","floor":3,"gold_loss":0,"cards_obtained":["TheCursedMod:SpitefulPray"]}],"is_beta":false,"boss_relics":[],"items_purged_floors":[],"is_endless":false,"potions_floor_spawned":[5,7,10,13],"killed_by":"Gremlin Nob","ascension_level":0}}