{"host":"gqhy17d1xpb1p3ki","time":1611181827,"event":{"mods":["2.2 Compatiblity","AchievementEnabler","BaseMod","Bestiary","Colored Map","Colored Powertips","Curses Come First","Downfall","Duelist Mod","Hermit","Marisa????????","Minty Spire (QoL Compilation)","Rare Cards Sparkle","Shop Mod","StSLib","The Animator","The Bug Knight","The Cursed","The Disciple","The Hierophant","The Necromancer","The Runesmith","The Servant 0.9.4","Yuri Mod"],"gold_per_floor":[99,99,199,216,235,235,235,246,258,277,303,89,89,104,124,124,124],"floor_reached":16,"language":"ENG","playtime":1155,"items_purged":[],"score":104,"play_id":"8ae2a1f3-d6c2-4db1-8199-19002ff52500","local_time":"20210120173027","is_ascension_mode":false,"campfire_choices":[{"data":"HollowMod:PogoStrike","floor":1,"key":"SMITH"},{"data":"HollowMod:MothsMistake","floor":6,"key":"SMITH"},{"data":"HollowMod:MawleksShell","floor":13,"key":"SMITH"}],"circlet_count":0,"master_deck":["HollowMod:NailStrikeStart","HollowMod:NailStrikeStart","HollowMod:NailStrikeStart","HollowMod:NailStrikeStart","HollowMod:QuickDashStart","HollowMod:QuickDashStart","HollowMod:QuickDashStart","HollowMod:QuickDashStart","HollowMod:FocusHealStart","HollowMod:PogoStrike+1","HollowMod:MothsMistake+1","HollowMod:DashSlash","HollowMod:SoulSplash","HollowMod:GreatSlash","HollowMod:GoodIntentions","HollowMod:BaldurShell","HollowMod:MawleksShell+1","HollowMod:CloakDash","HollowMod:SoulSplash","HollowMod:SoulVessel"],"relics":["HollowMod:VesselMask","MealTicket","Bag of Marbles","Ginger","Juzu Bracelet"],"acts_visited":["Exordium"],"potions_floor_usage":[16,16],"damage_taken":[{"damage":3,"enemies":"Jaw Worm","floor":4,"turns":3},{"damage":5,"enemies":"Small Slimes","floor":5,"turns":3},{"damage":0,"enemies":"Cultist","floor":8,"turns":2},{"damage":0,"enemies":"Blue Slaver","floor":9,"turns":3},{"damage":9,"enemies":"Lots of Slimes","floor":10,"turns":3},{"damage":15,"enemies":"3 Sentries","floor":11,"turns":6},{"damage":5,"enemies":"downfall:FleeingMerchant","floor":12,"turns":4},{"damage":0,"enemies":"2 Fungi Beasts","floor":14,"turns":2},{"damage":22,"enemies":"Exordium Thugs","floor":15,"turns":4},{"damage":67,"enemies":"IC_STATUS_ARCHETYPE","floor":16,"turns":8}],"seed_played":"8976778189408443430","potions_obtained":[{"floor":4,"key":"FearPotion"},{"floor":14,"key":"PowerPotion"},{"floor":15,"key":"ColorlessPotion"}],"is_trial":false,"path_per_floor":["R","?","?","M","M","R","T","M","M","M","E","$","R","M","M","B"],"character_chosen":"THE_BUGKNIGHT","items_purchased":["Juzu Bracelet","HollowMod:CloakDash"],"campfire_rested":0,"item_purchase_floors":[12,12],"current_hp_per_floor":[82,79,79,80,81,81,81,82,82,77,72,82,82,82,60,0,0],"gold":124,"neow_bonus":"TEN_PERCENT_HP_BONUS","is_daily":false,"chose_seed":false,"campfire_upgraded":3,"win_rate":0.0,"timestamp":1611181827,"path_taken":["R","?","?","M","M","R","T","M","M","M","E","$","R","M","M","BOSS"],"items_purchased_type":["Relic","Card"],"build_version":"2020-12-22","purchased_purges":0,"victory":false,"max_hp_per_floor":[82,82,82,82,82,82,82,82,82,82,82,82,82,82,82,82,82],"card_choices":[{"not_picked":["HollowMod:NewGlowingWomb","HollowMod:LifebloodCocoon"],"picked":"HollowMod:MothsMistake","floor":4},{"not_picked":["HollowMod:CloakDash","HollowMod:SiblingsSouls"],"picked":"HollowMod:DashSlash","floor":5},{"not_picked":["HollowMod:NewJinnsSoul","HollowMod:DescendingDark"],"picked":"HollowMod:SoulSplash","floor":8},{"not_picked":["HollowMod:ShadowDash","HollowMod:TaintedHusks"],"picked":"HollowMod:GreatSlash","floor":9},{"not_picked":["HollowMod:WraithStrike","HollowMod:SiblingsShadow"],"picked":"HollowMod:GoodIntentions","floor":10},{"not_picked":["HollowMod:CrystalDash","HollowMod:AwokenDreamNail"],"picked":"HollowMod:BaldurShell","floor":11},{"not_picked":["HollowMod:ShadowDash","HollowMod:DoubleDash"],"picked":"HollowMod:MawleksShell","floor":12},{"not_picked":["HollowMod:FallenFury","HollowMod:GoodIntentions"],"picked":"HollowMod:SoulSplash","floor":14},{"not_picked":["HollowMod:SharpenedNail","HollowMod:WraithStrike"],"picked":"HollowMod:SoulVessel","floor":15}],"player_experience":396424,"relics_obtained":[{"floor":7,"key":"Bag of Marbles"},{"floor":11,"key":"Ginger"}],"event_choices":[{"damage_healed":0,"gold_gain":0,"player_choice":"Success","damage_taken":3,"relics_obtained":["MealTicket"],"max_hp_gain":0,"max_hp_loss":0,"event_name":"Scrap Ooze","floor":2,"gold_loss":0}],"is_beta":false,"boss_relics":[],"items_purged_floors":[],"is_endless":false,"potions_floor_spawned":[4,14,15],"killed_by":"IC_STATUS_ARCHETYPE","ascension_level":0}}