{"host":"xc18ixkpjvqrt8st","time":1611162508,"event":{"mods":["Act Like it!","BaseMod","Better Match","Better Third Choice","Conspire","Hallownest","Hermit","Hubris","Infinite Spire","Minty Spire (QoL Compilation)","Replay The Spire","Robot Space Explorer","Shop Mod","Spicy Shops","StSLib","The Animator","The Jungle","The Marked"],"gold_per_floor":[118,118,165,182,200,200,231,256,256,276,294,294,307,69,69,167,167,180,180,25,55,55,55,55,55],"floor_reached":24,"language":"ENG","playtime":1061,"items_purged":[],"score":208,"play_id":"3a44a283-562f-4b79-83ba-38aa93c6a64f","local_time":"20210120110828","is_ascension_mode":true,"campfire_choices":[{"floor":6,"key":"REST"},{"floor":12,"key":"REST"},{"floor":15,"key":"REST"},{"floor":23,"key":"REST"}],"circlet_count":0,"master_deck":["animator:Strike_Elsword","animator:Defend_Elsword","animator:Strike","animator:Strike","animator:Strike","animator:Defend","animator:Defend","animator:Defend","animator:Chung","animator:Raven","animator:Canti","animator:Emonzaemon","animator:Benimaru","animator:Souei","animator:Elsword","animator:HighElfArcher","animator:Ciel","animator:Millim","animator:UneriGinkaku","animator:GoblinSlayer","animator:Yoichi","animator:Ain+1"],"relics":["animator:LivingPicture","animator:TheMissingPiece","Happy Flower","hubris:OldNail","Snack Pack","animator:HolyGrailRelic","Nilry\u0027s Codex","HandDrill"],"acts_visited":["Exordium","TheCity"],"potions_floor_usage":[8,16],"damage_taken":[{"damage":3,"enemies":"Small Slimes","floor":1,"turns":4},{"damage":7,"enemies":"Jaw Worm","floor":4,"turns":3},{"damage":0,"enemies":"Cultist","floor":5,"turns":4},{"damage":11,"enemies":"Exordium Thugs","floor":7,"turns":6},{"damage":3,"enemies":"Gremlin Nob","floor":8,"turns":3},{"damage":10,"enemies":"Red Slaver","floor":10,"turns":3},{"damage":12,"enemies":"Blue Slaver","floor":11,"turns":4},{"damage":10,"enemies":"Exordium Wildlife","floor":13,"turns":3},{"damage":20,"enemies":"Hexaghost","floor":16,"turns":7},{"damage":20,"enemies":"Spheric Guardian","floor":18,"turns":6},{"damage":13,"enemies":"3 Byrds","floor":21,"turns":7},{"damage":0,"enemies":"Snake Plant","floor":24,"turns":1}],"seed_played":"-913644529163705604","potions_obtained":[{"floor":5,"key":"Weak Potion"},{"floor":7,"key":"Fire Potion"},{"floor":10,"key":"Strength Potion"},{"floor":11,"key":"BlessingOfTheForge"},{"floor":16,"key":"FairyPotion"}],"is_trial":false,"path_per_floor":["M","?","T","M","M","R","M","E","T","M","M","R","M","$","R","B",null,"M","?","$","M","$","R","M"],"character_chosen":"THE_ANIMATOR","items_purchased":["Snack Pack","HandDrill"],"campfire_rested":4,"item_purchase_floors":[14,20],"current_hp_per_floor":[63,63,63,56,56,66,55,52,52,43,31,51,41,41,61,49,75,59,43,43,38,38,61,63,63],"gold":55,"neow_bonus":"RANDOM_COLORLESS","is_daily":false,"chose_seed":false,"campfire_upgraded":0,"win_rate":0.0,"timestamp":1611162508,"path_taken":["M","?","?","M","M","R","M","E","T","M","M","R","?","?","R","BOSS","M","?","$","M","$","R","M"],"items_purchased_type":["Relic","Relic"],"build_version":"2020-12-22","purchased_purges":0,"victory":false,"max_hp_per_floor":[66,66,66,66,66,66,66,66,66,67,67,67,67,67,67,67,75,77,77,77,79,79,79,79,79],"card_choices":[{"not_picked":["animator:MamizouFutatsuiwa","animator:NononJakuzure"],"picked":"animator:Canti","floor":0},{"not_picked":["animator:LizardPriest","animator:Alexander"],"picked":"animator:Emonzaemon","floor":1},{"not_picked":["animator:Rider","animator:Azekura"],"picked":"animator:Benimaru","floor":4},{"not_picked":["animator:Togame","animator:Assassin"],"picked":"animator:Souei","floor":5},{"not_picked":["animator:Ciel","animator:Aisha"],"picked":"animator:Elsword","floor":7},{"not_picked":["animator:Shinoa","animator:Elsword"],"picked":"animator:HighElfArcher","floor":8},{"not_picked":["animator:Mitsuba","animator:Fredrika"],"picked":"animator:Ciel","floor":10},{"not_picked":["animator:Emonzaemon","animator:Benimaru"],"picked":"animator:Millim","floor":11},{"not_picked":["animator:Togame","animator:ZankiKiguchi"],"picked":"animator:UneriGinkaku","floor":13},{"not_picked":["animator:Eve","animator:Shizu"],"picked":"animator:GoblinSlayer","floor":16},{"not_picked":["animator:Spearman","animator:Azekura"],"picked":"animator:Yoichi","floor":18},{"not_picked":["animator:Mikaela","animator:Shigure+1"],"picked":"animator:Ain+1","floor":21}],"player_experience":568547,"relics_obtained":[{"floor":8,"key":"Happy Flower"},{"floor":9,"key":"hubris:OldNail"},{"floor":19,"key":"Nilry\u0027s Codex"}],"event_choices":[{"damage_healed":0,"gold_gain":0,"player_choice":"Ignored","damage_taken":0,"max_hp_gain":0,"max_hp_loss":0,"event_name":"Golden Wing","floor":2,"gold_loss":0},{"damage_healed":0,"gold_gain":0,"player_choice":"Obtained Book","damage_taken":16,"max_hp_gain":0,"max_hp_loss":0,"event_name":"Cursed Tome","floor":19,"gold_loss":0}],"is_beta":false,"boss_relics":[{"not_picked":["Ectoplasm","Kintsugi"],"picked":"animator:HolyGrailRelic"}],"items_purged_floors":[],"is_endless":false,"potions_floor_spawned":[5,7,10,11,16,21],"killed_by":"Snake Plant","ascension_level":1}}