{"host":"h4qgcirtxz6qax9j","time":1611154823,"event":{"mods":["AchievementEnabler","BaseMod","Colored Powertips","Hermit","Minty Spire (QoL Compilation)","StSLib","SuperFastMode","The Servant 0.9.4"],"gold_per_floor":[109,109,129,94,94,122,122,136,136,106,130,166,166,194,194,300,300,324,324,324,346,371,371,410,11,35,35,35,64,78,97,97,207,207,226,226,236,84,134,134,161,179,179,198,221,521,531,550,550,550,550],"floor_reached":50,"language":"KOR","playtime":1638,"items_purged":[],"score":620,"play_id":"fecead35-60fb-467e-8410-0680e25f673b","local_time":"20210121000023","is_ascension_mode":true,"campfire_choices":[{"floor":7.0,"key":"REST"},{"floor":13.0,"key":"REST"},{"data":"TimeWarp","floor":15.0,"key":"SMITH"},{"floor":23.0,"key":"REST"},{"floor":27.0,"key":"REST"},{"floor":32.0,"key":"REST"},{"floor":40.0,"key":"REST"},{"floor":49.0,"key":"REST"}],"circlet_count":0,"master_deck":["Strike_S","Strike_S","Strike_S","Strike_S","Defend_S","Defend_S","Defend_S","Defend_S","KidneyShot","Exchange","GearUp","Ricochet","Moonlight","FastForward","BottledTime","Ricochet","SilverMatrix","TimeWarp+1","SilverMatrix","Starlight+1","Potential+1","ShiftingGears+1","Desolation+1","KillingDoll","Rearm","Rearm","GearUp","Rearm+1"],"relics":["Uniform","Akabeko","Mummified Hand","StrikeDummy","CeramicFish","Happy Flower","Enchiridion","Art of War","HornCleat","Sling","Orichalcum","Singing Bowl","Runic Pyramid","Pan","Turnip","Kunai"],"acts_visited":["Exordium","TheCity","TheBeyond"],"potions_floor_usage":[50,50,50],"damage_taken":[{"damage":7.0,"enemies":"Cultist","floor":1.0,"turns":4.0},{"damage":0.0,"enemies":"Small Slimes","floor":3.0,"turns":4.0},{"damage":39.0,"enemies":"Lagavulin","floor":6.0,"turns":6.0},{"damage":0.0,"enemies":"Jaw Worm","floor":8.0,"turns":2.0},{"damage":0.0,"enemies":"Exordium Wildlife","floor":11.0,"turns":2.0},{"damage":3.0,"enemies":"Gremlin Nob","floor":12.0,"turns":3.0},{"damage":0.0,"enemies":"Large Slime","floor":14.0,"turns":4.0},{"damage":24.0,"enemies":"Hexaghost","floor":16.0,"turns":10.0},{"damage":8.0,"enemies":"Chosen","floor":18.0,"turns":4.0},{"damage":2.0,"enemies":"3 Byrds","floor":21.0,"turns":5.0},{"damage":1.0,"enemies":"3 Cultists","floor":22.0,"turns":5.0},{"damage":9.0,"enemies":"Gremlin Leader","floor":24.0,"turns":6.0},{"damage":22.0,"enemies":"Book of Stabbing","floor":29.0,"turns":4.0},{"damage":0.0,"enemies":"Snecko","floor":30.0,"turns":3.0},{"damage":1.0,"enemies":"Snake Plant","floor":31.0,"turns":3.0},{"damage":58.0,"enemies":"Champ","floor":33.0,"turns":19.0},{"damage":13.0,"enemies":"3 Shapes","floor":35.0,"turns":3.0},{"damage":2.0,"enemies":"Orb Walker","floor":37.0,"turns":3.0},{"damage":15.0,"enemies":"2 Orb Walkers","floor":39.0,"turns":3.0},{"damage":0.0,"enemies":"Maw","floor":41.0,"turns":7.0},{"damage":11.0,"enemies":"Transient","floor":42.0,"turns":5.0},{"damage":0.0,"enemies":"Sphere and 2 Shapes","floor":44.0,"turns":3.0},{"damage":15.0,"enemies":"4 Shapes","floor":45.0,"turns":4.0},{"damage":0.0,"enemies":"Maw","floor":47.0,"turns":5.0},{"damage":24.0,"enemies":"Writhing Mass","floor":48.0,"turns":5.0},{"damage":47,"enemies":"Time Eater","floor":50,"turns":9}],"seed_played":"6308089993567733842","potions_obtained":[{"floor":6.0,"key":"Ancient Potion"},{"floor":10.0,"key":"Swift Potion"},{"floor":10.0,"key":"Energy Potion"},{"floor":12.0,"key":"GamblersBrew"},{"floor":14.0,"key":"SpeedPotion"},{"floor":33.0,"key":"Fire Potion"},{"floor":35.0,"key":"Weak Potion"},{"floor":42.0,"key":"PowerPotion"},{"floor":45.0,"key":"LiquidMemories"},{"floor":48.0,"key":"DuplicationPotion"}],"is_trial":false,"path_per_floor":["M","?","M","$","?","E","R","M","T","?","M","E","R","M","R","B",null,"M","?","?","M","M","R","E","$","T","R","$","E","M","M","R","B",null,"M","$","M","$","?","R","M","M","T","M","M","?","M","M","R","B"],"character_chosen":"THE_SERVANT","items_purchased":["Moonlight","HornCleat","Sling","Pan"],"campfire_rested":7,"item_purchase_floors":[4,25,25,38],"current_hp_per_floor":[58,58,58,58,55,16,35,35,35,35,35,32,51,51,51,27,65,57,41,41,39,38,57,48,48,48,65,65,45,47,48,69,11,71,58,58,58,58,45,67,67,58,58,58,43,43,45,23,47,0,0],"gold":550,"neow_bonus":"RANDOM_COMMON_RELIC","is_daily":false,"chose_seed":false,"campfire_upgraded":1,"win_rate":0.0,"timestamp":1611154823,"path_taken":["M","?","M","$","?","E","R","M","T","?","?","E","R","M","R","BOSS","M","?","?","M","M","R","E","?","T","R","$","E","M","M","R","BOSS","M","$","M","$","?","R","M","M","T","M","M","?","M","M","R","BOSS"],"items_purchased_type":["Card","Relic","Relic","Relic"],"build_version":"2020-12-22","purchased_purges":0,"victory":false,"max_hp_per_floor":[65,65,65,65,65,65,65,65,65,65,65,65,65,65,65,65,65,65,65,65,65,65,65,65,65,65,65,65,67,69,71,71,71,71,71,71,73,73,75,75,75,77,77,77,77,77,79,81,81,81,81],"card_choices":[{"not_picked":["Replace","Moondial"],"picked":"GearUp","floor":1.0},{"not_picked":["DoubleEdge","Spin"],"picked":"Ricochet","floor":3.0},{"not_picked":["DoubleEdge","Starlight"],"picked":"FastForward","floor":6.0},{"not_picked":["Shuttle","Defy"],"picked":"BottledTime","floor":8.0},{"not_picked":["DoubleEdge","BottledTime"],"picked":"Ricochet","floor":11.0},{"not_picked":["Deadline","Read"],"picked":"SilverMatrix","floor":12.0},{"not_picked":["BottledTime","FastForward"],"picked":"TimeWarp","floor":14.0},{"not_picked":["SoulSculpture","LightFlow"],"picked":"SilverMatrix","floor":16.0},{"not_picked":["BottledTime","Defy+1"],"picked":"Starlight+1","floor":18.0},{"not_picked":["Moonlight","Starlight"],"picked":"Potential+1","floor":21.0},{"not_picked":["Manipulate","Deadline"],"picked":"ShiftingGears+1","floor":22.0},{"not_picked":["Moondial","ReturningBlade+1"],"picked":"Desolation+1","floor":24.0},{"not_picked":["Reset","Unruled","Defy"],"picked":"Singing Bowl","floor":29.0},{"not_picked":["Rewind","Revamp+1","Comet"],"picked":"Singing Bowl","floor":30.0},{"not_picked":["BottledTime","Rearm+1","Spin"],"picked":"Singing Bowl","floor":31.0},{"not_picked":["SilverMatrix","Initiator"],"picked":"KillingDoll","floor":33.0},{"not_picked":["Defy+1","TimeWarp"],"picked":"Rearm","floor":35.0},{"not_picked":["Moonlight+1","Defy","Ricochet+1"],"picked":"Singing Bowl","floor":37.0},{"not_picked":["ShatteredReality","Revamp","Comet+1"],"picked":"Singing Bowl","floor":39.0},{"not_picked":["Alleviate","DancingSilver+1"],"picked":"Rearm","floor":41.0},{"not_picked":["PendulumOfEternity","Shuttle+1","SurpressingFire+1"],"picked":"Singing Bowl","floor":42.0},{"not_picked":["WasteNot+1","Replace+1"],"picked":"GearUp","floor":44.0},{"not_picked":["Orbit+1","TimeTheft+1"],"picked":"Rearm+1","floor":45.0},{"not_picked":["TimeWarp","Rewind","BottledTime+1"],"picked":"Singing Bowl","floor":47.0},{"not_picked":["SurpressingFire","Orbit","Rewind+1"],"picked":"Singing Bowl","floor":48.0}],"player_experience":84134,"relics_obtained":[{"floor":6.0,"key":"StrikeDummy"},{"floor":9.0,"key":"CeramicFish"},{"floor":12.0,"key":"Happy Flower"},{"floor":19.0,"key":"Enchiridion"},{"floor":24.0,"key":"Art of War"},{"floor":26.0,"key":"Orichalcum"},{"floor":29.0,"key":"Singing Bowl"},{"floor":39.0,"key":"Turnip"},{"floor":43.0,"key":"Kunai"}],"event_choices":[{"damage_healed":0.0,"max_hp_gain":0.0,"max_hp_loss":0.0,"gold_gain":0.0,"event_name":"The Cleric","player_choice":"Leave","floor":2.0,"gold_loss":0.0,"damage_taken":0.0},{"damage_healed":0.0,"max_hp_gain":0.0,"max_hp_loss":0.0,"gold_gain":0.0,"event_name":"Scrap Ooze","player_choice":"Success","floor":5.0,"gold_loss":0.0,"damage_taken":3.0,"relics_obtained":["Mummified Hand"]},{"damage_healed":0.0,"max_hp_gain":0.0,"max_hp_loss":0.0,"gold_gain":0.0,"event_name":"The Woman in Blue","player_choice":"Bought 2 Potions","floor":10.0,"gold_loss":0.0,"damage_taken":0.0},{"damage_healed":0.0,"max_hp_gain":0.0,"max_hp_loss":0.0,"gold_gain":0.0,"event_name":"Cursed Tome","player_choice":"Obtained Book","floor":19.0,"gold_loss":0.0,"damage_taken":16.0},{"damage_healed":0.0,"max_hp_gain":0.0,"max_hp_loss":0.0,"gold_gain":0.0,"event_name":"Beggar","player_choice":"Ignored","floor":20.0,"gold_loss":0.0,"damage_taken":0.0},{"damage_healed":0.0,"max_hp_gain":0.0,"max_hp_loss":0.0,"gold_gain":0.0,"event_name":"Mysterious Sphere","player_choice":"Fight","floor":39.0,"gold_loss":0.0,"damage_taken":0.0},{"damage_healed":0.0,"max_hp_gain":0.0,"max_hp_loss":0.0,"gold_gain":300.0,"event_name":"Wheel of Change","player_choice":"Gold","floor":46.0,"gold_loss":0.0,"damage_taken":0.0}],"is_beta":false,"boss_relics":[{"not_picked":["Velvet Choker","Calling Bell","Empty Cage"]},{"not_picked":["Fusion Hammer","Cursed Key"],"picked":"Runic Pyramid"}],"items_purged_floors":[],"is_endless":false,"potions_floor_spawned":[6,12,14,21,29,31,33,35,42,45,48],"killed_by":"Time Eater","ascension_level":3}}