{"host":"x205naxbihvu3p76","time":1611115929,"event":{"mods":["AchievementEnabler","BaseMod","Minty Spire (QoL Compilation)","StSLib","SuperFastMode"],"gold_per_floor":[117,267,267,282,282,282,311,328,355,355,370,380,400,413,413,413,413],"floor_reached":16,"language":"KOR","playtime":316,"items_purged":[],"score":258,"play_id":"d672852a-a46e-4e98-9fbe-879973fca6db","local_time":"20210120131209","is_ascension_mode":true,"campfire_choices":[{"data":"Dualcast","floor":6,"key":"SMITH"},{"data":"Beam Cell","floor":10,"key":"SMITH"},{"floor":15,"key":"REST"}],"circlet_count":0,"master_deck":["AscendersBane","Strike_B+1","Strike_B","Strike_B","Strike_B+1","Defend_B","Defend_B","Defend_B","Defend_B","Zap+1","Dualcast+1","Chill","Doubt","Conserve Battery","BootSequence","Beam Cell+1","Chaos","Steam","Cold Snap","Consume"],"relics":["Cracked Core","NeowsBlessing","Bronze Scales","Dream Catcher"],"acts_visited":["Exordium"],"potions_floor_usage":[16,16],"damage_taken":[{"damage":0,"enemies":"Jaw Worm","floor":1,"turns":1},{"damage":0,"enemies":"Small Slimes","floor":4,"turns":1},{"damage":0,"enemies":"3 Sentries","floor":7,"turns":1},{"damage":0,"enemies":"Cultist","floor":8,"turns":3},{"damage":15,"enemies":"Lots of Slimes","floor":11,"turns":3},{"damage":5,"enemies":"Gremlin Gang","floor":12,"turns":4},{"damage":0,"enemies":"3 Louse","floor":13,"turns":4},{"damage":15,"enemies":"Exordium Thugs","floor":14,"turns":3},{"damage":29,"enemies":"The Guardian","floor":16,"turns":6}],"seed_played":"4110065386196488936","potions_obtained":[{"floor":8,"key":"Energy Potion"},{"floor":11,"key":"EntropicBrew"},{"floor":12,"key":"PotionOfCapacity"}],"is_trial":false,"path_per_floor":["M","?","?","M","?","R","E","M","T","R","M","M","M","M","R","B"],"character_chosen":"DEFECT","items_purchased":[],"campfire_rested":1,"item_purchase_floors":[],"current_hp_per_floor":[64,64,43,43,43,43,43,43,43,43,28,23,23,8,29,0,0],"gold":413,"neow_bonus":"THREE_ENEMY_KILL","is_daily":false,"chose_seed":false,"campfire_upgraded":2,"win_rate":0.0,"timestamp":1611115929,"path_taken":["M","?","?","M","?","R","E","?","T","R","M","M","M","M","R","BOSS"],"items_purchased_type":[],"build_version":"2020-12-22","purchased_purges":0,"victory":false,"max_hp_per_floor":[71,71,71,71,71,71,71,71,71,71,71,71,71,71,71,71,71],"card_choices":[{"not_picked":["Compile Driver","Hologram"],"picked":"Chill","floor":1},{"not_picked":["Heatsinks","Go for the Eyes"],"picked":"Conserve Battery","floor":4},{"not_picked":["Compile Driver","Steam Power"],"picked":"BootSequence","floor":7},{"not_picked":["Gash","Leap"],"picked":"Beam Cell","floor":8},{"not_picked":["Leap","Steam"],"picked":"Chaos","floor":11},{"not_picked":["Gash","Fission"],"picked":"Steam","floor":12},{"not_picked":["Steam","Stack"],"picked":"Cold Snap","floor":13},{"not_picked":["Fusion","Self Repair","Redo"],"picked":"SKIP","floor":14},{"not_picked":["Blizzard","Undo"],"picked":"Consume","floor":15}],"player_experience":982627,"relics_obtained":[{"floor":7,"key":"Bronze Scales"},{"floor":9,"key":"Dream Catcher"}],"event_choices":[{"damage_healed":0,"gold_gain":150,"player_choice":"AGREE","damage_taken":0,"max_hp_gain":0,"max_hp_loss":0,"event_name":"Liars Game","floor":2,"gold_loss":0,"cards_obtained":["Doubt"]},{"damage_healed":0,"gold_gain":0,"player_choice":"Entered Light","damage_taken":21,"max_hp_gain":0,"max_hp_loss":0,"event_name":"Shining Light","floor":3,"gold_loss":0,"cards_upgraded":["Strike_B","Strike_B"]},{"damage_healed":0,"gold_gain":0,"player_choice":"Upgraded","damage_taken":0,"max_hp_gain":0,"max_hp_loss":0,"event_name":"Upgrade Shrine","floor":5,"gold_loss":0,"cards_upgraded":["Zap"]}],"is_beta":false,"boss_relics":[],"items_purged_floors":[],"is_endless":false,"potions_floor_spawned":[8,11,12],"killed_by":"The Guardian","ascension_level":20}}