{"host":"7sryglll1si3bc7f","time":1611131329,"event":{"mods":["AchievementEnabler","BaseMod","Card Forge","Colored Map","Colored Powertips","Custom Start","Downfall","Friendly Minions","Hermit","Mimic Mod","Minty Spire (QoL Compilation)","Quick Restart","StSLib","The Construct","The Hierophant"],"gold_per_floor":[115,141,157,157,173,208,208,235,235,247,259,287,156,175,175,275,325,345,444,462,462,314,314,314,314],"floor_reached":23,"language":"ENG","playtime":759,"items_purged":[],"score":314,"play_id":"f93151fc-6e2a-4b0d-b18b-e7d38bcadfcd","local_time":"20210120102849","daily_mods":["Heirloom"],"is_ascension_mode":true,"campfire_choices":[{"floor":7,"key":"REST"},{"floor":15,"key":"REST"}],"circlet_count":0,"master_deck":["champ:Strike","champ:Strike","champ:Strike","champ:Strike","champ:Defend","champ:Defend","champ:Defend","champ:Defend","champ:Execute","champ:Taunt","champ:IronFortress","champ:FlashCut+1","champ:FlashCut","champ:VampiricStrike","champ:MurderStrike","champ:StanceDance","champ:UltimateStance","champ:SetATrap","champ:AdrenalArmor+1"],"relics":["champ:ChampionCrown","Hammer of Thor","Seething Fire","Anvil of the Gods","champ:GladiatorsBookOfMartialProwess","Bronze Scales","Happy Flower","Slimebound:StickyStick","MawBank","Pear","champ:LiftRelic","hexamod:BolsterEngine","Tiny House","MutagenicStrength","Regal Pillow"],"acts_visited":["Exordium","TheCity"],"potions_floor_usage":[14,16,16],"damage_taken":[{"damage":25,"enemies":"Cultist","floor":1,"turns":4},{"damage":24,"enemies":"Jaw Worm","floor":3,"turns":4},{"damage":10,"enemies":"2 Louse","floor":5,"turns":2},{"damage":38,"enemies":"Gremlin Nob","floor":6,"turns":5},{"damage":56,"enemies":"Lagavulin","floor":8,"turns":6},{"damage":9,"enemies":"Looter","floor":12,"turns":2},{"damage":33,"enemies":"Large Slime","floor":14,"turns":5},{"damage":34,"enemies":"Hexaghost","floor":16,"turns":8},{"damage":31,"enemies":"3 Byrds","floor":18,"turns":4},{"damage":17,"enemies":"Chosen","floor":20,"turns":4},{"damage":49,"enemies":"Book of Stabbing","floor":23,"turns":4}],"seed_played":"-237680415795277042","potions_obtained":[{"floor":1,"key":"Energy Potion"},{"floor":6,"key":"FearPotion"},{"floor":12,"key":"construct:ShiftPotion"},{"floor":16,"key":"PowerPotion"},{"floor":17,"key":"EntropicBrew"},{"floor":20,"key":"AttackPotion"}],"is_trial":true,"path_per_floor":["M","T","M","?","M","E","R","E","T","T","?","M","$","M","R","B",null,"M","?","M","?","$","E"],"character_chosen":"THE_CHAMP","items_purchased":["hexamod:BolsterEngine","Regal Pillow"],"campfire_rested":2,"item_purchase_floors":[13,22],"current_hp_per_floor":[76,76,62,62,62,34,61,25,25,35,35,26,26,13,43,29,87,56,56,49,49,49,0,0,0],"gold":314,"neow_bonus":"","is_daily":false,"chose_seed":false,"campfire_upgraded":0,"win_rate":0.0,"timestamp":1611131329,"path_taken":["M","?","M","?","M","E","R","E","T","?","?","M","$","M","R","BOSS","M","?","M","?","?","E"],"items_purchased_type":["Relic","Relic"],"build_version":"2020-12-22","purchased_purges":0,"victory":false,"max_hp_per_floor":[90,90,90,90,90,90,90,90,90,100,100,100,100,100,100,100,105,105,105,105,105,105,105,105,105],"card_choices":[{"not_picked":["champ:StanceDance","champ:BerserkersShout"],"picked":"champ:IronFortress","floor":1},{"not_picked":["champ:RecklessLeap","champ:EndlessRage"],"picked":"champ:FlashCut","floor":3},{"not_picked":["champ:TornadoPunch","champ:CalledShot"],"picked":"champ:FlashCut","floor":5},{"not_picked":["champ:FalseCounter","champ:DefensiveShout"],"picked":"champ:VampiricStrike","floor":6},{"not_picked":["champ:BringItOn","champ:EnGarde"],"picked":"champ:MurderStrike","floor":8},{"not_picked":["champ:IronFortress","champ:BerserkersShout"],"picked":"champ:StanceDance","floor":12},{"not_picked":["champ:FocusedDefense","champ:PreciseThrust","champ:GutPunch"],"picked":"SKIP","floor":14},{"not_picked":["champ:Devastate","champ:SwordThrow"],"picked":"champ:UltimateStance","floor":16},{"not_picked":["champ:PreciseThrust","champ:FlashCut"],"picked":"champ:SetATrap","floor":17},{"not_picked":["champ:ArenaPreparation","champ:Parry"],"picked":"champ:AdrenalArmor+1","floor":18},{"not_picked":["champ:PreciseThrust","champ:FanOfKnives","champ:EnGarde"],"picked":"SKIP","floor":20}],"player_experience":598260,"relics_obtained":[{"floor":2,"key":"Bronze Scales"},{"floor":6,"key":"Happy Flower"},{"floor":8,"key":"Slimebound:StickyStick"},{"floor":9,"key":"MawBank"},{"floor":10,"key":"Pear"}],"event_choices":[{"damage_healed":0,"gold_gain":0,"player_choice":"Ignored","damage_taken":0,"max_hp_gain":0,"max_hp_loss":0,"event_name":"Golden Wing","floor":4,"gold_loss":0},{"damage_healed":0,"gold_gain":99,"player_choice":"Stole From Cult","damage_taken":0,"max_hp_gain":0,"max_hp_loss":0,"event_name":"Nest","floor":19,"gold_loss":0},{"damage_healed":0,"gold_gain":0,"player_choice":"Inject Mutagens","damage_taken":0,"relics_obtained":["MutagenicStrength"],"max_hp_gain":0,"max_hp_loss":0,"event_name":"Drug Dealer","floor":21,"gold_loss":0}],"is_beta":false,"boss_relics":[{"not_picked":["Pandora\u0027s Box","Runic Pyramid"],"picked":"Tiny House"}],"items_purged_floors":[],"is_endless":false,"potions_floor_spawned":[1,6,12,16,20],"killed_by":"Book of Stabbing","ascension_level":9}}