{"host":"jt62yzdgnrkmwwqv","time":1611115763,"event":{"mods":["AchievementEnabler","Arknights The Spire","BaseMod","CapriCore","Colored Map","Colored Powertips","GungeonMod","Lobotomy","LobotomyExtend","Minty Spire (QoL Compilation)","Replay The Spire","StSLib","SuperFastMode","The Dragon Tamer"],"gold_per_floor":[130,142,170,197,209,255,280,323,359,321,333,364,401,429,441,552,564,589,601,628,640,668,690,722,734,734],"floor_reached":25,"language":"KOR","playtime":691,"items_purged":[],"score":267,"play_id":"578ef7f9-d921-4297-ac1f-9d4e81d8ad40","local_time":"20210120130923","is_ascension_mode":false,"campfire_choices":[{"floor":15,"key":"REST"}],"circlet_count":0,"master_deck":["ats:Strike G+1","ats:Armor Crushing Shot","ats:Defend","ats:Emotion Absorption","ats:Powerful Strike","ats:Blood Oath","ats:Cat Scratch","ats:Closed Bolt Burst Fire","ats:True Silver Slash","ats:Shell Defense","ats:Fractured Body","ats:Calcification","Hallucinations","Spreading Infection","ats:Powerful Strike","ats:Shell Defense+1","ats:Echo Reverb","ats:Automatic Cover"],"relics":["ats:Sanity","MawBank","LetterFromLob","ats:Originium","DemoMod:VorpalBullet","ats:Lavender","Tiny Chest","Orichalcum","Kintsugi","DemoMod:JetPack"],"acts_visited":["Exordium","TheCity"],"potions_floor_usage":[16,16],"damage_taken":[{"damage":4,"enemies":"Small Slimes","floor":1,"turns":5},{"damage":0,"enemies":"2 Louse","floor":3,"turns":2},{"damage":5,"enemies":"Jaw Worm","floor":4,"turns":2},{"damage":30,"enemies":"Lagavulin","floor":6,"turns":6},{"damage":1,"enemies":"3 Louse","floor":7,"turns":3},{"damage":0,"enemies":"Gremlin Nob","floor":8,"turns":2},{"damage":0,"enemies":"Exordium Wildlife","floor":12,"turns":3},{"damage":6,"enemies":"Blue Slaver","floor":14,"turns":2},{"damage":35,"enemies":"Fading Forest","floor":16,"turns":11},{"damage":39,"enemies":"Spheric Guardian","floor":18,"turns":6},{"damage":30,"enemies":"Shell Parasite","floor":20,"turns":7},{"damage":17,"enemies":"Snecko","floor":22,"turns":4},{"damage":10,"enemies":"Cultist and Chosen","floor":23,"turns":4},{"damage":5,"enemies":"3 Cultists","floor":24,"turns":5}],"seed_played":"-2982182627969823668","potions_obtained":[{"floor":1,"key":"ats:Top Emergency Sanity Potion"},{"floor":6,"key":"Strength Potion"},{"floor":8,"key":"SkillPotion"},{"floor":23,"key":"CultistPotion"}],"is_trial":false,"path_per_floor":["M","?","M","M","$","E","M","E","T","?","?","M","T","M","R","B",null,"M","?","M","?","M","M","M","M"],"character_chosen":"DOCTOR_CLASS","items_purchased":[],"campfire_rested":1,"item_purchase_floors":[],"current_hp_per_floor":[68,54,54,52,52,28,30,30,30,30,35,40,40,38,61,50,77,48,73,54,54,44,41,50,0,0],"gold":734,"neow_bonus":"RANDOM_COMMON_RELIC","is_daily":false,"chose_seed":false,"campfire_upgraded":0,"win_rate":0.0,"timestamp":1611115763,"path_taken":["M","?","M","M","$","E","M","E","T","?","?","?","?","M","R","BOSS","M","?","M","?","M","M","M","?"],"items_purchased_type":[],"build_version":"2020-12-22","purchased_purges":0,"victory":false,"max_hp_per_floor":[72,72,72,72,72,72,72,72,72,72,77,77,77,77,77,77,77,77,77,77,77,77,77,77,77,77],"card_choices":[{"not_picked":["ats:Song Of Battle","ats:Cat Scratch"],"picked":"ats:Powerful Strike","floor":1},{"not_picked":["ats:Cat Scratch","ats:Collapsing Strike"],"picked":"ats:Blood Oath","floor":3},{"not_picked":["ats:Steam Pump","ats:Hammer On"],"picked":"ats:Cat Scratch","floor":4},{"not_picked":["ats:Ambush","ats:Flexible Camouflage"],"picked":"ats:Closed Bolt Burst Fire","floor":6},{"not_picked":["ats:Childhood Dance","ats:Explosion Area Strengthen","ats:Spore Proliferation"],"picked":"SKIP","floor":7},{"not_picked":["ats:Curse Doll","ats:Automatic Cover"],"picked":"ats:True Silver Slash","floor":8},{"not_picked":["ats:Leaping Hammer","ats:Childhood Dance"],"picked":"ats:Shell Defense","floor":12},{"not_picked":["ats:Curse Doll","ats:Counter Healing Mode"],"picked":"ats:Fractured Body","floor":14},{"not_picked":["ats:Wolf Pack","ats:Fractured Body"],"picked":"ats:Calcification","floor":16},{"not_picked":["ats:Collapsing Strike","ats:Poison Spread+1"],"picked":"ats:Powerful Strike","floor":18},{"not_picked":["ats:Leaping Hammer","ats:Explosion Area Strengthen+1","ats:Charging Defense"],"picked":"SKIP","floor":20},{"not_picked":["ats:Childhood Dance","ats:Burning Ground"],"picked":"ats:Shell Defense+1","floor":22},{"not_picked":["ats:Ignite+1","ats:Healing Drone+1"],"picked":"ats:Echo Reverb","floor":23},{"not_picked":["ats:Childhood Dance","ats:Assault Order"],"picked":"ats:Automatic Cover","floor":24}],"player_experience":179499,"relics_obtained":[{"floor":1,"key":"LetterFromLob"},{"floor":6,"key":"ats:Originium"},{"floor":6,"key":"DemoMod:VorpalBullet"},{"floor":8,"key":"ats:Originium"},{"floor":8,"key":"ats:Lavender"},{"floor":9,"key":"Tiny Chest"},{"floor":13,"key":"Orichalcum"},{"floor":21,"key":"DemoMod:JetPack"}],"event_choices":[{"damage_healed":0,"gold_gain":0,"player_choice":"Entered Light","damage_taken":14,"max_hp_gain":0,"max_hp_loss":0,"event_name":"Shining Light","floor":2,"gold_loss":0,"cards_upgraded":["ats:Strike G","ats:Strike V"]},{"cards_removed":["ats:Strike C"],"damage_healed":0,"gold_gain":0,"player_choice":"Card Removal","damage_taken":0,"max_hp_gain":0,"max_hp_loss":0,"event_name":"The Cleric","floor":10,"gold_loss":50},{"damage_healed":0,"gold_gain":0,"player_choice":"Donut","damage_taken":0,"max_hp_gain":5,"max_hp_loss":0,"event_name":"Big Fish","floor":11,"gold_loss":0},{"damage_healed":25,"gold_gain":0,"player_choice":"Heal","damage_taken":0,"max_hp_gain":0,"max_hp_loss":0,"event_name":"The Library","floor":19,"gold_loss":0},{"damage_healed":0,"gold_gain":0,"player_choice":"Relic","damage_taken":0,"max_hp_gain":0,"max_hp_loss":0,"event_name":"Wheel of Change","floor":21,"gold_loss":0}],"is_beta":false,"boss_relics":[{"not_picked":["Snecko Eye","Replay:Bronze Core"],"picked":"Kintsugi"}],"items_purged_floors":[],"is_endless":false,"potions_floor_spawned":[1,6,8,14,20,22,23],"ascension_level":0}}