{"host":"cxvb37eaaiijvrl4","time":1611114505,"event":{"mods":["ATMod(阿瑾Mod)","BaseMod","Better Third Choice","Minty Spire (QoL Compilation)","MostiFishMod","Quick Restart","Rare Cards Sparkle","Shop Mod","Spicy Shops","StSLib","TestMod","Uncapped","残留之物"],"gold_per_floor":[116,133,133,133,152,193,193,212,212,212,137,137,171,195,195,284,284,297,297,72,88,88,132,132,132,155,155,190,240,260,304,304,400,400,419,269,269,288,113,156,156,156,182,213,613,669,944,988,988,1038,1063,1063,1063,98,183,208],"floor_reached":57,"language":"ZHS","playtime":1547,"items_purged":["Strike_R","Strike_R","Strike_R","Strike_R","Strike_R","Bash+1"],"score":3619,"play_id":"de46cd7f-17c0-405d-a537-2bf6b6b551c9","local_time":"20210119194825","is_ascension_mode":true,"campfire_choices":[{"data":"Whirlwind","floor":7.0,"key":"SMITH"},{"data":"Bloodletting","floor":10.0,"key":"SMITH"},{"data":"Burning Pact","floor":12.0,"key":"SMITH"},{"data":"AT_KingSlayer","floor":15.0,"key":"SMITH"},{"data":"Offering","floor":24.0,"key":"SMITH"},{"data":"Evolve","floor":32.0,"key":"SMITH"},{"data":"Barricade","floor":42.0,"key":"SMITH"},{"floor":49,"key":"RECALL"},{"data":"Bash","floor":53,"key":"SMITH"}],"circlet_count":0,"master_deck":["AscendersBane","Defend_R","Defend_R+1","Defend_R","Defend_R","AT_KingSlayer+1","Whirlwind+1","Bloodletting+1","Burning Pact+1","Shrug It Off+1","Evolve+1","Offering+1","Barricade+1","Feel No Pain"],"relics":["Burning Blood","AT_ATBox","Chemical X","testmod-ChristmasGift","Red Skull","SynthV:TestCard","Golden Idol","Nunchaku","Shuriken","WingedGreaves","PlaceholderMod:LiveLive","AT_TimeSand","AT_ChloranthyRing","DaveBox","Ying","War Paint","Bag of Marbles","testmod-Recursion","Omamori","AT_MibuBalloonWealth","testmod-BlackFramedGlasses","Medical Kit","Civilization","HornCleat","AT_EbonyIvory","Bronze Scales"],"acts_visited":["Exordium","TheCity","TheBeyond","TheEnding"],"potions_floor_usage":[56,56,56,56,56,56],"damage_taken":[{"damage":23.0,"enemies":"Cultist","floor":1.0,"turns":5.0},{"damage":8.0,"enemies":"Small Slimes","floor":2.0,"turns":2.0},{"damage":13.0,"enemies":"Jaw Worm","floor":5.0,"turns":5.0},{"damage":14.0,"enemies":"Gremlin Nob","floor":6.0,"turns":4.0},{"damage":13.0,"enemies":"Exordium Thugs","floor":8.0,"turns":2.0},{"damage":32.0,"enemies":"Lagavulin","floor":13.0,"turns":6.0},{"damage":3.0,"enemies":"2 Fungi Beasts","floor":14.0,"turns":2.0},{"damage":11.0,"enemies":"Slime Boss","floor":16.0,"turns":7.0},{"damage":7.0,"enemies":"2 Thieves","floor":18.0,"turns":2.0},{"damage":20.0,"enemies":"Shell Parasite","floor":21.0,"turns":2.0},{"damage":6.0,"enemies":"Slavers","floor":23.0,"turns":1.0},{"damage":12.0,"enemies":"Gremlin Leader","floor":28.0,"turns":4.0},{"damage":6.0,"enemies":"Centurion and Healer","floor":30.0,"turns":2.0},{"damage":6.0,"enemies":"Book of Stabbing","floor":31.0,"turns":2.0},{"damage":6.0,"enemies":"Collector","floor":33.0,"turns":3.0},{"damage":0.0,"enemies":"3 Shapes","floor":35.0,"turns":1.0},{"damage":6.0,"enemies":"Orb Walker","floor":38.0,"turns":1.0},{"damage":9.0,"enemies":"Giant Head","floor":40.0,"turns":1.0},{"damage":0.0,"enemies":"Nemesis","floor":44.0,"turns":1.0},{"damage":0.0,"enemies":"Mind Bloom Boss Battle","floor":46.0,"turns":1.0},{"damage":0,"enemies":"Spire Growth","floor":48,"turns":1},{"damage":0,"enemies":"Donu and Deca","floor":50,"turns":2},{"damage":0,"enemies":"Time Eater","floor":51,"turns":1},{"damage":0,"enemies":"Shield and Spear","floor":55,"turns":2},{"damage":29,"enemies":"The Heart","floor":56,"turns":4}],"seed_played":"-2540895035765711316","potions_obtained":[{"floor":6.0,"key":"BlessingOfTheForge"},{"floor":13.0,"key":"Block Potion"},{"floor":14.0,"key":"PowerPotion"},{"floor":21.0,"key":"AttackPotion"},{"floor":33.0,"key":"DistilledChaos"},{"floor":38.0,"key":"BloodPotion"}],"is_trial":false,"path_per_floor":["M","M","?","?","M","E","R","M","T","R","$","R","E","M","R","B",null,"M","?","$","M","$","E","R","?","T","?","E","?","M","E","R","B",null,"M","$","?","M","$","E","?","R","T","E","?","?","?","M","R","B","B",null,"R","$","E","B",null],"character_chosen":"IRONCLAD","items_purchased":["Medical Kit","Civilization","HornCleat","AT_EbonyIvory"],"campfire_rested":0,"item_purchase_floors":[54,54,54,54],"current_hp_per_floor":[54,53,53,53,50,44,44,38,38,38,38,38,42,45,45,60,66,68,68,68,56,56,57,57,57,57,57,56,56,58,60,60,65,67,68,68,68,68,68,68,65,65,65,65,65,65,65,65,65,65,65,65,65,65,67,70],"gold":208,"neow_bonus":"RANDOM_COMMON_RELIC","is_daily":false,"chose_seed":false,"campfire_upgraded":8,"win_rate":0.0,"timestamp":1611114505,"path_taken":["M","M","?","?","M","E","R","M","T","R","$","R","E","M","R","BOSS","M","?","$","M","?","E","R","?","T","?","E","?","?","E","R","BOSS","M","$","?","M","$","E","?","R","T","E","?","?","?","M","R","BOSS","BOSS","R","$","E","BOSS"],"items_purchased_type":["Relic","Relic","Relic","Relic"],"build_version":"2020-12-22","purchased_purges":6,"victory":true,"max_hp_per_floor":[75,75,75,68,68,68,68,68,68,68,68,68,68,68,68,68,68,68,68,68,68,68,68,68,68,68,68,68,68,68,68,68,68,68,68,68,68,68,68,68,65,65,65,65,65,65,65,65,65,65,65,65,65,65,67,70],"card_choices":[{"not_picked":["Twin Strike","Dropkick"],"picked":"Whirlwind","floor":1.0},{"not_picked":["True Grit","Power Through","Dual Wield","Pommel Strike"],"picked":"Bloodletting","floor":2.0},{"not_picked":["Rupture","AT_BodySlamDance","Heavy Blade","Flex","Havoc"],"picked":"SKIP","floor":5.0},{"not_picked":["Fiend Fire","Heavy Blade","AT_ManFootWork","Blood for Blood"],"picked":"Burning Pact","floor":6.0},{"not_picked":["Shrug It Off","Clash","AT_CaressingTears","Pommel Strike","Sever Soul"],"picked":"SKIP","floor":8.0},{"not_picked":["Clash","AT_CaressingTears","Pommel Strike","Sever Soul"],"picked":"Shrug It Off","floor":8.0},{"not_picked":["Corruption","Havoc","Blood for Blood","Flame Barrier"],"picked":"Evolve","floor":13.0},{"not_picked":["Flex","Body Slam","Thunderclap","Heavy Blade","Perfected Strike"],"picked":"SKIP","floor":14.0},{"not_picked":["Exhume","Demon Form","MostiFishMod:KnuckleDown","MostiFishMod:TemporaryOutbreak"],"picked":"Offering","floor":16.0},{"not_picked":["Pommel Strike","Anger","Seeing Red","Clash","Clothesline"],"picked":"SKIP","floor":18.0},{"not_picked":["Body Slam","Sword Boomerang+1","MostiFishMod:DarkDeal","AT_DiedThrough","True Grit"],"picked":"SKIP","floor":21.0},{"not_picked":["Headbutt","AT_DrawKnifeCut","Dark Embrace","Shrug It Off+1","Rage"],"picked":"SKIP","floor":23.0},{"not_picked":["True Grit","Shrug It Off+1","Headbutt","Sword Boomerang","Sentinel"],"picked":"SKIP","floor":28.0},{"not_picked":["True Grit","Shrug It Off+1","Headbutt","Sword Boomerang","Sentinel"],"picked":"SKIP","floor":28.0},{"not_picked":["AT_IchimonjiDouble","Twin Strike","Clash","Wild Strike","Shrug It Off"],"picked":"SKIP","floor":30.0},{"not_picked":["Rupture","Rage","Corruption","Headbutt","Iron Wave"],"picked":"SKIP","floor":31.0},{"not_picked":["MostiFishMod:DarkDeal","Offering","Brutality","Feed"],"picked":"Barricade","floor":33.0},{"not_picked":["Shockwave+1","AT_DrawKnifeCut","MostiFishMod:#F4004","Perfected Strike","Metallicize+1"],"picked":"SKIP","floor":35.0},{"not_picked":["Uppercut","Sever Soul+1","Dropkick","Twin Strike","Cleave+1"],"picked":"SKIP","floor":38.0},{"not_picked":["True Grit","Flex","Heavy Blade","AT_IchimonjiDouble","Havoc+1"],"picked":"SKIP","floor":40.0},{"not_picked":["Sever Soul","MostiFishMod:ChineseTea","Clothesline","Ghostly Armor","Whirlwind"],"picked":"SKIP","floor":44.0},{"not_picked":["Cleave","Armaments","Iron Wave","AT_DrawKnifeCut","Thunderclap+1"],"picked":"SKIP","floor":48},{"not_picked":["Sword Boomerang","Fire Breathing","Rupture","Sever Soul"],"picked":"Feel No Pain","floor":55}],"player_experience":700284,"relics_obtained":[{"floor":1.0,"key":"SynthV:TestCard"},{"floor":6.0,"key":"Nunchaku"},{"floor":9.0,"key":"Shuriken"},{"floor":13.0,"key":"WingedGreaves"},{"floor":23.0,"key":"AT_TimeSand"},{"floor":26.0,"key":"AT_ChloranthyRing"},{"floor":28.0,"key":"War Paint"},{"floor":31.0,"key":"Bag of Marbles"},{"floor":40.0,"key":"Omamori"},{"floor":44.0,"key":"AT_MibuBalloonWealth"},{"floor":46.0,"key":"testmod-BlackFramedGlasses"},{"floor":55,"key":"Bronze Scales"}],"event_choices":[{"damage_healed":0.0,"max_hp_gain":0.0,"max_hp_loss":0.0,"gold_gain":0.0,"event_name":"betterThird:BetterSerpent","player_choice":"Ignored","floor":3.0,"gold_loss":0.0,"damage_taken":133.0},{"damage_healed":0.0,"max_hp_gain":0.0,"max_hp_loss":7.0,"gold_gain":0.0,"event_name":"Golden Idol","player_choice":"Lose Max HP","floor":4.0,"gold_loss":0.0,"damage_taken":0.0,"relics_obtained":["Golden Idol"]},{"damage_healed":0.0,"max_hp_gain":0.0,"max_hp_loss":0.0,"gold_gain":0.0,"event_name":"The Mausoleum","player_choice":"Ignored","floor":19.0,"gold_loss":0.0,"damage_taken":0.0},{"damage_healed":0.0,"max_hp_gain":0.0,"max_hp_loss":0.0,"gold_gain":0.0,"event_name":"Ghosts","player_choice":"Ignored","floor":25.0,"gold_loss":0.0,"damage_taken":0.0},{"damage_healed":0.0,"max_hp_gain":0.0,"max_hp_loss":0.0,"gold_gain":0.0,"event_name":"给自己的盒子","player_choice":"Swap Relic","floor":27.0,"relics_lost":["DaveBox"],"gold_loss":0.0,"damage_taken":0.0,"relics_obtained":["DaveBox"]},{"damage_healed":0.0,"max_hp_gain":0.0,"max_hp_loss":0.0,"gold_gain":50.0,"event_name":"betterThird:BetterNest","player_choice":"Steal","floor":29.0,"gold_loss":0.0,"damage_taken":0.0},{"damage_healed":0.0,"max_hp_gain":0.0,"max_hp_loss":0.0,"gold_gain":0.0,"event_name":"SensoryStone","player_choice":"Memory 1","floor":37.0,"gold_loss":0.0,"damage_taken":0.0},{"damage_healed":0.0,"max_hp_gain":0.0,"max_hp_loss":3.0,"gold_gain":0.0,"event_name":"Winding Halls","player_choice":"Max HP","floor":41.0,"gold_loss":0.0,"damage_taken":0.0},{"damage_healed":0.0,"max_hp_gain":0.0,"max_hp_loss":0.0,"gold_gain":400.0,"event_name":"恩洛斯的盘子","player_choice":"Sell","floor":45.0,"relics_lost":["testmod-TestBox"],"gold_loss":0.0,"damage_taken":0.0},{"damage_healed":0.0,"max_hp_gain":0.0,"max_hp_loss":0.0,"gold_gain":0.0,"event_name":"MindBloom","player_choice":"Fight","floor":46.0,"gold_loss":0.0,"damage_taken":0.0},{"damage_healed":0,"gold_gain":275,"player_choice":"Desecrate","damage_taken":0,"max_hp_gain":0,"max_hp_loss":0,"event_name":"Golden Shrine","floor":47,"gold_loss":0,"cards_obtained":["Regret"]}],"is_beta":false,"boss_relics":[{"not_picked":["testmod-PortableAltar","testmod-KeyOfTheVoid"],"picked":"PlaceholderMod:LiveLive"},{"not_picked":["SynthV:MejaisSoulstealer","Calling Bell"],"picked":"testmod-Recursion"}],"items_purged_floors":[11,20,20,36,39,54],"is_endless":false,"potions_floor_spawned":[6,8,13,14,21,31,33,38,46,48],"ascension_level":20}}