{"host":"78gzzqthv4qrbzd5","time":1611108025,"event":{"mods":["BaseMod","Hermit","Jorbs\u0027s Wanderer Trilogy","Marisa????????","Minty Spire (QoL Compilation)","StSLib","The Bug Knight","The Cursed","The Hierophant","The Jungle","The Senshi","The Witch"],"gold_per_floor":[99,118,118,130,200,218,218,256,256,280,304,304,318,341,341,452,452,488,536,536,536],"floor_reached":20,"language":"ENG","playtime":1193,"items_purged":[],"score":180,"play_id":"11bf3118-8e36-4c21-88ff-e1f567258da2","local_time":"20210119210025","daily_mods":["Vintage"],"is_ascension_mode":false,"campfire_choices":[{"floor":15,"key":"REST"}],"circlet_count":0,"master_deck":["hierophant:Strike_Hierophant+1","hierophant:Strike_Hierophant","hierophant:Strike_Hierophant+1","hierophant:Strike_Hierophant","hierophant:Punish+1","hierophant:Defend_Hierophant","hierophant:Defend_Hierophant","hierophant:Defend_Hierophant+1","hierophant:Defend_Hierophant+1","hierophant:ChurchCoffers+1","Injury","hierophant:Community","hierophant:Exaltation+1","hierophant:Cornucopia+1"],"relics":["hierophant:PropheticMaskRelic","War Paint","Toxic Egg 2","Whetstone","Boot","Golden Idol","Dream Catcher","Molten Egg 2","Letter Opener","Frozen Egg 2","Pen Nib","Lantern","SacredBark","Matryoshka","Strawberry"],"acts_visited":["Exordium","TheCity"],"potions_floor_usage":[16,16,20],"damage_taken":[{"damage":0,"enemies":"2 Louse","floor":1,"turns":1},{"damage":1,"enemies":"Jaw Worm","floor":2,"turns":5},{"damage":0,"enemies":"Small Slimes","floor":4,"turns":3},{"damage":3,"enemies":"2 Fungi Beasts","floor":6,"turns":3},{"damage":25,"enemies":"Lagavulin","floor":8,"turns":8},{"damage":0,"enemies":"3 Louse","floor":10,"turns":1},{"damage":4,"enemies":"Exordium Wildlife","floor":11,"turns":5},{"damage":0,"enemies":"Lots of Slimes","floor":13,"turns":1},{"damage":0,"enemies":"2 Fungi Beasts","floor":14,"turns":2},{"damage":45,"enemies":"Slime Boss","floor":16,"turns":14},{"damage":16,"enemies":"2 Thieves","floor":18,"turns":4},{"damage":18,"enemies":"Chosen","floor":19,"turns":6},{"damage":49,"enemies":"Centurion and Healer","floor":20,"turns":8}],"seed_played":"-1797662030907611917","potions_obtained":[{"floor":4,"key":"ColorlessPotion"},{"floor":6,"key":"GamblersBrew"},{"floor":8,"key":"Swift Potion"},{"floor":14,"key":"DuplicationPotion"},{"floor":16,"key":"LiquidBronze"}],"is_trial":true,"path_per_floor":["M","M","?","M","?","M","?","E","T","M","M","?","M","M","R","B",null,"M","M","M"],"character_chosen":"HIEROPHANT","items_purchased":[],"campfire_rested":1,"item_purchase_floors":[],"current_hp_per_floor":[75,74,74,74,74,71,71,46,46,46,42,27,27,27,49,4,75,59,48,0,0],"gold":536,"neow_bonus":"","is_daily":false,"chose_seed":false,"campfire_upgraded":0,"win_rate":0.0,"timestamp":1611108025,"path_taken":["M","M","?","M","?","M","?","E","T","M","?","?","M","M","R","BOSS","M","M","M"],"items_purchased_type":[],"build_version":"2020-12-22","purchased_purges":0,"victory":false,"max_hp_per_floor":[75,75,75,75,75,75,75,75,75,75,75,75,75,75,75,75,75,75,82,82,82],"card_choices":[{"not_picked":["hierophant:SealAway","hierophant:Mercenaries"],"picked":"hierophant:Community","floor":8},{"not_picked":["hierophant:AuricBeam+1","hierophant:Doomsaying+1"],"picked":"hierophant:Exaltation+1","floor":15},{"not_picked":["hierophant:Levitation+1","hierophant:WrathOfGod+1"],"picked":"hierophant:Cornucopia+1","floor":16}],"player_experience":150255,"relics_obtained":[{"floor":1,"key":"War Paint"},{"floor":2,"key":"Toxic Egg 2"},{"floor":4,"key":"Whetstone"},{"floor":6,"key":"Boot"},{"floor":8,"key":"Dream Catcher"},{"floor":9,"key":"Molten Egg 2"},{"floor":10,"key":"Letter Opener"},{"floor":11,"key":"Frozen Egg 2"},{"floor":13,"key":"Pen Nib"},{"floor":14,"key":"Lantern"},{"floor":18,"key":"Matryoshka"},{"floor":19,"key":"Strawberry"}],"event_choices":[{"damage_healed":0,"gold_gain":0,"player_choice":"Fled","damage_taken":0,"max_hp_gain":0,"max_hp_loss":0,"event_name":"Scrap Ooze","floor":3,"gold_loss":0},{"damage_healed":0,"gold_gain":70,"player_choice":"Gained Gold","damage_taken":0,"max_hp_gain":0,"max_hp_loss":0,"event_name":"Golden Wing","floor":5,"gold_loss":0},{"damage_healed":0,"gold_gain":0,"player_choice":"Take Wound","damage_taken":0,"relics_obtained":["Golden Idol"],"max_hp_gain":0,"max_hp_loss":0,"event_name":"Golden Idol","floor":7,"gold_loss":0,"cards_obtained":["Injury"]},{"damage_healed":0,"gold_gain":0,"player_choice":"Entered Light","damage_taken":15,"max_hp_gain":0,"max_hp_loss":0,"event_name":"Shining Light","floor":12,"gold_loss":0,"cards_upgraded":["hierophant:Strike_Hierophant","hierophant:Defend_Hierophant"]}],"is_beta":false,"boss_relics":[{"not_picked":["Busted Crown","Black Star"],"picked":"SacredBark"}],"items_purged_floors":[],"is_endless":true,"potions_floor_spawned":[4,6,8,14,16],"killed_by":"Centurion and Healer","ascension_level":0}}