{"host":"vhkdq3pn44gqx0jn","time":1611185045,"event":{"mods":["AchievementEnabler","BaseMod","Downfall","Hermit","Minty Spire (QoL Compilation)","StSLib","The Cursed","The Servant 0.9.4"],"gold_per_floor":[99,116,128,146,146,146,220,220,234,254,254,254,267,287,301,405,405,405,416,434,434,114,114,114,114,130,230,259,159,179,279,294,389,389,389,389],"floor_reached":34,"language":"ENG","playtime":2852,"items_purged":["bronze:Strike"],"score":391,"play_id":"4e176dc3-4de8-43f7-b763-e18df145e1ee","local_time":"20210120232405","is_ascension_mode":false,"campfire_choices":[{"data":"bronze:Replicate","floor":1,"key":"SMITH"},{"data":"bronze:Goto","floor":6,"key":"SMITH"},{"data":"bronze:Branch","floor":12,"key":"SMITH"},{"data":"bronze:ItsAFeature","floor":18,"key":"SMITH"},{"data":"bronze:Verify","floor":23,"key":"SMITH"},{"data":"bronze:Optimize","floor":29,"key":"SMITH"}],"circlet_count":0,"master_deck":["bronze:Replicate+1","bronze:Goto+1","bronze:DelayedGuard","bronze:Repair","bronze:CutThrough","bronze:OilSpill","bronze:Branch+1","bronze:Optimize+1","bronze:DigitalCarnage","bronze:ItsAFeature+1","bronze:Virus","bronze:Overload+1","bronze:BugBarrage","Writhe","bronze:ThunderWave","bronze:Verify+1","bronze:BuggyMess+1","bronze:HardenedForm","bronze:WhirlingStrike","bronze:ChosenStrike","bronze:DecaBeam","bronze:GetLatest+1","bronze:BronzeOrb","bronze:CleanCode","bronze:Allocate","bronze:Iterate","bronze:Philosophize","bronze:FollowUp","bronze:DigitalCarnage","bronze:ClassDefault"],"relics":["bronze:PlatinumCore","InkBottle","Meat on the Bone","Orichalcum","bronze:SilverBullet","MutagenicStrength","TungstenRod","Bottled Flame","Bag of Preparation","downfall:HeartBlessingBlue","Pandora\u0027s Box"],"acts_visited":["Exordium","TheCity","TheBeyond"],"potions_floor_usage":[20,27,28,33,33,33],"damage_taken":[{"damage":0,"enemies":"2 Louse","floor":2,"turns":2},{"damage":10,"enemies":"Small Slimes","floor":3,"turns":4},{"damage":1,"enemies":"Jaw Worm","floor":4,"turns":5},{"damage":3,"enemies":"Large Slime","floor":9,"turns":5},{"damage":7,"enemies":"Blue Slaver","floor":10,"turns":2},{"damage":1,"enemies":"3 Louse","floor":13,"turns":2},{"damage":0,"enemies":"Large Slime","floor":14,"turns":4},{"damage":7,"enemies":"Exordium Thugs","floor":15,"turns":3},{"damage":62,"enemies":"IC_STATUS_ARCHETYPE","floor":16,"turns":9},{"damage":10,"enemies":"Shell Parasite","floor":19,"turns":3},{"damage":2,"enemies":"Chosen","floor":20,"turns":2},{"damage":5,"enemies":"downfall:FleeingMerchant","floor":22,"turns":4},{"damage":17,"enemies":"Shelled Parasite and Fungi","floor":26,"turns":4},{"damage":23,"enemies":"WA_ARCHETYPE_RETAIN","floor":27,"turns":5},{"damage":12,"enemies":"Slavers","floor":28,"turns":4},{"damage":0,"enemies":"3 Cultists","floor":30,"turns":2},{"damage":12,"enemies":"3 Cultists","floor":31,"turns":6},{"damage":1,"enemies":"Cultist and Chosen","floor":32,"turns":3},{"damage":46,"enemies":"SI_MIRROR_ARCHETYPE","floor":33,"turns":8}],"seed_played":"1696809341919153200","potions_obtained":[{"floor":3,"key":"SkillPotion"},{"floor":9,"key":"SpeedPotion"},{"floor":13,"key":"Fire Potion"},{"floor":16,"key":"AttackPotion"},{"floor":26,"key":"hexamod:SoulburnPotion"},{"floor":28,"key":"SpeedPotion"},{"floor":31,"key":"ColorlessPotion"},{"floor":32,"key":"Energy Potion"}],"is_trial":false,"path_per_floor":["R","M","M","M","?","R","T","?","M","M","?","R","M","M","M","B",null,"R","M","M","?","$","R","T","?","M","?","E","R","M","?","M","B",null],"character_chosen":"THE_AUTOMATON","items_purchased":["bronze:Verify","bronze:SilverBullet"],"campfire_rested":0,"item_purchase_floors":[22,22],"current_hp_per_floor":[77,77,67,73,73,73,73,73,74,67,67,67,73,73,70,30,77,77,77,75,75,77,77,77,77,67,44,42,52,52,47,53,26,87,87,87],"gold":389,"neow_bonus":"TEN_PERCENT_HP_BONUS","is_daily":false,"chose_seed":false,"campfire_upgraded":6,"win_rate":0.0,"timestamp":1611185045,"path_taken":["R","M","M","M","?","R","T","?","M","M","?","R","M","?","M","BOSS","R","M","M","?","$","R","T","?","M","?","E","R","M","?","M","BOSS"],"items_purchased_type":["Card","Relic"],"build_version":"2020-12-22","purchased_purges":1,"victory":false,"max_hp_per_floor":[77,77,77,77,77,77,77,77,77,77,77,77,77,77,77,77,77,77,77,77,77,77,77,77,77,77,77,77,87,87,87,87,87,87,87,87],"card_choices":[{"not_picked":["bronze:BuggyMess","bronze:Safeguard"],"picked":"bronze:DelayedGuard","floor":2},{"not_picked":["bronze:Shield","bronze:Branch"],"picked":"bronze:Repair","floor":3},{"not_picked":["bronze:OilSpill","bronze:Shield"],"picked":"bronze:CutThrough","floor":4},{"not_picked":["bronze:BitShift","bronze:Break"],"picked":"bronze:OilSpill","floor":9},{"not_picked":["bronze:Fortify","bronze:Safeguard"],"picked":"bronze:Branch","floor":10},{"not_picked":["bronze:OilSpill","bronze:Allocate"],"picked":"bronze:Optimize","floor":13},{"not_picked":["bronze:Repulsor","bronze:GetLatest"],"picked":"bronze:DigitalCarnage","floor":14},{"not_picked":["bronze:BugBarrage","bronze:WildBeam"],"picked":"bronze:ItsAFeature","floor":15},{"not_picked":["bronze:BurnOut","bronze:AlphaBuild"],"picked":"bronze:Virus","floor":16},{"not_picked":["bronze:Branch","bronze:ChildClass"],"picked":"bronze:Overload+1","floor":19},{"not_picked":["bronze:DelayedGuard+1","bronze:Iterate"],"picked":"bronze:BugBarrage","floor":20},{"not_picked":["bronze:CloningBeam","bronze:FineTuning"],"picked":"bronze:ThunderWave","floor":22},{"not_picked":["bronze:Turbo+1","bronze:Overheat"],"picked":"bronze:BuggyMess+1","floor":26},{"not_picked":["bronze:CutThrough+1","bronze:Overheat"],"picked":"bronze:HardenedForm","floor":27},{"not_picked":["bronze:DarkDash","bronze:Verify"],"picked":"bronze:WhirlingStrike","floor":28},{"not_picked":["bronze:Optimize","bronze:Fortify"],"picked":"bronze:ChosenStrike","floor":30},{"not_picked":[],"picked":"bronze:DecaBeam","floor":31},{"not_picked":["bronze:BitShift","bronze:Turbo"],"picked":"bronze:GetLatest+1","floor":31},{"not_picked":["bronze:Repair","bronze:Shield"],"picked":"bronze:BronzeOrb","floor":32},{"not_picked":["bronze:HardenedForm","bronze:ThunderWave"],"picked":"bronze:CleanCode","floor":33}],"player_experience":123101,"relics_obtained":[{"floor":7,"key":"InkBottle"},{"floor":27,"key":"TungstenRod"},{"floor":27,"key":"Bottled Flame"},{"floor":28,"key":"Bag of Preparation"}],"event_choices":[{"cards_removed":["bronze:Defend"],"damage_healed":0,"gold_gain":0,"player_choice":"Card Removal","damage_taken":0,"max_hp_gain":0,"max_hp_loss":0,"event_name":"The Cleric","floor":8,"gold_loss":0},{"damage_healed":0,"gold_gain":0,"player_choice":"Inject Mutagens","damage_taken":0,"relics_obtained":["MutagenicStrength"],"max_hp_gain":0,"max_hp_loss":0,"event_name":"Drug Dealer","floor":25,"gold_loss":0}],"is_beta":false,"boss_relics":[{"not_picked":["Busted Crown","Calling Bell"],"picked":"bronze:PlatinumCore"},{"not_picked":["Astrolabe","Runic Pyramid"],"picked":"Pandora\u0027s Box"}],"items_purged_floors":[22],"is_endless":false,"potions_floor_spawned":[3,9,13,14,16,26,28,31,32],"ascension_level":0}}