{"host":"yit83h4eit4n91s5","time":1611164476,"event":{"mods":["AchievementEnabler","BaseMod","Colored Map","Minty Spire (QoL Compilation)"],"gold_per_floor":[116,133,146,146,146,146,162,193,247,212,212,212,242,254,254,354,354,309,309,234,234,12,12,12],"floor_reached":23,"language":"ENG","playtime":833,"items_purged":["Writhe"],"score":217,"play_id":"b6fc6bec-d337-45c9-a057-45d64443b996","local_time":"20210120124116","is_ascension_mode":true,"campfire_choices":[{"floor":6,"key":"REST"},{"floor":12,"key":"REST"},{"floor":15,"key":"REST"}],"circlet_count":0,"master_deck":["Strike_R","Strike_R","Strike_R","Defend_R","Defend_R","Defend_R","Defend_R","Bash","Violence","Sword Boomerang","Sword Boomerang","Pommel Strike+1","Uppercut+1","Seeing Red","Pummel","Berserk","Sword Boomerang+1","Clothesline"],"relics":["Burning Blood","Letter Opener","Oddly Smooth Stone","Ancient Tea Set","Ectoplasm","Red Mask","Kunai","HandDrill"],"acts_visited":["Exordium","TheCity"],"potions_floor_usage":[8,23,23],"damage_taken":[{"damage":13,"enemies":"Jaw Worm","floor":1,"turns":5},{"damage":9,"enemies":"2 Louse","floor":2,"turns":3},{"damage":13,"enemies":"Small Slimes","floor":3,"turns":4},{"damage":5,"enemies":"2 Fungi Beasts","floor":7,"turns":3},{"damage":28,"enemies":"Gremlin Nob","floor":8,"turns":5},{"damage":27,"enemies":"3 Sentries","floor":13,"turns":8},{"damage":4,"enemies":"Looter","floor":14,"turns":3},{"damage":51,"enemies":"The Guardian","floor":16,"turns":11},{"damage":24,"enemies":"2 Thieves","floor":18,"turns":4},{"damage":54,"enemies":"Masked Bandits","floor":19,"turns":5},{"damage":19,"enemies":"Slavers","floor":23,"turns":2}],"seed_played":"6705844780994290859","potions_obtained":[{"floor":1,"key":"Block Potion"},{"floor":3,"key":"SkillPotion"},{"floor":8,"key":"EssenceOfSteel"}],"is_trial":false,"path_per_floor":["M","M","M","?","$","R","M","E","T","?","?","R","E","M","R","B",null,"M","?","?","?","$","E"],"character_chosen":"IRONCLAD","items_purchased":["HandDrill"],"campfire_rested":3,"item_purchase_floors":[22],"current_hp_per_floor":[49,46,39,32,32,56,57,35,35,55,39,63,42,44,68,23,80,62,14,14,14,14,0,0],"gold":12,"neow_bonus":"RANDOM_COLORLESS_2","is_daily":false,"chose_seed":false,"campfire_upgraded":0,"win_rate":0.0,"timestamp":1611164476,"path_taken":["M","M","M","?","$","R","M","E","T","?","?","R","E","M","R","BOSS","M","?","?","?","$","E"],"items_purchased_type":["Relic"],"build_version":"2020-12-22","purchased_purges":1,"victory":false,"max_hp_per_floor":[80,80,80,80,80,80,80,80,80,80,80,80,80,80,80,80,80,80,80,80,80,80,80,80],"card_choices":[{"not_picked":["Secret Weapon","Magnetism"],"picked":"Violence","floor":0},{"not_picked":["Heavy Blade","Cleave"],"picked":"Sword Boomerang","floor":1},{"not_picked":["Armaments","Shrug It Off"],"picked":"Sword Boomerang","floor":2},{"not_picked":["Wild Strike","Flex"],"picked":"Pommel Strike","floor":3},{"not_picked":["True Grit","Warcry"],"picked":"Uppercut","floor":7},{"not_picked":["Rage","Dark Embrace"],"picked":"Seeing Red","floor":8},{"not_picked":["Thunderclap","Cleave"],"picked":"Pummel","floor":13},{"not_picked":["Warcry","Cleave","Headbutt"],"picked":"SKIP","floor":14},{"not_picked":["Limit Break","Immolate"],"picked":"Berserk","floor":16},{"not_picked":["Uppercut","Shrug It Off"],"picked":"Sword Boomerang+1","floor":18},{"not_picked":["Twin Strike","Impervious"],"picked":"Clothesline","floor":19}],"player_experience":167166,"relics_obtained":[{"floor":8,"key":"Letter Opener"},{"floor":9,"key":"Oddly Smooth Stone"},{"floor":13,"key":"Ancient Tea Set"},{"floor":19,"key":"Red Mask"}],"event_choices":[{"cards_removed":["Strike_R"],"damage_healed":0,"gold_gain":0,"player_choice":"Card Removal","damage_taken":7,"max_hp_gain":0,"max_hp_loss":0,"event_name":"Golden Wing","floor":4,"gold_loss":0},{"damage_healed":20,"gold_gain":0,"player_choice":"Healed","damage_taken":0,"max_hp_gain":0,"max_hp_loss":0,"event_name":"The Cleric","floor":10,"gold_loss":35},{"damage_healed":0,"gold_gain":0,"player_choice":"Entered Light","damage_taken":16,"max_hp_gain":0,"max_hp_loss":0,"event_name":"Shining Light","floor":11,"gold_loss":0,"cards_upgraded":["Uppercut","Pommel Strike"]},{"damage_healed":0,"gold_gain":0,"player_choice":"Fought Bandits","damage_taken":0,"max_hp_gain":0,"max_hp_loss":0,"event_name":"Masked Bandits","floor":19,"gold_loss":0},{"cards_removed":["Strike_R"],"damage_healed":0,"gold_gain":0,"player_choice":"Gave Gold","damage_taken":0,"max_hp_gain":0,"max_hp_loss":0,"event_name":"Beggar","floor":20,"gold_loss":75},{"damage_healed":0,"gold_gain":0,"player_choice":"Opened","damage_taken":0,"relics_obtained":["Kunai"],"max_hp_gain":0,"max_hp_loss":0,"event_name":"The Mausoleum","floor":21,"gold_loss":0,"cards_obtained":["Writhe"]}],"is_beta":false,"boss_relics":[{"not_picked":["Fusion Hammer","Empty Cage"],"picked":"Ectoplasm"}],"items_purged_floors":[22],"is_endless":false,"potions_floor_spawned":[1,3,8],"killed_by":"Slavers","ascension_level":2}}