{"host":"fq1bpa5mgr3rtgnr","time":1611143144,"event":{"mods":["AchievementEnabler","BaseMod","Colored Map","Colored Powertips","Duelist Mod","Highlight Path","Minty Spire (QoL Compilation)","Relic Stats","StSLib"],"gold_per_floor":[135,151,111,122,137,165,107,172,172,172,202,45,77,77,77,178,178,196,213,230,230,230,230,80,112,137,137,173,173,173],"floor_reached":29,"language":"ENG","playtime":3463,"items_purged":["theDuelist:CastleWalls"],"score":307,"play_id":"af813514-adac-4ef2-9c97-71977c06e96a","local_time":"20210120064544","is_ascension_mode":true,"campfire_choices":[{"data":"theDuelist:VenomShot+1","floor":10,"key":"SMITH"},{"floor":15,"key":"REST"},{"data":"theDuelist:NaturiaSacredTree","floor":23,"key":"SMITH"},{"data":"theDuelist:VenomShot+2","floor":27,"key":"SMITH"}],"circlet_count":0,"master_deck":["theDuelist:CastleWalls","theDuelist:NaturiaBeast+1","theDuelist:NaturiaCliff+1","theDuelist:NaturiaRock+1","theDuelist:NaturiaTulip+1","theDuelist:Sparks","theDuelist:Sparks","theDuelist:Sparks","theDuelist:CrystalRose","theDuelist:VenomShot+3","theDuelist:NaturiaStagBeetle+1","theDuelist:NaturiaRosewhip+1","theDuelist:WormBait","theDuelist:GraniteLoyalist","theDuelist:NaturiaSacredTree+1","theDuelist:NaturiaEggplant","theDuelist:Mudora","theDuelist:MultiplicationOfAnts","theDuelist:Mudora+1","theDuelist:BigKoala","theDuelist:NaturiaBeans","theDuelist:Wiretap+1","theDuelist:PotForbidden"],"relics":["theDuelist:MillenniumPuzzle","theDuelist:CardPoolRelic","theDuelist:CardPoolBasicRelic","theDuelist:BoosterPackPoolRelic","theDuelist:CardPoolAddRelic","theDuelist:CardPoolMinusRelic","theDuelist:CardPoolSaveRelic","theDuelist:CardPoolOptionsRelic","Magic Flower","WingedGreaves","theDuelist:NamelessPowerRelicA","Incense Burner","Sundial","Cables","Mark of Pain","theDuelist:DuelistOrichalcum","theDuelist:BoosterPackHealer","Toy Ornithopter","CeramicFish"],"acts_visited":["Exordium","TheCity"],"potions_floor_usage":[],"damage_taken":[{"damage":0.0,"enemies":"2 Louse","floor":1.0,"turns":4.0},{"damage":4.0,"enemies":"Cultist","floor":2.0,"turns":4.0},{"damage":6.0,"enemies":"Jaw Worm","floor":4.0,"turns":5.0},{"damage":8.0,"enemies":"Blue Slaver","floor":5.0,"turns":4.0},{"damage":13.0,"enemies":"Lagavulin","floor":6.0,"turns":7.0},{"damage":8,"enemies":"3 Sentries","floor":8,"turns":9},{"damage":23,"enemies":"3 Sentries","floor":11,"turns":10},{"damage":14,"enemies":"Lagavulin","floor":13,"turns":8},{"damage":3,"enemies":"The Guardian","floor":16,"turns":8},{"damage":8,"enemies":"Spheric Guardian","floor":18,"turns":5},{"damage":9,"enemies":"3 Byrds","floor":19,"turns":5},{"damage":17,"enemies":"Centurion and Healer","floor":20,"turns":6},{"damage":27,"enemies":"Gremlin Leader","floor":25,"turns":6},{"damage":1,"enemies":"theDuelist:KaibaA2","floor":28,"turns":5},{"damage":19,"enemies":"3 Cultists","floor":29,"turns":3}],"seed_played":"3332246901907898557","potions_obtained":[{"floor":1.0,"key":"Fruit Juice"},{"floor":3.0,"key":"FairyPotion"},{"floor":3.0,"key":"Regen Potion"},{"floor":3.0,"key":"theDuelist:LavaBottle"},{"floor":5.0,"key":"EssenceOfSteel"},{"floor":6.0,"key":"Energy Potion"},{"floor":11,"key":"theDuelist:SealedPack"},{"floor":20,"key":"CultistPotion"},{"floor":25,"key":"theDuelist:LavaBottle"}],"is_trial":false,"path_per_floor":["M","M","?","M","M","E","?","?","T","R","E","$","E","?","R","B",null,"M","M","M","?","?","R","$","E","T","R","E","M"],"character_chosen":"THE_DUELIST","items_purchased":["theDuelist:NaturiaSacredTree","theDuelist:NaturiaEggplant","theDuelist:DuelistOrichalcum"],"campfire_rested":1,"item_purchase_floors":[12,12,24],"current_hp_per_floor":[56,52,57,51,43,54,54,46,46,46,23,23,9,9,33,30,81,73,64,47,47,47,47,47,20,20,20,19,0,0],"gold":173,"neow_bonus":"ONE_RARE_RELIC","is_daily":false,"chose_seed":false,"campfire_upgraded":3,"win_rate":0.0,"timestamp":1611143144,"path_taken":["M","M","?","M","?","E","?","?","T","R","E","?","E","?","R","BOSS","M","?","M","?","?","R","?","E","T","R","E","M"],"items_purchased_type":["Card","Card","Relic"],"build_version":"2020-12-22","purchased_purges":1,"victory":false,"max_hp_per_floor":[80,80,85,85,85,85,85,85,85,85,85,85,85,81,81,81,81,81,81,81,81,81,81,81,81,81,81,81,81,81],"relic_stats":{"counters":[15,89],"Sundial":[6],"CeramicFish":9,"Magic Flower":[9],"obtain_stats":[{"theDuelist:DuelistOrichalcum":24,"CeramicFish":28,"Magic Flower":0,"theDuelist:BoosterPackHealer":25,"Incense Burner":8,"theDuelist:MillenniumPuzzle":0,"theDuelist:CardPoolSaveRelic":0,"theDuelist:NamelessPowerRelicA":7,"Cables":13,"theDuelist:BoosterPackPoolRelic":0,"theDuelist:CardPoolMinusRelic":0,"Sundial":11,"theDuelist:CardPoolBasicRelic":0,"theDuelist:CardPoolAddRelic":0,"WingedGreaves":6,"Mark of Pain":17,"theDuelist:CardPoolOptionsRelic":0,"Toy Ornithopter":26,"theDuelist:CardPoolRelic":0},{"theDuelist:DuelistOrichalcum":12,"CeramicFish":14,"Magic Flower":0,"theDuelist:BoosterPackHealer":13,"Incense Burner":6,"theDuelist:MillenniumPuzzle":0,"theDuelist:CardPoolSaveRelic":0,"theDuelist:NamelessPowerRelicA":5,"Cables":8,"theDuelist:BoosterPackPoolRelic":0,"theDuelist:CardPoolMinusRelic":0,"Sundial":7,"theDuelist:CardPoolBasicRelic":0,"theDuelist:CardPoolAddRelic":0,"WingedGreaves":5,"Mark of Pain":9,"theDuelist:CardPoolOptionsRelic":0,"Toy Ornithopter":13,"theDuelist:CardPoolRelic":0},{"theDuelist:DuelistOrichalcum":75,"CeramicFish":86,"Magic Flower":0,"theDuelist:BoosterPackHealer":81,"Incense Burner":33,"theDuelist:MillenniumPuzzle":0,"theDuelist:CardPoolSaveRelic":0,"theDuelist:NamelessPowerRelicA":24,"Cables":51,"theDuelist:BoosterPackPoolRelic":0,"theDuelist:CardPoolMinusRelic":0,"Sundial":43,"theDuelist:CardPoolBasicRelic":0,"theDuelist:CardPoolAddRelic":0,"WingedGreaves":24,"Mark of Pain":59,"theDuelist:CardPoolOptionsRelic":0,"Toy Ornithopter":81,"theDuelist:CardPoolRelic":0}],"Toy Ornithopter":0,"Cables":[0,0,0,0,0]},"card_choices":[{"not_picked":["theDuelist:NaturiaRock","theDuelist:NaturiaGaiastrio","theDuelist:NaturiaLandoise","theDuelist:NaturiaCliff"],"picked":"theDuelist:CrystalRose","floor":1.0},{"not_picked":["theDuelist:SphereKuriboh","theDuelist:Wiretap","theDuelist:DianKeto+1","theDuelist:RedMedicine+1"],"picked":"theDuelist:VenomShot+1","floor":2.0},{"not_picked":["theDuelist:NaturiaDragonfly","theDuelist:NaturiaRock","theDuelist:NaturiaEggplant","theDuelist:NaturiaAntjaw"],"picked":"theDuelist:WormBait","floor":4.0},{"not_picked":["theDuelist:NaturiaEggplant","theDuelist:NaturiaRock","theDuelist:AfterGenocide","theDuelist:LeodrakeMane"],"picked":"theDuelist:NaturiaStagBeetle","floor":5.0},{"not_picked":["theDuelist:NaturiaCliff","theDuelist:NaturiaMarron","theDuelist:SummoningSwarm","theDuelist:LonefireBlossom"],"picked":"theDuelist:NaturiaRosewhip","floor":6.0},{"not_picked":["theDuelist:WildNatureRelease","theDuelist:VenomShot","theDuelist:BarkionBark","theDuelist:LuminousMoss"],"picked":"theDuelist:WormBait","floor":8},{"not_picked":["theDuelist:Sangan","theDuelist:WingedKuriboh","theDuelist:DestroyerGolem","theDuelist:Fissure"],"picked":"theDuelist:GraniteLoyalist","floor":11},{"not_picked":["theDuelist:Fissure","theDuelist:HaneHane","theDuelist:GemArmadillo","theDuelist:BigKoala"],"picked":"theDuelist:Mudora","floor":13},{"not_picked":["theDuelist:NaturiaForest","theDuelist:SeismicShockwave","theDuelist:NaturiaBarkion","theDuelist:NaturiaHorneedle"],"picked":"theDuelist:MultiplicationOfAnts","floor":16},{"not_picked":["theDuelist:GolemSentry","theDuelist:MillenniumScorpion","theDuelist:RockSunrise","theDuelist:HaneHane"],"picked":"theDuelist:Mudora+1","floor":18},{"not_picked":["theDuelist:SurvivalInstinct","theDuelist:Pollinosis+1","theDuelist:LairWire","theDuelist:BottomlessTrapHole","theDuelist:AcidTrapHole+1"],"picked":"SKIP","floor":19},{"not_picked":["theDuelist:MudragonSwamp","theDuelist:GolemSentry","theDuelist:ReleaseFromStone","theDuelist:ShardGreed"],"picked":"theDuelist:BigKoala","floor":20},{"not_picked":["theDuelist:SurvivalInstinct+1","theDuelist:Pollinosis+1","theDuelist:NatureReflection","theDuelist:LairWire"],"picked":"theDuelist:Wiretap+1","floor":25},{"not_picked":["theDuelist:NaturiaRock","theDuelist:NaturiaGaiastrio","theDuelist:CrystalRose","theDuelist:NaturiaLandoise"],"picked":"theDuelist:PotForbidden","floor":28}],"player_experience":397651,"relics_obtained":[{"floor":6.0,"key":"WingedGreaves"},{"floor":8,"key":"Incense Burner"},{"floor":11,"key":"Sundial"},{"floor":13,"key":"Cables"},{"floor":25,"key":"theDuelist:BoosterPackHealer"},{"floor":26,"key":"Toy Ornithopter"},{"floor":28,"key":"CeramicFish"}],"event_choices":[{"damage_healed":0.0,"max_hp_gain":0.0,"max_hp_loss":0.0,"gold_gain":0.0,"event_name":"The Woman in Blue","player_choice":"Bought 3 Potions","floor":3.0,"gold_loss":0.0,"damage_taken":0.0},{"power_reward":2,"total_magic_score":32,"gold_gain":0,"duelist":true,"damage_taken":0,"relics_obtained":["theDuelist:NamelessPowerRelicA"],"points":2,"max_hp_gain":0,"max_hp_loss":0,"spent_points":{"magic":0,"greed":0,"war":0,"power":2,"hunger":0},"event_name":"Nameless Tomb","floor":7,"gold_loss":58,"cards_obtained":[]},{"damage_healed":0,"gold_gain":30,"player_choice":"Searched \u00272\u0027 times","damage_taken":0,"max_hp_gain":0,"max_hp_loss":0,"event_name":"Dead Adventurer","floor":8,"gold_loss":0},{"damage_healed":0,"gold_gain":0,"player_choice":"Brew - 2x Potion Slots","duelist":true,"damage_taken":0,"max_hp_gain":0,"max_hp_loss":0,"event_name":"Aknamkanon\u0027s Tomb","floor":14,"gold_loss":0},{"cards_removed":["theDuelist:CastleWalls"],"damage_healed":0,"gold_gain":0,"player_choice":"Elegance","damage_taken":0,"max_hp_gain":0,"max_hp_loss":0,"event_name":"Back to Basics","floor":21,"gold_loss":0},{"damage_healed":0,"gold_gain":0,"player_choice":"Read","damage_taken":0,"max_hp_gain":0,"max_hp_loss":0,"event_name":"The Library","floor":22,"gold_loss":0,"cards_obtained":["theDuelist:NaturiaBeans"]}],"is_beta":false,"boss_relics":[{"not_picked":["theDuelist:MillenniumKey","Black Star"],"picked":"Mark of Pain"}],"items_purged_floors":[12],"is_endless":false,"potions_floor_spawned":[1,5,6,11,20,25],"killed_by":"3 Cultists","ascension_level":2}}