{"host":"rjfefv2ruvigm2gb","time":1611104967,"event":{"mods":["A Penny For Your Troubles","Act Like it!","AlwaysNeverKeys","Arknights The Spire","BaseMod","Block Reminder","Conspire","Curses Come First","Dark Map","Displayed Cursed Tome","Elementarium","Evolution","Fireblade Mod","Fox Events","Gensokyo","Gold Saver","Googly Eyes","HexUI Lib","Hubris","Infinite Spire","Ironclad Rager","Mad Scientist","Mimic Mod","Minty Spire (QoL Compilation)","Permanent Neow","Poor People Problems","Quick Restart","Relic Stats","Replay The Spire","Shop Mod","Spire Arcade","StS++","StSLib","SuperFastMode","The Alterego","The Blue Laboratory","The Sage","TheSwordswoman","Thieving Mod","Virulent Crown"],"gold_per_floor":[109,109,123,138,152,180,180,192,246,93,93,107,107,120,120,225,225,236,247,247,260,280,280,280,280,280,294,307,307,307,320,320,320,320],"floor_reached":33,"language":"ENG","playtime":1242,"items_purged":[],"score":253,"play_id":"25d19a53-0fa4-40fb-96a6-1b5ba4e3608a","local_time":"20210119190927","is_ascension_mode":false,"campfire_choices":[{"floor":7,"key":"REST"},{"data":"FireBladeMod:Flames","floor":15,"key":"SMITH"},{"data":"FireBladeMod:Flames+1","floor":23,"key":"SMITH"},{"floor":25,"key":"REST"},{"data":"FireBladeMod:Flames+2","floor":29,"key":"SMITH"},{"floor":32,"key":"REST"}],"circlet_count":0,"master_deck":["FireBladeMod:StrikeFireBlade","FireBladeMod:StrikeFireBlade","FireBladeMod:StrikeFireBlade","FireBladeMod:StrikeFireBlade","FireBladeMod:DefendFireBlade","FireBladeMod:DefendFireBlade","FireBladeMod:DefendFireBlade","FireBladeMod:DefendFireBlade","FireBladeMod:FlamingSword","FireBladeMod:FireBarrier","FireBladeMod:ComboCleave","FireBladeMod:FlashBang","FireBladeMod:ThirstForBlood","FireBladeMod:SoulStrike","FireBladeMod:ComboSlashes","FireBladeMod:Flames+3","FireBladeMod:IronEndurance"],"relics":["FireBladeMod:DuelistLocket","EVO:Axolotl","MealTicket","conspire:InfiniteJournal","hubris:TenFootPole","Bag of Marbles","hubris:ScarierMask","Pantograph","CaptainsWheel"],"acts_visited":["Exordium","TheCity"],"potions_floor_usage":[5,8,14,16,16,31,31],"damage_taken":[{"damage":0,"enemies":"Cultist","floor":1,"turns":3},{"damage":3,"enemies":"Jaw Worm","floor":3,"turns":4},{"damage":3,"enemies":"conspire:RoseBush","floor":4,"turns":3},{"damage":1,"enemies":"Blue Slaver","floor":5,"turns":4},{"damage":21,"enemies":"Lagavulin","floor":6,"turns":6},{"damage":3,"enemies":"Red Slaver","floor":8,"turns":4},{"damage":12,"enemies":"Exordium Thugs","floor":12,"turns":5},{"damage":1,"enemies":"Exordium Wildlife","floor":14,"turns":3},{"damage":44,"enemies":"Slime Boss","floor":16,"turns":10},{"damage":9,"enemies":"2 Thieves","floor":18,"turns":3},{"damage":15,"enemies":"Spheric Guardian","floor":19,"turns":4},{"damage":11,"enemies":"Cultist and Chosen","floor":21,"turns":5},{"damage":21,"enemies":"Centurion and Healer","floor":22,"turns":5},{"damage":0,"enemies":"Chosen and Byrds","floor":27,"turns":4},{"damage":13,"enemies":"Shelled Parasite and Fungi","floor":28,"turns":5},{"damage":20,"enemies":"Snecko","floor":31,"turns":5},{"damage":73,"enemies":"Automaton","floor":33,"turns":6}],"seed_played":"-2496275319428489118","potions_obtained":[{"floor":3,"key":"blueLaboratory:FruitPunch"},{"floor":5,"key":"PowerPotion"},{"floor":6,"key":"Weak Potion"},{"floor":12,"key":"Energy Potion"},{"floor":14,"key":"Weak Potion"},{"floor":22,"key":"DuplicationPotion"},{"floor":27,"key":"Explosive Potion"}],"is_trial":false,"path_per_floor":["M","$","M","M","M","E","R","M","T","$","?","M","$","M","R","B",null,"M","M","?","M","M","R","AVR","R","T","M","M","R","MIM","M","R","B"],"character_chosen":"THE_FIREBLADE","items_purchased":["Bag of Marbles"],"campfire_rested":3,"item_purchase_floors":[10],"current_hp_per_floor":[70,70,67,64,65,44,65,62,62,72,72,60,72,71,71,27,72,63,48,72,61,40,40,40,61,61,61,48,48,48,28,49,0,0],"gold":320,"neow_bonus":"RANDOM_COMMON_RELIC","is_daily":false,"chose_seed":false,"campfire_upgraded":3,"win_rate":0.0,"timestamp":1611104967,"path_taken":["M","$","?","M","M","E","R","M","T","$","?","M","$","M","R","BOSS","M","M","?","M","M","R","AVR","R","T","M","?","R","?","M","R","BOSS"],"items_purchased_type":["Relic"],"build_version":"2020-12-22","purchased_purges":0,"victory":false,"max_hp_per_floor":[70,70,70,70,72,72,72,72,72,72,72,72,72,72,72,72,72,72,72,72,72,72,72,72,72,72,72,72,72,72,72,72,72,72],"relic_stats":{"counters":[17,79],"Pantograph":23,"MealTicket":22,"obtain_stats":[{"CaptainsWheel":26,"FireBladeMod:DuelistLocket":0,"Pantograph":24,"hubris:ScarierMask":17,"MealTicket":0,"hubris:TenFootPole":9,"Bag of Marbles":10,"EVO:Axolotl":0,"conspire:InfiniteJournal":6},{"CaptainsWheel":13,"FireBladeMod:DuelistLocket":0,"Pantograph":13,"hubris:ScarierMask":9,"MealTicket":0,"hubris:TenFootPole":6,"Bag of Marbles":6,"EVO:Axolotl":0,"conspire:InfiniteJournal":5},{"CaptainsWheel":59,"FireBladeMod:DuelistLocket":0,"Pantograph":59,"hubris:ScarierMask":42,"MealTicket":0,"hubris:TenFootPole":24,"Bag of Marbles":24,"EVO:Axolotl":0,"conspire:InfiniteJournal":20}]},"card_choices":[{"not_picked":["FireBladeMod:Refreshment","FireBladeMod:HealthyEndurance"],"picked":"FireBladeMod:ComboCleave","floor":1},{"not_picked":["FireBladeMod:IronEndurance","FireBladeMod:Shove"],"picked":"FireBladeMod:FlashBang","floor":3},{"not_picked":["FireBladeMod:FlashBang","FireBladeMod:ComboCleave"],"picked":"FireBladeMod:ThirstForBlood","floor":4},{"not_picked":["FireBladeMod:FerventSlash","FireBladeMod:FinishingBarrage"],"picked":"FireBladeMod:SoulStrike","floor":5},{"not_picked":["FireBladeMod:RapidDodges","FireBladeMod:FerventSlash","FireBladeMod:Improvise"],"picked":"SKIP","floor":6},{"not_picked":["FireBladeMod:StingingSlash","FireBladeMod:SoulStrike"],"picked":"FireBladeMod:ComboSlashes","floor":8},{"not_picked":["FireBladeMod:WellPrepared","FireBladeMod:Feint"],"picked":"FireBladeMod:Flames","floor":12},{"not_picked":["FireBladeMod:ComplexDefense","FireBladeMod:LightningCombo","FireBladeMod:SteadyEndurance"],"picked":"SKIP","floor":14},{"not_picked":["FireBladeMod:SteadyEndurance","FireBladeMod:ComplexDefense","FireBladeMod:Tempo+1"],"picked":"SKIP","floor":18},{"not_picked":["FireBladeMod:RollWithTheBlow+1","FireBladeMod:ScorchingStrike"],"picked":"FireBladeMod:IronEndurance","floor":19},{"not_picked":["FireBladeMod:SoulSword","FireBladeMod:ComboSlashes+1","FireBladeMod:Unbalance"],"picked":"SKIP","floor":21},{"not_picked":["FireBladeMod:Shove","FireBladeMod:FerventSlash","FireBladeMod:WellPrepared+1"],"picked":"SKIP","floor":22},{"not_picked":["FireBladeMod:Wildfire+1","FireBladeMod:Shove","FireBladeMod:ArmSmash"],"picked":"SKIP","floor":27},{"not_picked":["FireBladeMod:BackhandSwing","FireBladeMod:SmokySwing","FireBladeMod:SteadyEndurance"],"picked":"SKIP","floor":28},{"not_picked":["FireBladeMod:SteadyEndurance","FireBladeMod:ComplexAttack","FireBladeMod:BasicSmash"],"picked":"SKIP","floor":31}],"player_experience":1001229,"relics_obtained":[{"floor":6,"key":"conspire:InfiniteJournal"},{"floor":9,"key":"hubris:TenFootPole"},{"floor":26,"key":"CaptainsWheel"}],"event_choices":[{"damage_healed":24,"gold_gain":0,"player_choice":"Heal","damage_taken":0,"max_hp_gain":0,"max_hp_loss":0,"event_name":"The Library","floor":20,"gold_loss":0}],"is_beta":false,"boss_relics":[{"not_picked":["Runic Dome","FireBladeMod:BattleMasterLocket"],"picked":"hubris:ScarierMask"}],"items_purged_floors":[],"is_endless":false,"potions_floor_spawned":[3,5,6,12,14,22,27,31],"killed_by":"Automaton","ascension_level":0}}