{"host":"cdel65b26c76bdk4","time":1611169648,"event":{"mods":["BaseMod","Bestiary","Colored Map","Colored Powertips","Highlight Path","Minty Spire (QoL Compilation)","Quick Restart","Random Character Button","Relic Stats"],"gold_per_floor":[115,115,95,107,182,218,36,74,148,148,176,191,191,205,205,288,288,311,226,191,191,4,4,4,4],"floor_reached":24,"language":"ENG","playtime":981,"items_purged":["Strike_R","Strike_R"],"score":401,"play_id":"c0380bf0-6fa7-442c-820c-5a9fc869e387","local_time":"20210120130728","is_ascension_mode":true,"campfire_choices":[{"data":"Rampage","floor":10.0,"key":"SMITH"},{"data":"Warcry","floor":13.0,"key":"SMITH"},{"data":"Shrug It Off","floor":15.0,"key":"SMITH"},{"floor":23.0,"key":"REST"}],"circlet_count":0,"master_deck":["AscendersBane","Strike_R","Strike_R","Strike_R","Defend_R","Defend_R","Defend_R","Bash","Shrug It Off+1","Thunderclap","Impervious","Rampage+1","Shrug It Off","Warcry+1","Dropkick","Impervious+1","Battle Trance+1","Shrug It Off+1"],"relics":["Black Blood","NeowsBlessing","CeramicFish","Bottled Flame","Toxic Egg 2","Ornamental Fan"],"acts_visited":["Exordium","TheCity"],"potions_floor_usage":[24],"damage_taken":[{"damage":0.0,"enemies":"2 Louse","floor":1.0,"turns":1.0},{"damage":0.0,"enemies":"Small Slimes","floor":4.0,"turns":1.0},{"damage":0.0,"enemies":"Gremlin Nob","floor":6.0,"turns":1.0},{"damage":16.0,"enemies":"Lagavulin","floor":8.0,"turns":7.0},{"damage":2.0,"enemies":"Cultist","floor":11.0,"turns":4.0},{"damage":5.0,"enemies":"3 Louse","floor":12.0,"turns":5.0},{"damage":13.0,"enemies":"Blue Slaver","floor":14.0,"turns":3.0},{"damage":57.0,"enemies":"The Guardian","floor":16.0,"turns":11.0},{"damage":46.0,"enemies":"Spheric Guardian","floor":18.0,"turns":8.0},{"damage":13.0,"enemies":"2 Thieves","floor":20.0,"turns":5.0},{"damage":42,"enemies":"Book of Stabbing","floor":24,"turns":8}],"seed_played":"4616414133487249201","potions_obtained":[{"floor":3.0,"key":"SkillPotion"},{"floor":8.0,"key":"Block Potion"},{"floor":11.0,"key":"SkillPotion"},{"floor":12.0,"key":"Fruit Juice"}],"is_trial":false,"path_per_floor":["M","?","?","M","?","E","$","E","T","R","M","M","R","M","R","B",null,"M","?","M","?","$","R","E"],"character_chosen":"IRONCLAD","items_purchased":["Rampage","Shrug It Off","Shrug It Off+1","SkillPotion"],"campfire_rested":1,"item_purchase_floors":[7,7,22,22],"current_hp_per_floor":[74,67,67,73,62,68,68,58,58,58,62,68,68,61,61,10,63,29,29,28,28,28,52,10,10],"gold":4,"neow_bonus":"THREE_ENEMY_KILL","is_daily":false,"chose_seed":false,"campfire_upgraded":3,"win_rate":0.0,"timestamp":1611169648,"path_taken":["M","?","?","?","?","E","$","E","T","R","M","M","R","M","R","BOSS","M","?","M","?","$","R","E"],"items_purchased_type":["Card","Card","Card","Potion"],"build_version":"2020-12-22","purchased_purges":2,"victory":false,"max_hp_per_floor":[75,75,75,75,75,75,75,75,75,75,75,80,80,80,80,80,80,80,80,80,80,80,80,80,80],"relic_stats":{"counters":[11,54],"Ornamental Fan":[12],"CeramicFish":72,"Black Blood":72,"obtain_stats":[{"Bottled Flame":8,"NeowsBlessing":0,"Ornamental Fan":19,"CeramicFish":6,"Black Blood":17,"Toxic Egg 2":9,"Burning Blood":0},{"Bottled Flame":4,"NeowsBlessing":0,"Ornamental Fan":9,"CeramicFish":3,"Black Blood":8,"Toxic Egg 2":4,"Burning Blood":0},{"Bottled Flame":10,"NeowsBlessing":0,"Ornamental Fan":41,"CeramicFish":3,"Black Blood":33,"Toxic Egg 2":10,"Burning Blood":0}]},"card_choices":[{"not_picked":["Clash","Headbutt"],"picked":"Shrug It Off","floor":1.0},{"not_picked":["Anger","Iron Wave"],"picked":"Thunderclap","floor":4.0},{"not_picked":["Wild Strike","Intimidate"],"picked":"Impervious","floor":6.0},{"not_picked":["Hemokinesis","Havoc"],"picked":"Warcry","floor":8.0},{"not_picked":["Disarm+1","Pummel"],"picked":"Dropkick","floor":11.0},{"not_picked":["Uppercut","Clothesline","Twin Strike"],"picked":"SKIP","floor":12.0},{"not_picked":["Iron Wave","Body Slam","Perfected Strike"],"picked":"SKIP","floor":14.0},{"not_picked":["Corruption","Fiend Fire"],"picked":"Impervious+1","floor":16.0},{"not_picked":["Headbutt","Entrench+1"],"picked":"Battle Trance+1","floor":18.0},{"not_picked":["Spot Weakness+1","Cleave","Blood for Blood+1"],"picked":"SKIP","floor":20.0}],"player_experience":507176,"relics_obtained":[{"floor":6.0,"key":"CeramicFish"},{"floor":8.0,"key":"Bottled Flame"},{"floor":9.0,"key":"Toxic Egg 2"}],"event_choices":[{"cards_removed":["Defend_R"],"damage_healed":0.0,"max_hp_gain":0.0,"max_hp_loss":0.0,"gold_gain":0.0,"event_name":"Golden Wing","player_choice":"Card Removal","floor":2.0,"gold_loss":0.0,"damage_taken":7.0},{"damage_healed":0.0,"max_hp_gain":0.0,"max_hp_loss":0.0,"gold_gain":0.0,"event_name":"The Woman in Blue","player_choice":"Bought 1 Potion","floor":3.0,"gold_loss":0.0,"damage_taken":0.0},{"damage_healed":0.0,"max_hp_gain":0.0,"max_hp_loss":0.0,"gold_gain":75.0,"event_name":"World of Goop","player_choice":"Gather Gold","floor":5.0,"gold_loss":0.0,"damage_taken":11.0},{"damage_healed":0.0,"max_hp_gain":0.0,"max_hp_loss":0.0,"gold_gain":0.0,"event_name":"Addict","player_choice":"Obtained Relic","floor":19.0,"gold_loss":85.0,"damage_taken":0.0,"relics_obtained":["Ornamental Fan"]},{"damage_healed":0.0,"max_hp_gain":0.0,"max_hp_loss":0.0,"gold_gain":0.0,"event_name":"The Mausoleum","player_choice":"Ignored","floor":21.0,"gold_loss":0.0,"damage_taken":0.0}],"is_beta":false,"boss_relics":[{"not_picked":["SacredBark","Mark of Pain"],"picked":"Black Blood"}],"items_purged_floors":[7,22],"is_endless":false,"potions_floor_spawned":[8,11,12],"killed_by":"Book of Stabbing","ascension_level":15}}