{"host":"8a3jzv7qxg3y7b6t","time":1611110190,"event":{"mods":["BaseMod","Better Third Choice","Downfall","Hermit","Minty Spire (QoL Compilation)","Relic Stats","StSLib","The Bug Knight","The Cursed"],"gold_per_floor":[119,84,84,100,63,94,94,132,132,95,95,138,151,185,185,316,316,330,245,345,361,361,361,361],"floor_reached":23,"language":"ENG","playtime":1434,"items_purged":[],"score":292,"play_id":"84ed4e39-d35d-40e2-a04d-c7d9d7bd3c9b","local_time":"20210119183630","is_ascension_mode":true,"campfire_choices":[{"floor":11.0,"key":"REST"},{"floor":15.0,"key":"REST"}],"circlet_count":0,"master_deck":["Strike_G","Strike_G","Strike_G","Strike_G","Strike_G","Defend_G","Defend_G","Defend_G","Defend_G","Defend_G","Survivor","Neutralize","Sucker Punch","Devotion+1","Poisoned Stab","Footwork","Masterful Stab","Injury","Deflect","Dagger Spray","Dagger Spray","Deflect","Die Die Die","CurseOfTheBell","Bouncing Flask","Flechettes+1"],"relics":["Ring of the Snake","Peace Pipe","Ninja Scroll","Golden Idol","Oddly Smooth Stone","White Beast Statue","InkBottle","Calling Bell","Ancient Tea Set","Molten Egg 2","The Specimen","Nunchaku"],"acts_visited":["Exordium","TheCity"],"potions_floor_usage":[16,23,23],"damage_taken":[{"damage":8.0,"enemies":"Jaw Worm","floor":1.0,"turns":8.0},{"damage":11.0,"enemies":"2 Louse","floor":4.0,"turns":3.0},{"damage":20.0,"enemies":"Gremlin Nob","floor":6.0,"turns":4.0},{"damage":22.0,"enemies":"Lagavulin","floor":8.0,"turns":8.0},{"damage":15.0,"enemies":"3 Sentries","floor":12.0,"turns":10.0},{"damage":0.0,"enemies":"Small Slimes","floor":13.0,"turns":2.0},{"damage":1.0,"enemies":"Gremlin Nob","floor":14.0,"turns":4.0},{"damage":0,"enemies":"Slime Boss","floor":16,"turns":6},{"damage":31,"enemies":"Shell Parasite","floor":18,"turns":10},{"damage":18,"enemies":"Chosen","floor":21,"turns":7},{"damage":30,"enemies":"HollowMod:Nosk","floor":23,"turns":6}],"seed_played":"1996531675925739963","potions_obtained":[{"floor":1.0,"key":"champ:CounterPotion"},{"floor":12.0,"key":"Dexterity Potion"},{"floor":13.0,"key":"Explosive Potion"},{"floor":14.0,"key":"Strength Potion"},{"floor":16,"key":"LiquidBronze"},{"floor":18,"key":"SpeedPotion"},{"floor":21,"key":"Strength Potion"}],"is_trial":false,"path_per_floor":["M","?","?","M","$","E","?","E","T","?","R","E","M","E","R","B",null,"M","?","?","M","?","E"],"character_chosen":"THE_SILENT","items_purchased":["Footwork"],"campfire_rested":2,"item_purchase_floors":[5],"current_hp_per_floor":[69,77,56,45,45,25,25,3,3,3,26,11,11,10,33,33,77,46,46,46,28,28,0,0],"gold":361,"neow_bonus":"TEN_PERCENT_HP_BONUS","is_daily":false,"chose_seed":false,"campfire_upgraded":0,"win_rate":0.0,"timestamp":1611110190,"path_taken":["M","?","?","M","$","E","?","E","T","?","R","E","M","E","R","BOSS","M","?","?","?","?","E"],"items_purchased_type":["Card"],"build_version":"2020-12-22","purchased_purges":0,"victory":false,"max_hp_per_floor":[77,77,77,77,77,77,77,77,77,77,77,77,77,77,77,77,77,77,77,77,77,77,77,77],"relic_stats":{"Peace Pipe":0,"Nunchaku":[3],"counters":[11,68],"Golden Idol":59,"obtain_stats":[{"Peace Pipe":3,"Calling Bell":17,"Nunchaku":19,"The Specimen":17,"Ninja Scroll":6,"Golden Idol":7,"Oddly Smooth Stone":8,"Molten Egg 2":17,"Ancient Tea Set":17,"White Beast Statue":12,"InkBottle":14,"Ring of the Snake":0},{"Peace Pipe":1,"Calling Bell":8,"Nunchaku":9,"The Specimen":8,"Ninja Scroll":3,"Golden Idol":3,"Oddly Smooth Stone":4,"Molten Egg 2":8,"Ancient Tea Set":8,"White Beast Statue":5,"InkBottle":7,"Ring of the Snake":0},{"Peace Pipe":8,"Calling Bell":45,"Nunchaku":55,"The Specimen":45,"Ninja Scroll":15,"Golden Idol":15,"Oddly Smooth Stone":23,"Molten Egg 2":45,"Ancient Tea Set":45,"White Beast Statue":33,"InkBottle":39,"Ring of the Snake":0}],"InkBottle":[11],"Ring of the Snake":[22]},"card_choices":[{"not_picked":["Eviscerate","Outmaneuver"],"picked":"Sucker Punch","floor":1.0},{"not_picked":["Dodge and Roll","Bane"],"picked":"Poisoned Stab","floor":4.0},{"not_picked":["Tactician","Bullet Time"],"picked":"Masterful Stab","floor":6.0},{"not_picked":["Quick Slash","Malaise"],"picked":"Deflect","floor":8.0},{"not_picked":["Unload","Poisoned Stab"],"picked":"Dagger Spray","floor":12.0},{"not_picked":["Prepared","Masterful Stab"],"picked":"Dagger Spray","floor":13.0},{"not_picked":["Riddle With Holes","Prepared"],"picked":"Deflect","floor":14.0},{"not_picked":["Phantasmal Killer","Night Terror"],"picked":"Die Die Die","floor":16},{"not_picked":["Poisoned Stab+1","Escape Plan+1"],"picked":"Bouncing Flask","floor":18},{"not_picked":["Dagger Throw+1","Flying Knee+1"],"picked":"Flechettes+1","floor":21}],"player_experience":623422,"relics_obtained":[{"floor":6.0,"key":"Ninja Scroll"},{"floor":8.0,"key":"Oddly Smooth Stone"},{"floor":12.0,"key":"White Beast Statue"},{"floor":14.0,"key":"InkBottle"},{"floor":17,"key":"Ancient Tea Set"},{"floor":17,"key":"Molten Egg 2"},{"floor":17,"key":"The Specimen"}],"event_choices":[{"damage_healed":19.0,"max_hp_gain":0.0,"max_hp_loss":0.0,"gold_gain":0.0,"event_name":"The Cleric","player_choice":"Healed","floor":2.0,"gold_loss":35.0,"damage_taken":0.0},{"damage_healed":0.0,"max_hp_gain":0.0,"max_hp_loss":0.0,"gold_gain":0.0,"event_name":"Golden Idol","player_choice":"Take Wound","floor":7.0,"gold_loss":0.0,"damage_taken":0.0,"relics_obtained":["Golden Idol"],"cards_obtained":["Injury"]},{"damage_healed":0.0,"max_hp_gain":0.0,"max_hp_loss":0.0,"gold_gain":0.0,"event_name":"betterThird:BetterGoop","player_choice":"Left","floor":10.0,"gold_loss":37.0,"damage_taken":0.0},{"damage_healed":0,"gold_gain":0,"player_choice":"Obtained Relic","damage_taken":0,"relics_obtained":["Nunchaku"],"max_hp_gain":0,"max_hp_loss":0,"event_name":"Addict","floor":19,"gold_loss":85},{"damage_healed":0,"gold_gain":100,"player_choice":"Pray","damage_taken":0,"max_hp_gain":0,"max_hp_loss":0,"event_name":"Golden Shrine","floor":20,"gold_loss":0},{"damage_healed":0,"gold_gain":0,"player_choice":"Upgraded","damage_taken":0,"max_hp_gain":0,"max_hp_loss":0,"event_name":"Upgrade Shrine","floor":22,"gold_loss":0,"cards_upgraded":["Devotion"]}],"is_beta":false,"boss_relics":[{"not_picked":["Ring of the Serpent","Tiny House"],"picked":"Calling Bell"}],"items_purged_floors":[],"is_endless":false,"potions_floor_spawned":[1,12,13,14,16,18,21],"killed_by":"HollowMod:Nosk","ascension_level":2}}