{"host":"9g2o5mv3ekm7zga5","time":1611182926,"event":{"mods":["AchievementEnabler","BaseMod","Better Match","Better Note","Better Sensory Stone","Colored Powertips","Minty Spire (QoL Compilation)","Quick Restart","Random Character Button","Rare Cards Sparkle","StSLib"],"gold_per_floor":[119,119,219,229,244,244,259,259,259,269,284,284,123,133,133,238,238,252,252,55,73,26,59,59,94,144,156,168,180,208,233,245,357,369,393,405,28,39,52,52,52],"floor_reached":40,"language":"ENG","playtime":3471,"items_purged":["Strike_P"],"score":468,"play_id":"5f6ab579-2d1f-4629-b00f-9be235337c1d","local_time":"20210120234846","is_ascension_mode":false,"campfire_choices":[{"data":"Vigilance","floor":6,"key":"SMITH"},{"data":"Eruption","floor":8,"key":"SMITH"},{"floor":12,"key":"REST"},{"data":"BowlingBash","floor":15,"key":"SMITH"},{"floor":24,"key":"REST"},{"floor":29,"key":"REST"},{"floor":32,"key":"REST"}],"circlet_count":0,"master_deck":["Strike_P+1","Strike_P","Defend_P","Defend_P","Defend_P+1","Defend_P","Eruption+1","Vigilance+1","FollowUp","JustLucky","SashWhip","Conclude","SashWhip","BowlingBash+1","LikeWater","Halt","EmptyFist","DevaForm","CutThroughFate+1","ClearTheMind","CarveReality+1","EmptyFist","Evaluate","Consecrate+1","Protect+1","JustLucky+1","Scrawl","CarveReality","Apotheosis","Good Instincts","Study","Protect","CutThroughFate","BattleHymn"],"relics":["PureWater","NeowsBlessing","CaptainsWheel","SacredBark","TheAbacus","FossilizedHelix","Blue Candle","MawBank","Coffee Dripper","Pantograph"],"acts_visited":["Exordium","TheCity","TheBeyond"],"potions_floor_usage":[23,33],"damage_taken":[{"damage":0,"enemies":"Jaw Worm","floor":1,"turns":1},{"damage":0,"enemies":"Cultist","floor":4,"turns":1},{"damage":0,"enemies":"Small Slimes","floor":5,"turns":1},{"damage":5,"enemies":"Looter","floor":7,"turns":3},{"damage":0,"enemies":"2 Fungi Beasts","floor":10,"turns":2},{"damage":5,"enemies":"Blue Slaver","floor":11,"turns":3},{"damage":0,"enemies":"Large Slime","floor":14,"turns":5},{"damage":0,"enemies":"Slime Boss","floor":16,"turns":4},{"damage":18,"enemies":"2 Thieves","floor":18,"turns":5},{"damage":5,"enemies":"Shell Parasite","floor":21,"turns":4},{"damage":35,"enemies":"Slavers","floor":23,"turns":5},{"damage":10,"enemies":"Book of Stabbing","floor":25,"turns":7},{"damage":12,"enemies":"3 Cultists","floor":30,"turns":3},{"damage":8,"enemies":"Centurion and Healer","floor":31,"turns":8},{"damage":36,"enemies":"Champ","floor":33,"turns":13},{"damage":16,"enemies":"3 Shapes","floor":35,"turns":6},{"damage":0,"enemies":"Orb Walker","floor":38,"turns":2},{"damage":22,"enemies":"3 Darklings","floor":39,"turns":5},{"damage":43,"enemies":"Nemesis","floor":40,"turns":7}],"seed_played":"2932704196002031240","potions_obtained":[{"floor":5,"key":"SmokeBomb"},{"floor":11,"key":"Strength Potion"},{"floor":14,"key":"AttackPotion"},{"floor":23,"key":"Ancient Potion"},{"floor":33,"key":"StancePotion"}],"is_trial":false,"path_per_floor":["M","?","?","M","M","R","M","R","T","M","M","R","$","M","R","B",null,"M","?","$","M","$","E","R","E","T","?","?","R","M","M","R","B",null,"M","?","$","M","M","E"],"character_chosen":"WATCHER","items_purchased":["LikeWater","Halt","TheAbacus","ClearTheMind","EmptyFist","Study","Pantograph","Protect","CutThroughFate"],"campfire_rested":4,"item_purchase_floors":[13,13,20,20,22,37,37,37,37],"current_hp_per_floor":[72,58,58,58,58,58,53,53,53,53,48,69,69,69,69,69,72,54,54,54,49,49,14,35,25,25,19,19,40,28,20,41,5,72,56,56,56,56,34,0,0],"gold":52,"neow_bonus":"THREE_ENEMY_KILL","is_daily":false,"chose_seed":false,"campfire_upgraded":3,"win_rate":0.0,"timestamp":1611182926,"path_taken":["M","?","?","?","M","R","M","R","T","M","M","R","$","M","R","BOSS","M","?","$","?","?","E","R","E","T","?","?","R","M","M","R","BOSS","M","?","$","M","M","E"],"items_purchased_type":["Card","Card","Relic","Card","Card","Card","Relic","Card","Card"],"build_version":"2020-12-22","purchased_purges":1,"victory":false,"max_hp_per_floor":[72,72,72,72,72,72,72,72,72,72,72,72,72,72,72,72,72,72,72,72,72,72,72,72,72,72,72,72,72,72,72,72,72,72,72,72,72,72,72,72,72],"card_choices":[{"not_picked":["BowlingBash","DeceiveReality"],"picked":"FollowUp","floor":1},{"not_picked":["Pray","LikeWater"],"picked":"JustLucky","floor":4},{"not_picked":["FlyingSleeves","PathToVictory"],"picked":"SashWhip","floor":5},{"not_picked":["FlurryOfBlows","Crescendo"],"picked":"Conclude","floor":7},{"not_picked":["Wallop","TalkToTheHand"],"picked":"SashWhip","floor":10},{"not_picked":["SashWhip","JustLucky"],"picked":"BowlingBash","floor":11},{"not_picked":["CrushJoints","DeusExMachina"],"picked":"EmptyFist","floor":14},{"not_picked":["Ragnarok","LessonLearned"],"picked":"DevaForm","floor":16},{"not_picked":["EmptyFist","PathToVictory+1"],"picked":"CutThroughFate+1","floor":18},{"not_picked":["BattleHymn","WheelKick"],"picked":"CarveReality+1","floor":21},{"not_picked":["WreathOfFlame","Study+1"],"picked":"Evaluate","floor":23},{"not_picked":["DeusExMachina","Weave+1"],"picked":"Consecrate+1","floor":25},{"not_picked":["Indignation","Nirvana+1"],"picked":"Protect+1","floor":30},{"not_picked":["Collect+1","WaveOfTheHand"],"picked":"JustLucky+1","floor":31},{"not_picked":["DeusExMachina","Judgement"],"picked":"Scrawl","floor":33},{"not_picked":["CutThroughFate+1","WreathOfFlame+1"],"picked":"CarveReality","floor":35},{"not_picked":["Violence","The Bomb"],"picked":"Apotheosis","floor":36},{"not_picked":["Panache","Dramatic Entrance"],"picked":"Good Instincts","floor":36},{"not_picked":["SashWhip","Collect","Consecrate"],"picked":"SKIP","floor":38},{"not_picked":["CutThroughFate+1","Halt"],"picked":"BattleHymn","floor":39}],"player_experience":139084,"relics_obtained":[{"floor":9,"key":"CaptainsWheel"},{"floor":23,"key":"FossilizedHelix"},{"floor":25,"key":"Blue Candle"},{"floor":26,"key":"MawBank"}],"event_choices":[{"damage_healed":0,"gold_gain":0,"player_choice":"Entered Light","damage_taken":14,"max_hp_gain":0,"max_hp_loss":0,"event_name":"Shining Light","floor":2,"gold_loss":0,"cards_upgraded":["Strike_P","Defend_P"]},{"damage_healed":0,"gold_gain":100,"player_choice":"Gold","damage_taken":0,"max_hp_gain":0,"max_hp_loss":0,"event_name":"Wheel of Change","floor":3,"gold_loss":0},{"cards_removed":["Strike_P"],"damage_healed":0,"gold_gain":0,"player_choice":"Offered Basic","damage_taken":0,"max_hp_gain":0,"max_hp_loss":0,"event_name":"Bonfire Elementals","floor":19,"gold_loss":0},{"damage_healed":0,"gold_gain":0,"player_choice":"","damage_taken":6,"max_hp_gain":0,"max_hp_loss":0,"event_name":"Knowing Skull","floor":27,"potions_obtained":[],"gold_loss":0,"cards_obtained":[]},{"damage_healed":0,"gold_gain":0,"player_choice":"Bought 0 Potions","damage_taken":0,"max_hp_gain":0,"max_hp_loss":0,"event_name":"The Woman in Blue","floor":28,"gold_loss":0},{"damage_healed":0,"gold_gain":3,"player_choice":"1","damage_taken":0,"max_hp_gain":0,"max_hp_loss":0,"event_name":"betterStone:BetterStone","floor":36,"gold_loss":0}],"is_beta":false,"boss_relics":[{"not_picked":["Velvet Choker","Calling Bell"],"picked":"SacredBark"},{"not_picked":["Black Star","Pandora\u0027s Box"],"picked":"Coffee Dripper"}],"items_purged_floors":[13],"is_endless":false,"potions_floor_spawned":[5,11,14,21,23,33],"killed_by":"Nemesis","ascension_level":0}}