{"host":"7sryglll1si3bc7f","time":1611129055,"event":{"mods":["AchievementEnabler","BaseMod","Beaked The Cultist","Card Forge","Colored Map","Colored Powertips","Custom Start","Friendly Minions","Jorbs\u0027s Wanderer Trilogy","Minty Spire (QoL Compilation)","Quick Restart","StSLib"],"gold_per_floor":[113,113,113,78,78,78,138,138,138,138,148,163,163,175,175,175,175],"floor_reached":16,"language":"ENG","playtime":457,"items_purged":[],"score":128,"play_id":"22d727f1-f57c-4fb1-bb20-6df3bfb8f25e","local_time":"20210120095055","daily_mods":["Heirloom"],"is_ascension_mode":true,"campfire_choices":[{"data":"stsjorbsmod:ChainLightning","floor":6,"key":"SMITH"},{"data":"stsjorbsmod:EyeOfTheStorm","floor":8,"key":"SMITH"},{"data":"stsjorbsmod:FreshAdventure","floor":10,"key":"SMITH"},{"floor":15,"key":"REST"}],"circlet_count":0,"master_deck":["stsjorbsmod:ForbiddenGrimoire+1","stsjorbsmod:Strike_Wanderer","stsjorbsmod:Strike_Wanderer","stsjorbsmod:Strike_Wanderer","stsjorbsmod:Strike_Wanderer","stsjorbsmod:Defend_Wanderer","stsjorbsmod:Defend_Wanderer","stsjorbsmod:Defend_Wanderer","stsjorbsmod:Defend_Wanderer","stsjorbsmod:FreshAdventure+1","stsjorbsmod:EyeOfTheStorm+1","stsjorbsmod:ChainLightning+1","stsjorbsmod:MagicMirror","stsjorbsmod:Firebolt","stsjorbsmod:ChainLightning+1"],"relics":["stsjorbsmod:GrimoireRelic","Hammer of Thor","Seething Fire","Anvil of the Gods","Mango","WingedGreaves","Molten Egg 2"],"acts_visited":["Exordium"],"potions_floor_usage":[16,16],"damage_taken":[{"damage":15,"enemies":"2 Louse","floor":1,"turns":2},{"damage":0,"enemies":"Small Slimes","floor":11,"turns":2},{"damage":2,"enemies":"Jaw Worm","floor":12,"turns":3},{"damage":14,"enemies":"Red Slaver","floor":14,"turns":3},{"damage":82,"enemies":"Hexaghost","floor":16,"turns":9}],"seed_played":"-8897741248503537679","potions_obtained":[{"floor":11,"key":"SkillPotion"},{"floor":14,"key":"SpeedPotion"}],"is_trial":true,"path_per_floor":["M","?","$","?","?","R","?","R","T","R","M","M","T","M","R","B"],"character_chosen":"WANDERER","items_purchased":[],"campfire_rested":1,"item_purchase_floors":[],"current_hp_per_floor":[60,60,60,80,80,80,80,80,80,80,80,79,79,66,82,0,0],"gold":175,"neow_bonus":"","is_daily":false,"chose_seed":false,"campfire_upgraded":3,"win_rate":0.0,"timestamp":1611129055,"path_taken":["M","?","$","?","?","R","?","R","T","R","M","M","?","M","R","BOSS"],"items_purchased_type":[],"build_version":"2020-12-22","purchased_purges":0,"victory":false,"max_hp_per_floor":[82,82,82,82,82,82,82,82,82,82,82,82,82,82,82,82,82],"card_choices":[{"not_picked":["stsjorbsmod:BlackTentacles","stsjorbsmod:Channel"],"picked":"stsjorbsmod:ChainLightning","floor":1},{"not_picked":["stsjorbsmod:DoubleCheck","stsjorbsmod:FracturedMind"],"picked":"stsjorbsmod:MagicMirror","floor":11},{"not_picked":["stsjorbsmod:DisguiseSelf","stsjorbsmod:Fireball"],"picked":"stsjorbsmod:Firebolt","floor":12},{"not_picked":["stsjorbsmod:Hibernate","stsjorbsmod:Introspection"],"picked":"stsjorbsmod:ChainLightning+1","floor":14}],"player_experience":557891,"relics_obtained":[{"floor":9,"key":"WingedGreaves"},{"floor":13,"key":"Molten Egg 2"}],"event_choices":[{"damage_healed":0,"gold_gain":0,"player_choice":"Ignored","damage_taken":0,"max_hp_gain":0,"max_hp_loss":0,"event_name":"Shining Light","floor":2,"gold_loss":0},{"damage_healed":20,"gold_gain":0,"player_choice":"Healed","damage_taken":0,"max_hp_gain":0,"max_hp_loss":0,"event_name":"The Cleric","floor":4,"gold_loss":35},{"damage_healed":0,"gold_gain":0,"player_choice":"Ignored","damage_taken":0,"max_hp_gain":0,"max_hp_loss":0,"event_name":"Liars Game","floor":5,"gold_loss":0},{"damage_healed":0,"gold_gain":60,"player_choice":"Gained Gold","damage_taken":0,"max_hp_gain":0,"max_hp_loss":0,"event_name":"Golden Wing","floor":7,"gold_loss":0}],"is_beta":false,"boss_relics":[],"items_purged_floors":[],"is_endless":true,"potions_floor_spawned":[11,14],"killed_by":"Hexaghost","ascension_level":9}}