{"host":"2p2urjtdoqk7wfo5","time":1611124010,"event":{"mods":["AchievementEnabler","BaseMod","Colored Powertips","Minty Spire (QoL Compilation)"],"gold_per_floor":[109,121,139,139,157,187,187,201,252,142,154,154,104,104,104,200,200,219,237,254,304,304],"floor_reached":21,"language":"ENG","playtime":2991,"items_purged":["Defend_P"],"score":183,"play_id":"19de88a5-5df9-4dbb-8aeb-574053d00b86","local_time":"20210119222650","is_ascension_mode":false,"campfire_choices":[{"floor":7.0,"key":"REST"},{"data":"Adaptation","floor":12,"key":"SMITH"},{"floor":15,"key":"REST"}],"circlet_count":0,"master_deck":["Strike_P","Strike_P","Strike_P","Strike_P","Defend_P","Eruption","Vigilance","Adaptation+1","ThirdEye","CutThroughFate","SandsOfTime","EmptyMind","Establishment","FearNoEvil","Wallop","Alpha","WindmillStrike"],"relics":["VioletLotus","CaptainsWheel","Orichalcum","SsserpentHead","SlaversCollar"],"acts_visited":["Exordium","TheCity"],"potions_floor_usage":[16,21],"damage_taken":[{"damage":0.0,"enemies":"Cultist","floor":1.0,"turns":3.0},{"damage":3.0,"enemies":"Jaw Worm","floor":2.0,"turns":2.0},{"damage":0.0,"enemies":"Small Slimes","floor":3.0,"turns":5.0},{"damage":26.0,"enemies":"Gremlin Gang","floor":5.0,"turns":5.0},{"damage":13.0,"enemies":"Lagavulin","floor":6.0,"turns":6.0},{"damage":3.0,"enemies":"Exordium Thugs","floor":8.0,"turns":3.0},{"damage":0,"enemies":"Blue Slaver","floor":11,"turns":2},{"damage":37,"enemies":"The Guardian","floor":16,"turns":7},{"damage":11,"enemies":"Chosen","floor":18,"turns":6},{"damage":25,"enemies":"2 Thieves","floor":19,"turns":4},{"damage":16,"enemies":"3 Cultists","floor":20,"turns":5},{"damage":58,"enemies":"Chosen and Byrds","floor":21,"turns":4}],"seed_played":"-8135093504495947298","potions_obtained":[{"floor":2.0,"key":"SneckoOil"},{"floor":3.0,"key":"SkillPotion"},{"floor":8.0,"key":"AttackPotion"},{"floor":16,"key":"ColorlessPotion"},{"floor":18,"key":"FearPotion"},{"floor":19,"key":"Strength Potion"}],"is_trial":false,"path_per_floor":["M","M","M","?","M","E","R","M","T","$","M","R","?","?","R","B",null,"M","M","M","M"],"character_chosen":"WATCHER","items_purchased":["FearNoEvil"],"campfire_rested":2,"item_purchase_floors":[10],"current_hp_per_floor":[72,69,69,69,43,30,51,48,48,48,48,48,48,48,69,32,72,61,36,20,0,0],"gold":304,"neow_bonus":"BOSS_RELIC","is_daily":false,"chose_seed":false,"campfire_upgraded":1,"win_rate":0.0,"timestamp":1611124010,"path_taken":["M","M","M","?","M","E","R","M","T","$","M","R","?","?","R","BOSS","M","M","M","?"],"items_purchased_type":["Card"],"build_version":"2020-12-22","purchased_purges":1,"victory":false,"max_hp_per_floor":[72,72,72,72,72,72,72,72,72,72,72,72,72,72,72,72,72,72,72,72,72,72],"card_choices":[{"not_picked":["Halt","CutThroughFate"],"picked":"Adaptation","floor":1.0},{"not_picked":["SandsOfTime","ClearTheMind"],"picked":"ThirdEye","floor":2.0},{"not_picked":["EmptyFist","EmptyBody"],"picked":"CutThroughFate","floor":3.0},{"not_picked":["Protect","PathToVictory","Worship"],"picked":"SKIP","floor":5.0},{"not_picked":["Protect","PathToVictory","Worship"],"picked":"SKIP","floor":5.0},{"not_picked":["Fasting2","FlyingSleeves"],"picked":"EmptyMind","floor":6.0},{"not_picked":["DeceiveReality","FlurryOfBlows"],"picked":"Establishment","floor":8.0},{"not_picked":["Consecrate","FlyingSleeves"],"picked":"Wallop","floor":11},{"not_picked":["MasterReality","Ragnarok"],"picked":"Alpha","floor":16},{"not_picked":["BowlingBash","FollowUp+1"],"picked":"WindmillStrike","floor":18},{"not_picked":["MentalFortress","SignatureMove","ForeignInfluence"],"picked":"SKIP","floor":19},{"not_picked":["JustLucky","CrushJoints","WreathOfFlame"],"picked":"SKIP","floor":20}],"player_experience":108549,"relics_obtained":[{"floor":6.0,"key":"CaptainsWheel"},{"floor":9.0,"key":"Orichalcum"}],"event_choices":[{"damage_healed":0.0,"max_hp_gain":0.0,"max_hp_loss":0.0,"gold_gain":0.0,"cards_transformed":["Defend_P"],"event_name":"Living Wall","player_choice":"Change","floor":4.0,"gold_loss":0.0,"damage_taken":0.0,"cards_obtained":["SandsOfTime"]},{"cards_removed":["Defend_P"],"damage_healed":0,"gold_gain":0,"player_choice":"Card Removal","damage_taken":0,"max_hp_gain":0,"max_hp_loss":0,"event_name":"The Cleric","floor":13,"gold_loss":50},{"damage_healed":0,"gold_gain":0,"player_choice":"Trade","damage_taken":0,"relics_obtained":["SsserpentHead"],"max_hp_gain":0,"max_hp_loss":0,"event_name":"FaceTrader","floor":14,"gold_loss":0}],"is_beta":false,"boss_relics":[{"not_picked":["Ectoplasm","Tiny House"],"picked":"SlaversCollar"}],"items_purged_floors":[10],"is_endless":false,"potions_floor_spawned":[2,3,8,16,18,19,20],"killed_by":"Chosen and Byrds","ascension_level":0}}