{"host":"fuszjwm6fqgjjp4d","time":1611141338,"event":{"mods":["BaseMod","Bestiary","Colored Map","DeckTracker","Minty Spire (QoL Compilation)","Permanent Neow","Relic Sorter","Relic Stats","StSLib"],"gold_per_floor":[112,112,112,131,144,176,186,186,211,245,264,321,321,321,321,393,393,408,425,8,39,52,52,87,87,87,87,137,151,177,177,177],"floor_reached":31,"language":"ENG","playtime":1183,"items_purged":[],"score":566,"play_id":"3735f492-ab9b-4852-9fe8-dcc50a434cc1","local_time":"20210120051538","is_ascension_mode":true,"campfire_choices":[{"data":"Predator","floor":8.0,"key":"SMITH"},{"data":"Bullet Time","floor":13.0,"key":"SMITH"},{"floor":15.0,"key":"REST"},{"floor":23,"key":"REST"},{"data":"Burst","floor":25,"key":"SMITH"},{"floor":27,"key":"REST"}],"circlet_count":0,"master_deck":["AscendersBane","Strike_G","Strike_G","Strike_G","Strike_G","Defend_G","Defend_G","Defend_G","Defend_G","Defend_G","Survivor","Neutralize","Quick Slash+1","Slice","Sucker Punch","Predator+1","Deflect","Bullet Time+1","Backflip","Slice","Doppelganger","Backflip","Quick Slash","Quick Slash","Glass Knife","Predator","PiercingWail","Burst+1","Cloak And Dagger"],"relics":["Ring of the Snake","NeowsBlessing","Blood Vial","Vajra","Lantern","Frozen Egg 2","Philosopher\u0027s Stone","Membership Card","Bottled Flame","Red Mask","Sundial","Boot","Eternal Feather"],"acts_visited":["Exordium","TheCity"],"potions_floor_usage":[21,24,31],"damage_taken":[{"damage":0.0,"enemies":"2 Louse","floor":1.0,"turns":1.0},{"damage":0.0,"enemies":"Small Slimes","floor":4.0,"turns":1.0},{"damage":0.0,"enemies":"Cultist","floor":5.0,"turns":1.0},{"damage":29.0,"enemies":"3 Sentries","floor":6.0,"turns":11.0},{"damage":1.0,"enemies":"Exordium Wildlife","floor":7.0,"turns":4.0},{"damage":13.0,"enemies":"Lagavulin","floor":10.0,"turns":4.0},{"damage":0.0,"enemies":"3 Louse","floor":11.0,"turns":2.0},{"damage":3.0,"enemies":"3 Sentries","floor":12.0,"turns":5.0},{"damage":29.0,"enemies":"The Guardian","floor":16.0,"turns":15.0},{"damage":19.0,"enemies":"3 Byrds","floor":18.0,"turns":6.0},{"damage":1.0,"enemies":"Shell Parasite","floor":19.0,"turns":3.0},{"damage":0,"enemies":"Masked Bandits","floor":21,"turns":3},{"damage":28,"enemies":"Shelled Parasite and Fungi","floor":22,"turns":4},{"damage":17,"enemies":"Slavers","floor":24,"turns":7},{"damage":0,"enemies":"Centurion and Healer","floor":29,"turns":6},{"damage":5,"enemies":"Gremlin Leader","floor":30,"turns":8},{"damage":47,"enemies":"Cultist and Chosen","floor":31,"turns":5}],"seed_played":"8623132275183052118","potions_obtained":[{"floor":5.0,"key":"SneckoOil"},{"floor":7.0,"key":"LiquidMemories"},{"floor":11.0,"key":"Dexterity Potion"},{"floor":12.0,"key":"Strength Potion"},{"floor":16.0,"key":"Fire Potion"},{"floor":18.0,"key":"Swift Potion"},{"floor":21,"key":"Explosive Potion"},{"floor":29,"key":"SpeedPotion"},{"floor":30,"key":"Dexterity Potion"}],"is_trial":false,"path_per_floor":["M","?","?","M","M","E","M","R","T","E","M","?","R","?","R","B",null,"M","M","$","?","M","R","E","R","T","R","?","M","E","M"],"character_chosen":"THE_SILENT","items_purchased":["Membership Card","Bottled Flame","Quick Slash","Glass Knife","Explosive Potion"],"campfire_rested":3,"item_purchase_floors":[20,20,20,20,20],"current_hp_per_floor":[59,52,52,52,52,23,24,24,24,13,15,14,14,14,33,6,51,34,35,35,37,11,30,15,15,15,34,34,36,33,0,0],"gold":177,"neow_bonus":"THREE_ENEMY_KILL","is_daily":false,"chose_seed":false,"campfire_upgraded":3,"win_rate":0.0,"timestamp":1611141338,"path_taken":["M","?","?","?","M","E","M","R","T","E","M","?","R","?","R","BOSS","M","M","$","?","M","R","E","R","T","R","?","M","E","M"],"items_purchased_type":["Relic","Relic","Card","Card","Potion"],"build_version":"2020-12-22","purchased_purges":0,"victory":false,"max_hp_per_floor":[66,66,66,66,66,66,66,66,66,66,66,66,66,66,66,66,66,66,66,66,66,66,66,66,66,66,66,66,66,66,66,66],"relic_stats":{"Blood Vial":26,"counters":[17,86],"Sundial":[2],"Eternal Feather":0,"Boot":[4],"obtain_stats":[{"Lantern":10,"NeowsBlessing":0,"Vajra":9,"Eternal Feather":30,"Frozen Egg 2":12,"Boot":26,"Blood Vial":6,"Bottled Flame":20,"Sundial":24,"Philosopher\u0027s Stone":17,"Red Mask":21,"Membership Card":20,"Ring of the Snake":0},{"Lantern":6,"NeowsBlessing":0,"Vajra":5,"Eternal Feather":16,"Frozen Egg 2":8,"Boot":14,"Blood Vial":4,"Bottled Flame":11,"Sundial":14,"Philosopher\u0027s Stone":9,"Red Mask":12,"Membership Card":11,"Ring of the Snake":0},{"Lantern":22,"NeowsBlessing":0,"Vajra":18,"Eternal Feather":81,"Frozen Egg 2":29,"Boot":67,"Blood Vial":14,"Bottled Flame":53,"Sundial":67,"Philosopher\u0027s Stone":44,"Red Mask":56,"Membership Card":53,"Ring of the Snake":0}],"Ring of the Snake":[34]},"card_choices":[{"not_picked":["PiercingWail","Acrobatics"],"picked":"Quick Slash","floor":1.0},{"not_picked":["Tactician","Finisher"],"picked":"Slice","floor":4.0},{"not_picked":["PiercingWail","Setup"],"picked":"Sucker Punch","floor":5.0},{"not_picked":["Finisher","Bane"],"picked":"Predator","floor":6.0},{"not_picked":["Acrobatics","Flechettes"],"picked":"Deflect","floor":7.0},{"not_picked":["Leg Sweep","Malaise"],"picked":"Bullet Time","floor":10.0},{"not_picked":["Dagger Spray","Expertise"],"picked":"Backflip","floor":11.0},{"not_picked":["Expertise","Deadly Poison"],"picked":"Slice","floor":12.0},{"not_picked":["Glass Knife","Corpse Explosion"],"picked":"Doppelganger","floor":16.0},{"not_picked":["Deadly Poison","Blade Dance"],"picked":"Backflip","floor":18.0},{"not_picked":["Deadly Poison","Sucker Punch"],"picked":"Quick Slash","floor":19.0},{"not_picked":["Concentrate","Outmaneuver"],"picked":"Predator","floor":21},{"not_picked":["Well Laid Plans+1","Leg Sweep+1"],"picked":"PiercingWail","floor":22},{"not_picked":["Tactician","Underhanded Strike+1"],"picked":"Burst","floor":24},{"not_picked":["Dagger Spray","Dodge and Roll","Bane+1"],"picked":"SKIP","floor":29},{"not_picked":["Dagger Spray","Masterful Stab"],"picked":"Cloak And Dagger","floor":30}],"player_experience":1308509,"relics_obtained":[{"floor":6.0,"key":"Blood Vial"},{"floor":9.0,"key":"Vajra"},{"floor":10.0,"key":"Lantern"},{"floor":12.0,"key":"Frozen Egg 2"},{"floor":21,"key":"Red Mask"},{"floor":24,"key":"Sundial"},{"floor":26,"key":"Boot"},{"floor":30,"key":"Eternal Feather"}],"event_choices":[{"cards_removed":["Strike_G"],"damage_healed":0.0,"max_hp_gain":0.0,"max_hp_loss":0.0,"gold_gain":0.0,"event_name":"Golden Wing","player_choice":"Card Removal","floor":2.0,"gold_loss":0.0,"damage_taken":7.0},{"damage_healed":0.0,"max_hp_gain":0.0,"max_hp_loss":0.0,"gold_gain":0.0,"event_name":"Upgrade Shrine","player_choice":"Upgraded","floor":3.0,"gold_loss":0.0,"damage_taken":0.0,"cards_upgraded":["Quick Slash"]},{"damage_healed":0.0,"max_hp_gain":0.0,"max_hp_loss":0.0,"gold_gain":0.0,"event_name":"Dead Adventurer","player_choice":"Searched \u00271\u0027 times","floor":12.0,"gold_loss":0.0,"damage_taken":0.0},{"damage_healed":0.0,"max_hp_gain":0.0,"max_hp_loss":0.0,"gold_gain":0.0,"event_name":"Shining Light","player_choice":"Ignored","floor":14.0,"gold_loss":0.0,"damage_taken":0.0},{"damage_healed":0,"gold_gain":0,"player_choice":"Fought Bandits","damage_taken":0,"max_hp_gain":0,"max_hp_loss":0,"event_name":"Masked Bandits","floor":21,"gold_loss":0},{"damage_healed":0,"gold_gain":50,"player_choice":"Stole From Cult","damage_taken":0,"max_hp_gain":0,"max_hp_loss":0,"event_name":"Nest","floor":28,"gold_loss":0}],"is_beta":false,"boss_relics":[{"not_picked":["Velvet Choker","SacredBark"],"picked":"Philosopher\u0027s Stone"}],"items_purged_floors":[],"is_endless":false,"potions_floor_spawned":[5,7,11,12,16,18,21,29,30],"killed_by":"Cultist and Chosen","ascension_level":20}}