{"host":"3j2m8n0ywf988fwb","time":1611138926,"event":{"mods":["2.2 Compatiblity","AchievementEnabler","Act Like it!","Aspiration","Astrologer","BaseMod","Beaked The Cultist","Better Altar","Better Match","Better Note","Better Sensory Stone","Better Skull","Better Third Choice","CCEM","ChefMod","Colored Map","Colored Powertips","Conspire","Dark Map","Energized Spire","Evolution","Fireblade Mod","GifTheSpireLib","Googly Eyes","Halation","Hallownest","Highlight Path","Hubris","Infinite Spire","Jedi Mod","Marisa????????","Marked Mod","Mimic Mod","Minty Spire (QoL Compilation)","Random Character Button","Relic Stats","Replay The Spire","Robot Space Explorer","Shop Mod","Somnambulant","Spire Arcade","StSLib","Stuff the Spire","The Bug Knight","The Hierophant","The Marked","The Runesmith","TheFirefly","Unceasing Turn Reminder","everything is the same but u backflip on backflip"],"gold_per_floor":[116,116,127,227,241,258,291,291,291,319,338,338,11,36,36,139,139,149,149,161,161,177,203,203,234,303,4,23,57,57,76,76,76,76],"floor_reached":33,"language":"ENG","playtime":1342,"items_purged":["Strike_B","Strike_B"],"score":391,"play_id":"ad38bee3-e436-4673-b0a7-f2bc97b753c4","local_time":"20210120043526","is_ascension_mode":true,"campfire_choices":[{"data":"Self Repair","floor":15,"key":"SMITH"},{"data":"ReplayTheSpireMod:Fabricate Wheel","floor":24,"key":"SMITH"}],"circlet_count":0,"master_deck":["Strike_B","Defend_B","Defend_B","Defend_B","Defend_B","Zap+1","Coolheaded+1","Feed+1","Self Repair+1","Sweeping Beam","Gash+1","Gash+1","Bash+1","Machine Learning","conspire:SharedLibrary+1","Gash+1","Amplify","Fission","hubris:PowerSurge+1"],"relics":["EVO:Axolotl","Replay:Bottled Eggs","Iron Core","Replay:Bottled Steam","StuffTheSpire:Rhapsscallions","Replay:Bottled Flurry","Regal Pillow","Ring of Chaos","infinitespire:PuzzleCube","Prayer Wheel","Mango","CCEMRelics:Sandal","OrangePellets","CCEMRelics:OverlyComfyChair","WristBlade"],"acts_visited":["Exordium","Exordium"],"potions_floor_usage":[7,22,33],"damage_taken":[{"damage":3,"enemies":"2 Louse","floor":1,"turns":2},{"damage":0,"enemies":"Cultist","floor":3,"turns":3},{"damage":0,"enemies":"Small Slimes","floor":5,"turns":3},{"damage":1,"enemies":"Looter","floor":6,"turns":4},{"damage":23,"enemies":"Gremlin Nob","floor":7,"turns":4},{"damage":20,"enemies":"Lagavulin","floor":10,"turns":5},{"damage":2,"enemies":"Exordium Wildlife","floor":11,"turns":3},{"damage":54,"enemies":"Fading Forest","floor":16,"turns":11},{"damage":23,"enemies":"Hallownest:Guard_and_Sentry","floor":18,"turns":5},{"damage":38,"enemies":"Hallownest:Flukemon_and_Top","floor":20,"turns":6},{"damage":18,"enemies":"Hallownest:Master_and_Novice","floor":22,"turns":3},{"damage":32,"enemies":"Hallownest:eliteSoulWarrior","floor":23,"turns":5},{"damage":10,"enemies":"Hallownest:Nosk","floor":25,"turns":7},{"damage":14,"enemies":"Hallownest:monsterShrumalOgre","floor":28,"turns":3},{"damage":20,"enemies":"Hallownest:eliteWatcherKnight","floor":29,"turns":7},{"damage":14,"enemies":"Hallownest:Warrior_and_Youth","floor":31,"turns":4},{"damage":55,"enemies":"Hallownest:BossGrimm","floor":33,"turns":8}],"seed_played":"7001520207467704890","potions_obtained":[{"floor":1,"key":"LifebloodPotion"},{"floor":6,"key":"FearPotion"},{"floor":7,"key":"SpeedPotion"},{"floor":20,"key":"Swift Potion"},{"floor":23,"key":"EssenceOfDarkness"},{"floor":28,"key":"ColorlessPotion"}],"is_trial":false,"path_per_floor":["M","?","M","?","M","M","E","?","T","E","M","?","$","T","R","B",null,"M","?","M","?","M","E","R","E","T","$","M","E","$","M","R_BF","B"],"character_chosen":"DEFECT","items_purchased":["Replay:Bottled Flurry","OrangePellets","hubris:PowerSurge+1"],"campfire_rested":0,"item_purchase_floors":[13,27,27],"current_hp_per_floor":[72,72,76,76,83,87,71,71,71,62,71,71,71,71,71,35,95,82,92,68,68,64,42,42,60,60,60,66,56,56,53,53,0,0],"gold":76,"neow_bonus":"RANDOM_EVENT","is_daily":false,"chose_seed":false,"campfire_upgraded":2,"win_rate":0.0,"timestamp":1611138926,"path_taken":["M","?","?","?","?","M","E","?","T","E","M","?","?","?","R","BOSS","M","?","?","?","M","E","R","E","T","?","?","E","?","M","R_BF","BOSS"],"items_purchased_type":["Relic","Relic","Card"],"build_version":"2020-12-22","purchased_purges":2,"victory":false,"max_hp_per_floor":[75,75,79,79,83,87,87,87,87,91,95,95,95,95,95,95,95,95,95,99,99,103,103,103,121,121,121,121,121,121,121,91,91,91],"relic_stats":{"OrangePellets":[7],"Regal Pillow":0,"counters":[17,83],"Prayer Wheel":2,"obtain_stats":[{"Iron Core":8,"Regal Pillow":14,"StuffTheSpire:Rhapsscallions":10,"Mango":25,"Ring of Chaos":17,"jedi:command_boss":32,"EVO:Axolotl":0,"OrangePellets":27,"WristBlade":32,"CCEMRelics:OverlyComfyChair":29,"Prayer Wheel":25,"CCEMRelics:Sandal":26,"Replay:Bottled Flurry":13,"Replay:Bottled Eggs":7,"Cracked Core":0,"infinitespire:PuzzleCube":23,"Replay:Bottled Steam":9},{"Iron Core":5,"Regal Pillow":7,"StuffTheSpire:Rhapsscallions":6,"Mango":13,"Ring of Chaos":8,"jedi:command_boss":16,"EVO:Axolotl":0,"OrangePellets":13,"WristBlade":16,"CCEMRelics:OverlyComfyChair":15,"Prayer Wheel":13,"CCEMRelics:Sandal":13,"Replay:Bottled Flurry":7,"Replay:Bottled Eggs":5,"Cracked Core":0,"infinitespire:PuzzleCube":12,"Replay:Bottled Steam":5},{"Iron Core":16,"Regal Pillow":24,"StuffTheSpire:Rhapsscallions":21,"Mango":61,"Ring of Chaos":35,"jedi:command_boss":75,"EVO:Axolotl":0,"OrangePellets":61,"WristBlade":75,"CCEMRelics:OverlyComfyChair":71,"Prayer Wheel":60,"CCEMRelics:Sandal":61,"Replay:Bottled Flurry":24,"Replay:Bottled Eggs":16,"Cracked Core":0,"infinitespire:PuzzleCube":54,"Replay:Bottled Steam":16}]},"card_choices":[{"not_picked":["StuffTheSpire:CleanHardDrive","Turbo"],"picked":"Coolheaded","floor":1},{"not_picked":["jedi:BurstFrost","jedi:BurstLightning"],"picked":"Self Repair","floor":3},{"not_picked":["Compile Driver","ReplayTheSpireMod:GoodbyeWorld"],"picked":"Sweeping Beam","floor":5},{"not_picked":["Cold Snap","Stack"],"picked":"Gash","floor":6},{"not_picked":["Sweeping Beam","StuffTheSpire:LoadUp"],"picked":"Gash","floor":7},{"not_picked":["ReplayTheSpireMod:GoodbyeWorld","ReplayTheSpireMod:System Scan","Undo"],"picked":"SKIP","floor":10},{"not_picked":["Rebound","StuffTheSpire:LoadUp","Iron Wave"],"picked":"SKIP","floor":11},{"not_picked":["jedi:darknesscall","Electrodynamics"],"picked":"Machine Learning","floor":16},{"not_picked":["Steam","Stack"],"picked":"conspire:SharedLibrary+1","floor":18},{"not_picked":["Go for the Eyes","Coolheaded"],"picked":"Gash+1","floor":20},{"not_picked":["Hello World+1","Loop"],"picked":"ReplayTheSpireMod:Fabricate Wheel","floor":22},{"not_picked":["Static Discharge","Doom and Gloom","Darkness"],"picked":"SKIP","floor":23},{"not_picked":["jedi:overflow+1","StuffTheSpire:NuclearReactor"],"picked":"Fission","floor":25},{"not_picked":["jedi:reiji+1","ReplayTheSpireMod:Repulse","Cold Snap"],"picked":"SKIP","floor":28},{"not_picked":["jedi:sharpshooter","jedi:BurstFrost+1","Hologram"],"picked":"SKIP","floor":28},{"not_picked":["jedi:reiji+1","ReplayTheSpireMod:Repulse","Cold Snap"],"picked":"SKIP","floor":28},{"not_picked":["jedi:sharpshooter","jedi:BurstFrost+1","Hologram"],"picked":"SKIP","floor":28},{"not_picked":["Turbo+1","Rebound","jedi:BurstLightning"],"picked":"SKIP","floor":29},{"not_picked":["StuffTheSpire:Plugnplay+1","jedi:BurstFrost","jedi:locknload"],"picked":"SKIP","floor":31},{"not_picked":["Compile Driver","jedi:BurstDark","Chill"],"picked":"SKIP","floor":31}],"player_experience":1081848,"relics_obtained":[{"floor":7,"key":"Replay:Bottled Eggs"},{"floor":9,"key":"Replay:Bottled Steam"},{"floor":10,"key":"StuffTheSpire:Rhapsscallions"},{"floor":14,"key":"Regal Pillow"},{"floor":23,"key":"infinitespire:PuzzleCube"},{"floor":25,"key":"Mango"},{"floor":26,"key":"CCEMRelics:Sandal"},{"floor":29,"key":"CCEMRelics:OverlyComfyChair"}],"event_choices":[{"cards_removed":["Zap"],"damage_healed":0,"gold_gain":0,"player_choice":"Take \u0026 Give","damage_taken":0,"max_hp_gain":0,"max_hp_loss":0,"event_name":"betterNote:BetterNote","floor":2,"gold_loss":0,"cards_obtained":["Feed"]},{"damage_healed":0,"gold_gain":100,"player_choice":"Pray","damage_taken":0,"max_hp_gain":0,"max_hp_loss":0,"event_name":"Golden Shrine","floor":4,"gold_loss":0}],"is_beta":false,"boss_relics":[{"not_picked":["hubris:TerracottaHorce","energizedSpire:NeverEndingSparkler"],"picked":"Ring of Chaos"}],"items_purged_floors":[13,27],"is_endless":false,"potions_floor_spawned":[1,6,7,20,23,28,29],"killed_by":"Hallownest:BossGrimm","ascension_level":4}}