{"host":"mai03x2ekbjy4059","time":1611114976,"event":{"mods":["2.2 Compatiblity","BaseMod","Colored Map","DeckTracker","Keyboard Shortcuts","Minty Spire (QoL Compilation)","Permanent Neow","Quick Restart","SuperFastMode","everything is the same but u backflip on backflip"],"gold_per_floor":[360,29,29,29,43,75,75,100,100,0,32,32,49,60,60,156,156,176,194,34,34,48,48,66,91,91,91,119,168,193,213,213,308,308,318,318,332,28,38,67,417,444,467,493,512,528,528,563,563,563,563,563,326,361,361],"floor_reached":56,"language":"KOR","playtime":1785,"items_purged":["Strike_G","Defend_G","Strike_G","Defend_G","Survivor"],"score":1622,"play_id":"738153af-8f49-48ae-bd56-b6c4e368d79f","local_time":"20210120125616","is_ascension_mode":true,"campfire_choices":[{"data":"Adrenaline","floor":7.0,"key":"SMITH"},{"data":"Neutralize","floor":12.0,"key":"SMITH"},{"data":"Cloak And Dagger","floor":15.0,"key":"SMITH"},{"data":"A Thousand Cuts","floor":27.0,"key":"SMITH"},{"data":"Footwork","floor":32.0,"key":"SMITH"},{"data":"Envenom","floor":47.0,"key":"SMITH"},{"floor":49,"key":"RECALL"},{"data":"After Image","floor":52,"key":"SMITH"}],"circlet_count":0,"master_deck":["Strike_G","Defend_G","Neutralize+1","Slice","Deflect","Adrenaline+1","Deflect","Cloak And Dagger+1","A Thousand Cuts+1","Slice","Expertise","Deflect","Footwork+1","Masterful Stab","Envenom+1","Infinite Blades","Accuracy+1","Blade Dance+1","Terror+1","After Image+1","Footwork+1","Endless Agony+1"],"relics":["Ring of the Snake","Ornamental Fan","StoneCalendar","Tiny Chest","Gambling Chip","Thread and Needle","Empty Cage","Matryoshka","Lantern","Regal Pillow","Ancient Tea Set","Strawberry","TungstenRod","WristBlade","Membership Card","Nunchaku","Ginger","Old Coin","Happy Flower","Bronze Scales","Bottled Tornado","Ice Cream","Boot","DollysMirror","Vajra"],"acts_visited":["Exordium","TheCity","TheBeyond","TheEnding"],"potions_floor_usage":[55,55,55],"damage_taken":[{"damage":0.0,"enemies":"2 Louse","floor":1.0,"turns":3.0},{"damage":0.0,"enemies":"Small Slimes","floor":5.0,"turns":3.0},{"damage":6.0,"enemies":"3 Sentries","floor":6.0,"turns":11.0},{"damage":15.0,"enemies":"Gremlin Nob","floor":8.0,"turns":6.0},{"damage":30.0,"enemies":"Lagavulin","floor":11.0,"turns":7.0},{"damage":0.0,"enemies":"Cultist","floor":13.0,"turns":3.0},{"damage":0.0,"enemies":"Gremlin Gang","floor":14.0,"turns":5.0},{"damage":3.0,"enemies":"The Guardian","floor":16.0,"turns":13.0},{"damage":0.0,"enemies":"Spheric Guardian","floor":18.0,"turns":3.0},{"damage":0.0,"enemies":"Chosen","floor":19.0,"turns":4.0},{"damage":0.0,"enemies":"Snecko","floor":22.0,"turns":7.0},{"damage":0.0,"enemies":"Snake Plant","floor":24.0,"turns":5.0},{"damage":0.0,"enemies":"Gremlin Leader","floor":25.0,"turns":6.0},{"damage":0.0,"enemies":"Slavers","floor":28.0,"turns":4.0},{"damage":0.0,"enemies":"Gremlin Leader","floor":30.0,"turns":6.0},{"damage":10.0,"enemies":"Cultist and Chosen","floor":31.0,"turns":5.0},{"damage":14.0,"enemies":"Automaton","floor":33.0,"turns":8.0},{"damage":0.0,"enemies":"Orb Walker","floor":35.0,"turns":3.0},{"damage":0.0,"enemies":"3 Darklings","floor":37.0,"turns":4.0},{"damage":0.0,"enemies":"Maw","floor":39.0,"turns":5.0},{"damage":0.0,"enemies":"Giant Head","floor":40.0,"turns":6.0},{"damage":0.0,"enemies":"Mind Bloom Boss Battle","floor":41.0,"turns":4.0},{"damage":0.0,"enemies":"Reptomancer","floor":44.0,"turns":5.0},{"damage":0.0,"enemies":"Spire Growth","floor":45.0,"turns":4.0},{"damage":0.0,"enemies":"3 Darklings","floor":46.0,"turns":2.0},{"damage":0,"enemies":"Nemesis","floor":48,"turns":3},{"damage":70,"enemies":"Time Eater","floor":50,"turns":9},{"damage":0,"enemies":"Shield and Spear","floor":54,"turns":3},{"damage":43,"enemies":"The Heart","floor":55,"turns":7}],"seed_played":"4416650009950515116","potions_obtained":[{"floor":5.0,"key":"ColorlessPotion"},{"floor":11.0,"key":"EssenceOfSteel"},{"floor":16.0,"key":"Regen Potion"},{"floor":18.0,"key":"ColorlessPotion"},{"floor":19.0,"key":"Strength Potion"},{"floor":25.0,"key":"Weak Potion"},{"floor":31.0,"key":"FairyPotion"},{"floor":33.0,"key":"Energy Potion"},{"floor":35.0,"key":"GhostInAJar"}],"is_trial":false,"path_per_floor":["M","$","?","?","M","E","R","E","T","$","E","R","M","M","R","B",null,"M","M","$","?","M","$","M","E","T","R","E","T","E","M","R","B",null,"M","?","M","$","M","E","?","T","T","E","M","M","R","E","R","B",null,"R","$","E","B",null],"character_chosen":"THE_SILENT","items_purchased":["Ornamental Fan","Expertise","Membership Card","Nunchaku","Boot","DollysMirror"],"campfire_rested":0,"item_purchase_floors":[2,20,38,38,53,53],"current_hp_per_floor":[63,63,68,68,68,62,62,47,47,47,17,17,17,17,17,14,68,68,68,68,68,68,68,68,68,68,68,68,75,75,65,65,51,75,75,75,75,75,75,75,75,75,75,75,75,75,75,75,75,5,75,75,75,75,32],"gold":361,"neow_bonus":"TWO_FIFTY_GOLD","is_daily":false,"chose_seed":false,"campfire_upgraded":7,"win_rate":0.0,"timestamp":1611114976,"path_taken":["M","$","?","?","M","E","R","E","T","$","E","R","M","M","R","BOSS","M","M","$","?","M","?","?","E","T","R","E","?","E","?","R","BOSS","M","?","M","$","M","E","?","?","T","E","M","M","R","E","R","BOSS","R","$","E","BOSS"],"items_purchased_type":["Relic","Card","Relic","Relic","Relic","Relic"],"build_version":"2020-12-22","purchased_purges":5,"victory":true,"max_hp_per_floor":[63,63,68,68,68,68,68,68,68,68,68,68,68,68,68,68,68,68,68,68,68,68,68,68,68,68,68,68,75,75,75,75,75,75,75,75,75,75,75,75,75,75,75,75,75,75,75,75,75,75,75,75,75,75,75],"card_choices":[{"not_picked":["Sucker Punch","Outmaneuver"],"picked":"Slice","floor":1.0},{"not_picked":["Poisoned Stab","Deadly Poison"],"picked":"Deflect","floor":5.0},{"not_picked":["Sucker Punch","Dodge and Roll"],"picked":"Adrenaline","floor":6.0},{"not_picked":["Dodge and Roll","Underhanded Strike","Deadly Poison"],"picked":"SKIP","floor":8.0},{"not_picked":["Caltrops","Poisoned Stab"],"picked":"Deflect","floor":11.0},{"not_picked":["Caltrops","All Out Attack","Dodge and Roll"],"picked":"SKIP","floor":13.0},{"not_picked":["Deflect","PiercingWail"],"picked":"Cloak And Dagger","floor":14.0},{"not_picked":["Venomology","Doppelganger"],"picked":"A Thousand Cuts","floor":16.0},{"not_picked":["Bouncing Flask","Quick Slash+1"],"picked":"Slice","floor":18.0},{"not_picked":["Underhanded Strike","Poisoned Stab","Corpse Explosion"],"picked":"SKIP","floor":19.0},{"not_picked":["Well Laid Plans","Eviscerate+1","All Out Attack"],"picked":"SKIP","floor":22.0},{"not_picked":["Tactician+1","Acrobatics","Choke"],"picked":"SKIP","floor":24.0},{"not_picked":["Dagger Throw+1","Dash+1","Outmaneuver"],"picked":"SKIP","floor":25.0},{"not_picked":["Leg Sweep","Outmaneuver"],"picked":"Deflect","floor":28.0},{"not_picked":["Dagger Throw","Dagger Spray+1"],"picked":"Footwork","floor":30.0},{"not_picked":["Flying Knee","Acrobatics+1"],"picked":"Masterful Stab","floor":31.0},{"not_picked":["Corpse Explosion","Glass Knife"],"picked":"Envenom","floor":33.0},{"not_picked":["Dash+1","Bane"],"picked":"Terror","floor":35.0},{"not_picked":["Catalyst+1","Underhanded Strike+1"],"picked":"Infinite Blades","floor":37.0},{"not_picked":["PiercingWail+1","Prepared"],"picked":"Accuracy+1","floor":39.0},{"not_picked":["Die Die Die","Acrobatics+1","Outmaneuver"],"picked":"SKIP","floor":40.0},{"not_picked":["Outmaneuver+1","Grand Finale","Dagger Spray"],"picked":"SKIP","floor":44.0},{"not_picked":["Cloak And Dagger","Endless Agony"],"picked":"Blade Dance+1","floor":45.0},{"not_picked":["Acrobatics","Blade Dance+1"],"picked":"Terror+1","floor":46.0},{"not_picked":["Sucker Punch","Setup"],"picked":"After Image","floor":48},{"not_picked":["PiercingWail","Dodge and Roll+1"],"picked":"Endless Agony+1","floor":54}],"player_experience":1101957,"relics_obtained":[{"floor":6.0,"key":"StoneCalendar"},{"floor":8.0,"key":"Tiny Chest"},{"floor":9.0,"key":"Gambling Chip"},{"floor":11.0,"key":"Thread and Needle"},{"floor":25.0,"key":"Matryoshka"},{"floor":26.0,"key":"Lantern"},{"floor":28.0,"key":"Regal Pillow"},{"floor":29.0,"key":"Ancient Tea Set"},{"floor":29.0,"key":"Strawberry"},{"floor":30.0,"key":"TungstenRod"},{"floor":40.0,"key":"Ginger"},{"floor":41.0,"key":"Old Coin"},{"floor":42.0,"key":"Happy Flower"},{"floor":43.0,"key":"Bronze Scales"},{"floor":44.0,"key":"Bottled Tornado"},{"floor":48,"key":"Ice Cream"},{"floor":54,"key":"Vajra"}],"event_choices":[{"damage_healed":0.0,"max_hp_gain":5.0,"max_hp_loss":0.0,"gold_gain":0.0,"event_name":"Big Fish","player_choice":"Donut","floor":3.0,"gold_loss":0.0,"damage_taken":0.0},{"cards_removed":["Defend_G"],"damage_healed":0.0,"max_hp_gain":0.0,"max_hp_loss":0.0,"gold_gain":0.0,"event_name":"Living Wall","player_choice":"Forget","floor":4.0,"gold_loss":0.0,"damage_taken":0.0},{"cards_removed":["Strike_G"],"damage_healed":0.0,"max_hp_gain":0.0,"max_hp_loss":0.0,"gold_gain":0.0,"event_name":"Bonfire Elementals","player_choice":"Offered Basic","floor":21.0,"gold_loss":0.0,"damage_taken":0.0},{"cards_removed":["Terror"],"damage_healed":0.0,"max_hp_gain":0.0,"max_hp_loss":0.0,"gold_gain":0.0,"event_name":"Falling","player_choice":"Removed Skill","floor":36.0,"gold_loss":0.0,"damage_taken":0.0},{"damage_healed":0.0,"max_hp_gain":0.0,"max_hp_loss":0.0,"gold_gain":0.0,"event_name":"MindBloom","player_choice":"Fight","floor":41.0,"gold_loss":0.0,"damage_taken":0.0}],"is_beta":false,"boss_relics":[{"not_picked":["Cursed Key","HoveringKite"],"picked":"Empty Cage"},{"not_picked":["Runic Dome","SlaversCollar"],"picked":"WristBlade"}],"items_purged_floors":[2,10,20,38,53],"is_endless":false,"potions_floor_spawned":[5,11,16,18,19,25,31,33,35,40,45,54],"ascension_level":1}}