{"host":"5jzx1090woovszu4","time":1611115747,"event":{"mods":["BaseMod","Minty Spire (QoL Compilation)","Shade Mod","Spicy Shops","StSLib"],"gold_per_floor":[116,127,127,92,105,139,139,166,236,268,268,285,169,196,196,293,293,312,328,328,12,12,12,40,58,83,99,113,139,153,179,179,278,278,296,296,296,313,313,346,346,379,379,414,439,68,68,99,99,99],"floor_reached":51,"language":"ENG","playtime":2319,"items_purged":[],"score":1184,"play_id":"76577209-1c26-444f-859d-68ba347770d5","local_time":"20210120050907","daily_mods":["SealedDeck","Elite Swarm"],"is_ascension_mode":false,"campfire_choices":[{"data":"Shade:CommandSoldier","floor":7,"key":"SMITH"},{"data":"Shade:GreaterAnimation","floor":11,"key":"SMITH"},{"data":"Shade:LichForm","floor":15,"key":"SMITH"},{"data":"Shade:CommandSoldier","floor":23,"key":"SMITH"},{"floor":32,"key":"REST"},{"floor":41,"key":"REST"},{"data":"Shade:UnbarTheGrave","floor":47,"key":"SMITH"},{"floor":49,"key":"REST"}],"circlet_count":0,"master_deck":["Shade:PressTheAttack","Shade:CommandSoldier","Shade:WallOfFlesh","Shade:WallOfFlesh+1","Shade:ClawBack+1","Shade:ExtraLimbs","Shade:FreshBones","Shade:CommandSoldier+1","Shade:CommandSoldier+1","Shade:FreshBones","Shade:FreshBones","Shade:LichForm+1","Shade:GreaterAnimation+1","Shade:Bonestorm","Shade:GraveStillness","J.A.X.","Shade:Coordination","Shade:AuraOfUnlife","Shade:SkeletonArmy+1","Shade:UnbarTheGrave+1","Shade:Brains+1","Shade:PotionOfRestlessness+1","Shade:AnimateDead"],"relics":["Shade:YorickSkull","Unceasing Top","Gremlin Horn","The Courier","Potion Belt","Orrery","White Beast Statue","SlaversCollar","Lee\u0027s Waffle","HornCleat","Strawberry","Omamori","Ginger","Bag of Preparation","Black Star","Anchor","Blood Vial","WingedGreaves","Peace Pipe","Akabeko","Vajra","Question Card","Centennial Puzzle","Du-Vu Doll","Letter Opener","TungstenRod","Sundial","Juzu Bracelet"],"acts_visited":["Exordium","TheCity","TheBeyond"],"potions_floor_usage":[18,24,27,28,29,30,33,33,33,40,42,44,45,50,50,50,50,50],"damage_taken":[{"damage":0,"enemies":"2 Louse","floor":1,"turns":2},{"damage":0,"enemies":"Jaw Worm","floor":2,"turns":3},{"damage":3,"enemies":"Small Slimes","floor":5,"turns":2},{"damage":12,"enemies":"3 Sentries","floor":6,"turns":5},{"damage":0,"enemies":"Lagavulin","floor":8,"turns":3},{"damage":10,"enemies":"3 Sentries","floor":10,"turns":5},{"damage":0,"enemies":"Blue Slaver","floor":12,"turns":2},{"damage":0,"enemies":"Lagavulin","floor":14,"turns":4},{"damage":0,"enemies":"Slime Boss","floor":16,"turns":4},{"damage":7,"enemies":"3 Byrds","floor":18,"turns":3},{"damage":0,"enemies":"Spheric Guardian","floor":19,"turns":3},{"damage":6,"enemies":"Slavers","floor":24,"turns":3},{"damage":8,"enemies":"Snake Plant","floor":25,"turns":4},{"damage":3,"enemies":"Snecko","floor":27,"turns":2},{"damage":8,"enemies":"Centurion and Healer","floor":28,"turns":5},{"damage":8,"enemies":"Gremlin Leader","floor":29,"turns":4},{"damage":3,"enemies":"Snake Plant","floor":30,"turns":2},{"damage":3,"enemies":"Collector","floor":33,"turns":3},{"damage":3,"enemies":"3 Shapes","floor":35,"turns":3},{"damage":4,"enemies":"Orb Walker","floor":38,"turns":3},{"damage":32,"enemies":"Giant Head","floor":40,"turns":6},{"damage":3,"enemies":"Reptomancer","floor":42,"turns":3},{"damage":3,"enemies":"Giant Head","floor":44,"turns":5},{"damage":3,"enemies":"Nemesis","floor":45,"turns":5},{"damage":2,"enemies":"Reptomancer","floor":48,"turns":3},{"damage":19,"enemies":"Awakened One","floor":50,"turns":5}],"seed_played":"1106189922985560460","potions_obtained":[{"floor":10,"key":"Swift Potion"},{"floor":12,"key":"Fire Potion"},{"floor":14,"key":"DistilledChaos"},{"floor":16,"key":"Dexterity Potion"},{"floor":18,"key":"Explosive Potion"},{"floor":19,"key":"DuplicationPotion"},{"floor":24,"key":"DistilledChaos"},{"floor":27,"key":"SkillPotion"},{"floor":28,"key":"SteroidPotion"},{"floor":29,"key":"Explosive Potion"},{"floor":30,"key":"Explosive Potion"},{"floor":33,"key":"GamblersBrew"},{"floor":35,"key":"LiquidBronze"},{"floor":38,"key":"PowerPotion"},{"floor":40,"key":"Swift Potion"},{"floor":42,"key":"Regen Potion"},{"floor":44,"key":"LiquidBronze"},{"floor":45,"key":"Regen Potion"}],"is_trial":true,"path_per_floor":["M","M","?","?","M","E","R","E","T","E","R","M","$","E","R","B",null,"M","M","?","$","?","R","E","M","T","M","M","E","M","T","R","B",null,"M","?","?","M","?","E","R","E","T","E","E","$","R","E","R","B",null],"character_chosen":"SHADE","items_purchased":["Orrery","Lee\u0027s Waffle","HornCleat","DuplicationPotion","TungstenRod"],"campfire_rested":3,"item_purchase_floors":[13,21,21,46,46],"current_hp_per_floor":[65,65,52,65,62,50,50,50,50,40,40,40,40,40,40,40,65,58,58,47,77,77,77,78,70,70,67,59,51,48,48,73,70,84,81,81,81,77,77,45,70,69,69,68,67,67,67,67,84,80],"gold":99,"neow_bonus":"","is_daily":false,"chose_seed":false,"campfire_upgraded":5,"win_rate":0.0,"timestamp":1611115747,"path_taken":["M","M","?","?","M","E","R","E","T","E","R","M","$","E","R","BOSS","M","M","?","$","?","R","E","M","T","M","M","E","M","?","R","BOSS","M","?","?","?","?","E","R","E","T","E","E","$","R","E","R","BOSS"],"items_purchased_type":["Relic","Relic","Relic","Potion","Relic"],"build_version":"2020-12-22","purchased_purges":0,"victory":true,"max_hp_per_floor":[65,65,65,65,65,65,65,65,65,65,65,65,65,65,65,65,65,65,65,70,77,77,77,84,84,84,84,84,84,84,84,84,84,84,84,84,84,84,84,84,84,84,84,84,84,84,84,84,84,84],"card_choices":[{"not_picked":["Shade:SkeletonHug","Shade:Trample"],"picked":"Shade:FreshBones","floor":1},{"not_picked":["Shade:Awaken","Shade:WallOfFlesh"],"picked":"Shade:PressTheAttack","floor":2},{"not_picked":["Shade:Frenzy","Shade:FingerOfDeath","Shade:FleshOffering"],"picked":"SKIP","floor":5},{"not_picked":["Shade:DarkOfNight","Shade:OneIsEnough"],"picked":"Shade:LichForm","floor":6},{"not_picked":["Shade:LoseControl","Shade:Tombstone","Shade:OfferingToTheBeyond"],"picked":"SKIP","floor":8},{"not_picked":["Shade:OfferingToTheBeyond","Shade:LoseControl"],"picked":"Shade:GreaterAnimation","floor":10},{"not_picked":["Shade:ExtraLimbs","Shade:CoffinDance"],"picked":"Shade:Bonestorm","floor":12},{"not_picked":["Shade:SelfBurial","Shade:LoseControl","Shade:Consume"],"picked":"SKIP","floor":14},{"not_picked":["Shade:Frenzy","Shade:Premonition","Shade:AncientSpear"],"picked":"SKIP","floor":18},{"not_picked":["Shade:ExtraLimbs","Shade:FeralStrike"],"picked":"Shade:GraveStillness","floor":19},{"not_picked":["Shade:Tombstone","Shade:UnbarTheGrave"],"picked":"Shade:Coordination","floor":24},{"not_picked":["Shade:Trample+1","Shade:SkeletonHug","Shade:GreyBargain"],"picked":"SKIP","floor":25},{"not_picked":["Shade:FuneraryArmor","Shade:StitchTogether"],"picked":"Shade:AuraOfUnlife","floor":27},{"not_picked":["Shade:BoneShards","Shade:AncientSpear"],"picked":"Shade:SkeletonArmy+1","floor":28},{"not_picked":["Shade:LastGasp","Shade:SoulPierce"],"picked":"Shade:UnbarTheGrave","floor":29},{"not_picked":["Shade:CoffinDance","Shade:Haruspicy","Shade:Asphyxiate"],"picked":"SKIP","floor":30},{"not_picked":["Shade:RitualOffering","Shade:Bite_Shade+1"],"picked":"Shade:Brains+1","floor":35},{"not_picked":["Shade:Bonestorm","Shade:PotionOfRestlessness+1","Shade:SpectralStrikes"],"picked":"SKIP","floor":38},{"not_picked":["Shade:Bonestorm","Shade:SpectralStrikes"],"picked":"Shade:PotionOfRestlessness+1","floor":38},{"not_picked":["Shade:Consume","Shade:DarkOfNight","Shade:OneIsEnough"],"picked":"SKIP","floor":40},{"not_picked":["Shade:LastGasp","Shade:UnbarTheGrave","Shade:Putrefaction"],"picked":"SKIP","floor":42},{"not_picked":["Shade:LichForm","Shade:SoulPierce","Shade:LastGasp"],"picked":"SKIP","floor":44},{"not_picked":["Shade:DarkOfNight","Shade:LichForm","Shade:SoulPierce","Shade:OneIsEnough"],"picked":"SKIP","floor":45},{"not_picked":["Shade:LichForm","Shade:UnbarTheGrave","Shade:OfferingToTheBeyond","Shade:Putrefaction"],"picked":"SKIP","floor":48}],"player_experience":635601,"relics_obtained":[{"floor":6,"key":"Unceasing Top"},{"floor":8,"key":"Gremlin Horn"},{"floor":9,"key":"The Courier"},{"floor":10,"key":"Potion Belt"},{"floor":14,"key":"White Beast Statue"},{"floor":24,"key":"Strawberry"},{"floor":26,"key":"Omamori"},{"floor":29,"key":"Ginger"},{"floor":31,"key":"Bag of Preparation"},{"floor":37,"key":"Anchor"},{"floor":40,"key":"Blood Vial"},{"floor":40,"key":"WingedGreaves"},{"floor":42,"key":"Peace Pipe"},{"floor":42,"key":"Akabeko"},{"floor":43,"key":"Vajra"},{"floor":44,"key":"Question Card"},{"floor":44,"key":"Centennial Puzzle"},{"floor":45,"key":"Du-Vu Doll"},{"floor":45,"key":"Letter Opener"},{"floor":48,"key":"Sundial"},{"floor":48,"key":"Juzu Bracelet"}],"event_choices":[{"damage_healed":0,"gold_gain":0,"player_choice":"Entered Light","damage_taken":13,"max_hp_gain":0,"max_hp_loss":0,"event_name":"Shining Light","floor":3,"gold_loss":0,"cards_upgraded":["Shade:ClawBack","Shade:WallOfFlesh"]},{"damage_healed":16,"gold_gain":0,"player_choice":"Healed","damage_taken":0,"max_hp_gain":0,"max_hp_loss":0,"event_name":"The Cleric","floor":4,"gold_loss":35},{"damage_healed":0,"gold_gain":0,"player_choice":"Shed Blood","damage_taken":16,"max_hp_gain":5,"max_hp_loss":0,"event_name":"Forgotten Altar","floor":20,"gold_loss":0},{"damage_healed":0,"gold_gain":0,"player_choice":"Obtain J.A.X.","damage_taken":0,"max_hp_gain":0,"max_hp_loss":0,"event_name":"Drug Dealer","floor":22,"gold_loss":0,"cards_obtained":["J.A.X."]},{"cards_removed":["Shade:PressTheAttack"],"damage_healed":0,"gold_gain":0,"player_choice":"Removed Attack","damage_taken":0,"max_hp_gain":0,"max_hp_loss":0,"event_name":"Falling","floor":36,"gold_loss":0},{"damage_healed":0,"gold_gain":0,"player_choice":"Relic","damage_taken":0,"max_hp_gain":0,"max_hp_loss":0,"event_name":"Wheel of Change","floor":37,"gold_loss":0},{"damage_healed":0,"gold_gain":0,"player_choice":"1 cards matched","damage_taken":0,"max_hp_gain":0,"max_hp_loss":0,"event_name":"Match and Keep!","floor":39,"gold_loss":0,"cards_obtained":["Shade:AnimateDead"]}],"is_beta":false,"boss_relics":[{"not_picked":["Runic Dome","Sozu"],"picked":"SlaversCollar"},{"not_picked":["Astrolabe","Cursed Key"],"picked":"Black Star"}],"items_purged_floors":[],"is_endless":false,"potions_floor_spawned":[10,12,14,16,18,19,24,25,27,28,29,30,33,35,38,40,42,44,45,48],"ascension_level":0}}