{"host":"vyjryxuuuxkt43k4","time":1611172839,"event":{"mods":["AchievementEnabler","BaseMod","Colored Map","DeckTracker","Keyboard Shortcuts","Minty Spire (QoL Compilation)","Permanent Neow","Quick Restart","StSLib","SuperFastMode","everything is the same but u backflip on backflip"],"gold_per_floor":[109,122,122,135,154,154,166,181,181,193,193,193],"floor_reached":11,"language":"KOR","playtime":409,"items_purged":[],"score":124,"play_id":"cd9f9977-31b9-4510-92a6-a4e3c6125e3d","local_time":"20210121050039","is_ascension_mode":true,"campfire_choices":[{"data":"Body Slam","floor":6.0,"key":"SMITH"}],"circlet_count":0,"master_deck":["AscendersBane","Strike_R","Strike_R","Strike_R","Strike_R","Defend_R","Defend_R","Defend_R","Defend_R","Bash","Dark Shackles","Body Slam+1","Twin Strike","Clash","Wild Strike","Double Tap","Dual Wield"],"relics":["Burning Blood","Sundial"],"acts_visited":["Exordium"],"potions_floor_usage":[11,11],"damage_taken":[{"damage":7.0,"enemies":"2 Louse","floor":1.0,"turns":2.0},{"damage":11.0,"enemies":"Cultist","floor":2.0,"turns":4.0},{"damage":1.0,"enemies":"Small Slimes","floor":4.0,"turns":4.0},{"damage":21.0,"enemies":"Gremlin Gang","floor":5.0,"turns":5.0},{"damage":3.0,"enemies":"Blue Slaver","floor":7.0,"turns":3.0},{"damage":15.0,"enemies":"Large Slime","floor":8.0,"turns":7.0},{"damage":6.0,"enemies":"Looter","floor":10.0,"turns":3.0},{"damage":55,"enemies":"3 Sentries","floor":11,"turns":7}],"seed_played":"4109117427949841918","potions_obtained":[{"floor":5.0,"key":"SteroidPotion"},{"floor":8.0,"key":"Fire Potion"}],"is_trial":false,"path_per_floor":["M","M","?","M","M","R","M","M","T","M","E"],"character_chosen":"IRONCLAD","items_purchased":[],"campfire_rested":0,"item_purchase_floors":[],"current_hp_per_floor":[67,62,62,67,52,52,55,46,46,46,0,0],"gold":193,"neow_bonus":"RANDOM_COLORLESS","is_daily":false,"chose_seed":false,"campfire_upgraded":1,"win_rate":0.0,"timestamp":1611172839,"path_taken":["M","M","?","?","M","R","M","M","T","M","E"],"items_purchased_type":[],"build_version":"2020-12-22","purchased_purges":0,"victory":false,"max_hp_per_floor":[75,75,75,75,75,75,75,75,75,75,75,75],"card_choices":[{"not_picked":["Purity","Swift Strike"],"picked":"Dark Shackles","floor":0.0},{"not_picked":["Heavy Blade","Armaments"],"picked":"Body Slam","floor":1.0},{"not_picked":["Iron Wave","Infernal Blade"],"picked":"Twin Strike","floor":2.0},{"not_picked":["Dual Wield","Dropkick"],"picked":"Wild Strike","floor":4.0},{"not_picked":["Warcry","Havoc","Clothesline"],"picked":"SKIP","floor":5.0},{"not_picked":["Seeing Red","Warcry","Body Slam"],"picked":"SKIP","floor":7.0},{"not_picked":["Cleave","Iron Wave"],"picked":"Double Tap","floor":8.0},{"not_picked":["Sword Boomerang","Warcry"],"picked":"Dual Wield","floor":10.0}],"player_experience":184641,"relics_obtained":[{"floor":9.0,"key":"Sundial"}],"event_choices":[{"damage_healed":0.0,"max_hp_gain":0.0,"max_hp_loss":0.0,"gold_gain":0.0,"cards_transformed":["Strike_R"],"event_name":"Transmorgrifier","player_choice":"Transformed","floor":3.0,"gold_loss":0.0,"damage_taken":0.0,"cards_obtained":["Clash"]}],"is_beta":false,"boss_relics":[],"items_purged_floors":[],"is_endless":false,"potions_floor_spawned":[5,8],"killed_by":"3 Sentries","ascension_level":16}}