{"host":"w3q5ijqu8eoknil3","time":1611128573,"event":{"mods":["AchievementEnabler","BaseMod","Block Reminder","Colored Map","Colored Powertips","Curses Come First","Dark Map","Minty Spire (QoL Compilation)","Quick Restart","Relic Stats","StSLib","ojb\u0027s Better Paths Mod","ojb\u0027s Info Mod","slay the spire mod where everything is the same but ironclad has a cowboy hat"],"gold_per_floor":[118,129,129,149,149,184,22,32,32,32,32,32,32],"floor_reached":12,"language":"ENG","playtime":1340,"items_purged":["Strike_G"],"score":148,"play_id":"35bc78b5-d9e6-44e5-8ec3-713d9f6c5ce9","local_time":"20210120074253","is_ascension_mode":true,"campfire_choices":[{"floor":10,"key":"REST"}],"circlet_count":0,"master_deck":["AscendersBane","Strike_G","Strike_G","Strike_G","Strike_G","Defend_G","Defend_G","Defend_G","Defend_G","Defend_G","Survivor","Neutralize","Blade Dance","Corpse Explosion","Skewer","Tools of the Trade","Blur"],"relics":["Ring of the Snake","Bag of Marbles","Singing Bowl","Pocketwatch","The Specimen","The Courier"],"acts_visited":["Exordium"],"potions_floor_usage":[6],"damage_taken":[{"damage":0,"enemies":"Cultist","floor":1,"turns":4},{"damage":1,"enemies":"Small Slimes","floor":2,"turns":3},{"damage":4,"enemies":"Jaw Worm","floor":4,"turns":4},{"damage":49,"enemies":"Lagavulin","floor":6,"turns":8},{"damage":7,"enemies":"3 Louse","floor":8,"turns":2},{"damage":66,"enemies":"Gremlin Nob","floor":12,"turns":4}],"seed_played":"3398379252265311216","potions_obtained":[{"floor":4,"key":"SpeedPotion"}],"is_trial":false,"path_per_floor":["M","M","T","M","?","E","$","M","T","R","T","E"],"character_chosen":"THE_SILENT","items_purchased":["Tools of the Trade"],"campfire_rested":1,"item_purchase_floors":[7],"current_hp_per_floor":[59,58,58,56,61,12,12,5,5,26,26,0,0],"gold":32,"neow_bonus":"RANDOM_COMMON_RELIC","is_daily":false,"chose_seed":false,"campfire_upgraded":0,"win_rate":0.0,"timestamp":1611128573,"path_taken":["M","M","?","?","?","E","$","M","T","R","?","E"],"items_purchased_type":["Card"],"build_version":"2020-12-22","purchased_purges":1,"victory":false,"max_hp_per_floor":[66,66,66,68,73,73,73,73,73,73,73,73,73],"relic_stats":{"Singing Bowl":2,"counters":[6,25],"obtain_stats":[{"Singing Bowl":3,"The Specimen":9,"The Courier":11,"Bag of Marbles":0,"Ring of the Snake":0,"Pocketwatch":6},{"Singing Bowl":2,"The Specimen":5,"The Courier":5,"Bag of Marbles":0,"Ring of the Snake":0,"Pocketwatch":4},{"Singing Bowl":7,"The Specimen":21,"The Courier":21,"Bag of Marbles":0,"Ring of the Snake":0,"Pocketwatch":19}],"Ring of the Snake":[12],"Pocketwatch":[12]},"card_choices":[{"not_picked":["Deflect","Sucker Punch"],"picked":"Blade Dance","floor":1},{"not_picked":["Sucker Punch","Dagger Spray"],"picked":"Corpse Explosion","floor":2},{"not_picked":["Escape Plan","Cloak And Dagger","Deflect"],"picked":"Singing Bowl","floor":4},{"not_picked":["Dodge and Roll","Prepared"],"picked":"Skewer","floor":6},{"not_picked":["Bane","Distraction"],"picked":"Blur","floor":8}],"player_experience":997862,"relics_obtained":[{"floor":3,"key":"Singing Bowl"},{"floor":6,"key":"Pocketwatch"},{"floor":9,"key":"The Specimen"},{"floor":11,"key":"The Courier"}],"event_choices":[{"damage_healed":0,"gold_gain":0,"player_choice":"Donut","damage_taken":0,"max_hp_gain":5,"max_hp_loss":0,"event_name":"Big Fish","floor":5,"gold_loss":0}],"is_beta":false,"boss_relics":[],"items_purged_floors":[7],"is_endless":false,"potions_floor_spawned":[4],"killed_by":"Gremlin Nob","ascension_level":18}}