{"host":"xkmvu47k9fdstweo","time":1611171117,"event":{"mods":["BaseMod","Colored Map","Conspire","Hubris","Minty Spire (QoL Compilation)","Quick Restart","Railgun Mod","Shop Mod","StSLib","The Alterego","The Animator","The Servant 0.9.4","The Wild Card","TheBandit","WarShipGirlsR/??è≠èóR mod","vexMod"],"gold_per_floor":[117,117,131,56,56,85,48,88,88,103,118,118,153,53,53,162,162,180,192,222,6,6,6,32,32,58,71,121,121,121],"floor_reached":29,"language":"ENG","playtime":1177,"items_purged":["animator:Strike","animator:Strike","animator:Strike"],"score":420,"play_id":"09152025-4c7c-4fd4-bf1d-674613657cbf","local_time":"20210120143157","is_ascension_mode":true,"campfire_choices":[{"data":"animator:Saitama","floor":15.0,"key":"SMITH"},{"data":"theWildCard:PaleRider","floor":23.0,"key":"SMITH"}],"circlet_count":0,"master_deck":["animator:Strike_Fate","animator:Defend_Fate","animator:Defend","animator:Defend","animator:Defend","animator:Alexander","animator:Rider","animator:Nanami","theWildCard:PaleRider+1","animator:ChaikaBohdan","animator:Saitama+1","animator:EmiyaShirou","animator:Lancer","animator:PandorasActor","animator:ChaikaTrabant","animator:Rimuru","animator:Ainz","animator:Eris","animator:Megumin","animator:Entoma","animator:Verdia+1","animator:Archer","animator:Shimakaze","animator:Ainz"],"relics":["animator:LivingPicture","animator:TheMissingPiece","animator:PurgingStone","NeowsBlessing","Strawberry","hubris:SlimyHat","vexMod:HeadHunter","hubris:Towel","hubris:Metronome","conspire:RoyalGoblet","Membership Card","Darkstone Periapt","vexMod:MemoryStick"],"acts_visited":["Exordium","TheCity"],"potions_floor_usage":[24,27,27,29],"damage_taken":[{"damage":0.0,"enemies":"Small Slimes","floor":1.0,"turns":1.0},{"damage":0.0,"enemies":"Jaw Worm","floor":3.0,"turns":1.0},{"damage":0.0,"enemies":"Gremlin Nob","floor":6.0,"turns":1.0},{"damage":28.0,"enemies":"Lagavulin","floor":8.0,"turns":6.0},{"damage":0.0,"enemies":"2 Louse","floor":10.0,"turns":2.0},{"damage":0.0,"enemies":"Large Slime","floor":11.0,"turns":4.0},{"damage":1.0,"enemies":"3 Sentries","floor":13.0,"turns":6.0},{"damage":0.0,"enemies":"Slime Boss","floor":16.0,"turns":8.0},{"damage":7.0,"enemies":"2 Thieves","floor":18.0,"turns":5.0},{"damage":0.0,"enemies":"3 Byrds","floor":19.0,"turns":5.0},{"damage":19.0,"enemies":"conspire:HollyBat","floor":20.0,"turns":10.0},{"damage":34,"enemies":"Book of Stabbing","floor":24,"turns":6},{"damage":32,"enemies":"Cultist and Chosen","floor":27,"turns":8},{"damage":0,"enemies":"animator:HornedBat","floor":29,"turns":3}],"seed_played":"2319716761015318010","potions_obtained":[{"floor":6.0,"key":"conspire:TimeTravelPotion"},{"floor":10.0,"key":"SteroidPotion"},{"floor":13.0,"key":"Explosive Potion"},{"floor":18.0,"key":"ColorlessPotion"},{"floor":24,"key":"Weak Potion"},{"floor":27,"key":"ColorlessPotion"}],"is_trial":false,"path_per_floor":["M","?","M","$","?","E","$","E","T","M","M","?","E","$","R","B",null,"M","M","M","$","?","R","E","$","T","M","?","E"],"character_chosen":"THE_ANIMATOR","items_purchased":["animator:EmiyaShirou","Membership Card"],"campfire_rested":0,"item_purchase_floors":[7,21],"current_hp_per_floor":[66,66,66,66,66,73,73,45,45,45,45,45,44,44,44,44,66,66,66,50,50,50,50,16,16,16,9,9,9,9],"gold":121,"neow_bonus":"THREE_ENEMY_KILL","is_daily":false,"chose_seed":false,"campfire_upgraded":2,"win_rate":0.0,"timestamp":1611171117,"path_taken":["M","?","M","$","?","E","$","E","T","M","M","?","E","$","R","BOSS","M","M","M","$","?","R","E","$","T","?","?","E"],"items_purchased_type":["Card","Relic"],"build_version":"2020-12-22","purchased_purges":3,"victory":false,"max_hp_per_floor":[66,66,66,66,66,73,73,73,73,73,73,73,73,73,73,73,73,74,74,74,74,74,74,74,74,74,74,74,74,74],"card_choices":[{"not_picked":["animator:MaesHughes","animator:Shion"],"picked":"animator:Nanami","floor":1.0},{"not_picked":["animator:Evileye","animator:Shichika"],"picked":"animator:ChaikaBohdan","floor":3.0},{"not_picked":["animator:Viivi","animator:DwarfShaman"],"picked":"animator:Saitama","floor":6.0},{"not_picked":["animator:ShinjiMatou","animator:EmiyaShirou"],"picked":"animator:Lancer","floor":8.0},{"not_picked":["animator:Lancer","animator:Rider"],"picked":"animator:PandorasActor","floor":10.0},{"not_picked":["animator:DolaRiku","animator:MaesHughes"],"picked":"animator:ChaikaTrabant","floor":11.0},{"not_picked":["animator:ChaikaTrabant","animator:Guren"],"picked":"animator:Rimuru","floor":13.0},{"not_picked":["animator:Bozes","animator:CrowleyEusford"],"picked":"animator:Ainz","floor":13.0},{"not_picked":["animator:Elesis","animator:Albedo"],"picked":"animator:Eris","floor":16.0},{"not_picked":["animator:Mitsuba","animator:Shuna"],"picked":"animator:Megumin","floor":18.0},{"not_picked":["animator:Viivi+1","animator:Illya"],"picked":"animator:Entoma","floor":19.0},{"not_picked":["animator:YuiTsuruno","animator:HighElfArcher"],"picked":"animator:Verdia+1","floor":20.0},{"not_picked":["animator:Kaijin","animator:Kyubey"],"picked":"animator:Ainz","floor":24},{"not_picked":["animator:Lancer","animator:TsurugaMeisai","animator:Genos"],"picked":"SKIP","floor":24},{"not_picked":["animator:Lancer","animator:TsurugaMeisai","animator:Genos"],"picked":"SKIP","floor":24},{"not_picked":["animator:Jibril+1","animator:ElricEdward+1","animator:Viivi"],"picked":"SKIP","floor":27}],"player_experience":360282,"relics_obtained":[{"floor":6.0,"key":"Strawberry"},{"floor":8.0,"key":"hubris:SlimyHat"},{"floor":9.0,"key":"vexMod:HeadHunter"},{"floor":13.0,"key":"hubris:Metronome"},{"floor":24,"key":"Darkstone Periapt"},{"floor":26,"key":"vexMod:MemoryStick"}],"event_choices":[{"damage_healed":0.0,"max_hp_gain":0.0,"max_hp_loss":0.0,"gold_gain":0.0,"event_name":"Match and Keep!","player_choice":"2 cards matched","floor":22.0,"gold_loss":0.0,"damage_taken":0.0,"cards_obtained":["animator:Archer","animator:Shimakaze"]},{"damage_healed":0,"gold_gain":100,"player_choice":"Bet on Murderer","damage_taken":0,"max_hp_gain":0,"max_hp_loss":0,"event_name":"The Joust","floor":28,"gold_loss":50}],"is_beta":false,"boss_relics":[{"not_picked":["vexMod:EndlessSickness","conspire:SeveredTorchhead"],"picked":"conspire:RoyalGoblet"}],"items_purged_floors":[4,14,21],"is_endless":false,"potions_floor_spawned":[6,10,13,18,24,27],"killed_by":"animator:HornedBat","ascension_level":5}}