{"host":"suojx0p17o4vmgbq","time":1611121997,"event":{"mods":["AchievementEnabler","Act Like it!","BaseMod","Colored Map","Colored Powertips","Friendly Minions","GifTheSpireLib","Highlight Path","Minty Spire (QoL Compilation)","Quick Restart","Rare Cards Sparkle","Relic Stats","Spicy Shops","StSLib"],"gold_per_floor":[109,121,121,136,71,71,102,102,102,114,25,25,25,25,25,126,126,142,67,67,67,87,113,113,124,198,123,123,23,23,36,36,133,133,148,148,51,51,68,68,99,99,99,124,139,139,139,158,158,158],"floor_reached":51,"language":"ZHS","playtime":12376,"items_purged":["Strike_R","Strike_R"],"score":719,"play_id":"7f357cbf-bdbf-4c57-aa49-2b32802eb9b3","local_time":"20210120135317","is_ascension_mode":false,"campfire_choices":[{"data":"Flex","floor":6.0,"key":"SMITH"},{"data":"Heavy Blade","floor":8.0,"key":"SMITH"},{"data":"Whirlwind","floor":13.0,"key":"SMITH"},{"floor":15.0,"key":"REST"},{"data":"Flame Barrier","floor":24.0,"key":"SMITH"},{"floor":28.0,"key":"REST"},{"data":"Bash","floor":30.0,"key":"SMITH"},{"data":"Offering","floor":32,"key":"SMITH"},{"data":"Trip","floor":40,"key":"SMITH"},{"data":"Brutality","floor":42,"key":"SMITH"},{"data":"Warcry","floor":46,"key":"SMITH"},{"floor":49,"key":"REST"}],"circlet_count":0,"master_deck":["Defend_R","Defend_R","Defend_R","Defend_R","Bash+1","Cleave","Flex+1","Heavy Blade+1","Offering+1","Whirlwind+1","Reaper","Shrug It Off+1","Rupture+1","Brutality+1","Rage+1","Trip+1","Violence","Master of Strategy","Warcry+1","Battle Trance","Reaper+1"],"relics":["Burning Blood","NeowsBlessing","Paper Frog","Unceasing Top","Red Skull","Runic Cube","Nilry\u0027s Codex","Self Forming Clay","White Beast Statue","Mark of Pain","Boot","Molten Egg 2","Letter Opener","Toxic Egg 2"],"acts_visited":["Exordium","TheCity","TheBeyond"],"potions_floor_usage":[33,33,41,44,45,50,50,50],"damage_taken":[{"damage":0.0,"enemies":"Small Slimes","floor":1.0,"turns":2.0},{"damage":0.0,"enemies":"Cultist","floor":2.0,"turns":1.0},{"damage":0.0,"enemies":"2 Louse","floor":4.0,"turns":1.0},{"damage":31.0,"enemies":"3 Sentries","floor":7.0,"turns":7.0},{"damage":0.0,"enemies":"Looter","floor":10.0,"turns":3.0},{"damage":49.0,"enemies":"Hexaghost","floor":16.0,"turns":4.0},{"damage":21.0,"enemies":"Spheric Guardian","floor":18.0,"turns":5.0},{"damage":6.0,"enemies":"Chosen","floor":22.0,"turns":2.0},{"damage":26.0,"enemies":"Gremlin Leader","floor":23.0,"turns":4.0},{"damage":22.0,"enemies":"Snake Plant","floor":25.0,"turns":2.0},{"damage":6,"enemies":"Centurion and Healer","floor":31,"turns":2},{"damage":42,"enemies":"Champ","floor":33,"turns":6},{"damage":17,"enemies":"3 Darklings","floor":35,"turns":2},{"damage":21,"enemies":"3 Shapes","floor":39,"turns":1},{"damage":7,"enemies":"Reptomancer","floor":41,"turns":2},{"damage":48,"enemies":"Nemesis","floor":44,"turns":3},{"damage":8,"enemies":"Maw","floor":45,"turns":3},{"damage":27,"enemies":"Jaw Worm Horde","floor":48,"turns":2},{"damage":77,"enemies":"Awakened One","floor":50,"turns":7}],"seed_played":"-8559070716117514718","potions_obtained":[{"floor":1.0,"key":"SteroidPotion"},{"floor":4.0,"key":"LiquidBronze"},{"floor":7.0,"key":"LiquidMemories"},{"floor":10.0,"key":"GamblersBrew"},{"floor":22.0,"key":"SkillPotion"},{"floor":25.0,"key":"AttackPotion"},{"floor":31,"key":"DistilledChaos"},{"floor":33,"key":"SteroidPotion"},{"floor":35,"key":"LiquidBronze"},{"floor":39,"key":"ElixirPotion"},{"floor":41,"key":"Ancient Potion"},{"floor":44,"key":"BlessingOfTheForge"},{"floor":45,"key":"Strength Potion"},{"floor":48,"key":"SkillPotion"}],"is_trial":false,"path_per_floor":["M","M","?","M","$","R","E","R","T","M","$","?","R","T","R","B",null,"M","$","?","?","M","E","R","M","T","?","R","$","R","M","R","B",null,"M","?","$","?","M","R","E","R","T","E","M","R","?","M","R","B",null],"character_chosen":"IRONCLAD","items_purchased":["Flex","Whirlwind","Trip"],"campfire_rested":3,"item_purchase_floors":[5,11,37],"current_hp_per_floor":[80,80,80,80,80,80,55,55,55,61,61,54,54,54,78,35,80,65,65,49,75,75,55,55,39,39,39,63,63,63,63,63,44,80,80,80,80,70,74,74,80,80,80,43,69,69,69,59,80,50],"gold":158,"neow_bonus":"THREE_ENEMY_KILL","is_daily":false,"chose_seed":false,"campfire_upgraded":9,"win_rate":0.0,"timestamp":1611121997,"path_taken":["M","M","?","M","?","R","E","R","T","M","$","?","R","?","R","BOSS","M","$","?","?","M","E","R","M","T","?","R","?","R","M","R","BOSS","M","?","$","?","M","R","E","R","T","E","M","R","?","?","R","BOSS"],"items_purchased_type":["Card","Card","Card"],"build_version":"2020-12-22","purchased_purges":2,"victory":true,"max_hp_per_floor":[80,80,80,80,80,80,80,80,80,80,80,80,80,80,80,80,80,80,80,80,80,80,80,80,80,80,80,80,80,80,80,80,80,80,80,80,80,80,80,80,80,80,80,80,80,80,80,80,80,80],"relic_stats":{"counters":[19,59],"Self Forming Clay":[93],"Letter Opener":[89],"Boot":[8],"obtain_stats":[{"NeowsBlessing":0,"Nilry\u0027s Codex":20,"Self Forming Clay":23,"Letter Opener":44,"Boot":41,"Burning Blood":0,"White Beast Statue":26,"Molten Egg 2":43,"Mark of Pain":34,"Toxic Egg 2":47,"Unceasing Top":9,"Red Skull":14,"Paper Frog":7,"Runic Cube":17},{"NeowsBlessing":0,"Nilry\u0027s Codex":7,"Self Forming Clay":9,"Letter Opener":16,"Boot":15,"Burning Blood":0,"White Beast Statue":10,"Molten Egg 2":15,"Mark of Pain":12,"Toxic Egg 2":17,"Unceasing Top":4,"Red Skull":5,"Paper Frog":4,"Runic Cube":6},{"NeowsBlessing":0,"Nilry\u0027s Codex":23,"Self Forming Clay":29,"Letter Opener":47,"Boot":44,"Burning Blood":0,"White Beast Statue":31,"Molten Egg 2":44,"Mark of Pain":39,"Toxic Egg 2":50,"Unceasing Top":11,"Red Skull":14,"Paper Frog":11,"Runic Cube":18}],"Burning Blood":84,"Unceasing Top":[0],"Runic Cube":[53]},"card_choices":[{"not_picked":["Armaments","Perfected Strike"],"picked":"Flame Barrier","floor":1.0},{"not_picked":["Clothesline","Shrug It Off","Twin Strike"],"picked":"SKIP","floor":2.0},{"not_picked":["Combust","Anger","Infernal Blade"],"picked":"SKIP","floor":4.0},{"not_picked":["Shrug It Off","Hemokinesis"],"picked":"Heavy Blade","floor":7.0},{"not_picked":["Body Slam","Heavy Blade"],"picked":"Offering","floor":10.0},{"not_picked":["Demon Form","Corruption"],"picked":"Reaper","floor":16.0},{"not_picked":["Clothesline+1","Armaments","Pommel Strike"],"picked":"SKIP","floor":18.0},{"not_picked":["Perfected Strike","Shockwave"],"picked":"Shrug It Off+1","floor":22.0},{"not_picked":["Ghostly Armor","Feel No Pain","Shrug It Off"],"picked":"SKIP","floor":23.0},{"not_picked":["Twin Strike","Perfected Strike+1"],"picked":"Rupture+1","floor":25.0},{"not_picked":["Warcry","Flame Barrier","Demon Form"],"picked":"SKIP","floor":31},{"not_picked":["Feed","Corruption"],"picked":"Brutality","floor":33},{"not_picked":["Feel No Pain","Thunderclap+1"],"picked":"Rage+1","floor":35},{"not_picked":["Discovery","Dark Shackles"],"picked":"Violence","floor":38},{"not_picked":["Thinking Ahead","Dark Shackles"],"picked":"Master of Strategy","floor":38},{"not_picked":["Thunderclap+1","Searing Blow+1","Twin Strike"],"picked":"SKIP","floor":39},{"not_picked":["Armaments+1","Sword Boomerang"],"picked":"Warcry","floor":41},{"not_picked":["Body Slam+1","Searing Blow+1","Pummel+1"],"picked":"SKIP","floor":44},{"not_picked":["Cleave+1","Sword Boomerang+1"],"picked":"Battle Trance","floor":45},{"not_picked":["Sword Boomerang+1","Thunderclap+1"],"picked":"Reaper+1","floor":48}],"player_experience":21732,"relics_obtained":[{"floor":7.0,"key":"Paper Frog"},{"floor":9.0,"key":"Unceasing Top"},{"floor":14.0,"key":"Red Skull"},{"floor":20.0,"key":"Nilry\u0027s Codex"},{"floor":23.0,"key":"Self Forming Clay"},{"floor":26.0,"key":"White Beast Statue"},{"floor":41,"key":"Boot"},{"floor":43,"key":"Molten Egg 2"},{"floor":44,"key":"Letter Opener"}],"event_choices":[{"damage_healed":0.0,"max_hp_gain":0.0,"max_hp_loss":0.0,"gold_gain":0.0,"cards_transformed":["Strike_R"],"event_name":"Transmorgrifier","player_choice":"Transformed","floor":3.0,"gold_loss":0.0,"damage_taken":0.0,"cards_obtained":["Cleave"]},{"cards_removed":["Strike_R"],"damage_healed":0.0,"max_hp_gain":0.0,"max_hp_loss":0.0,"gold_gain":0.0,"event_name":"Golden Wing","player_choice":"Card Removal","floor":12.0,"gold_loss":0.0,"damage_taken":7.0},{"damage_healed":0.0,"max_hp_gain":0.0,"max_hp_loss":0.0,"gold_gain":0.0,"event_name":"Cursed Tome","player_choice":"Obtained Book","floor":20.0,"gold_loss":0.0,"damage_taken":16.0},{"damage_healed":26.0,"max_hp_gain":0.0,"max_hp_loss":0.0,"gold_gain":0.0,"event_name":"The Library","player_choice":"Heal","floor":21.0,"gold_loss":0.0,"damage_taken":0.0},{"cards_removed":["Strike_R"],"damage_healed":0.0,"max_hp_gain":0.0,"max_hp_loss":0.0,"gold_gain":0.0,"event_name":"Beggar","player_choice":"Gave Gold","floor":27.0,"gold_loss":75.0,"damage_taken":0.0},{"cards_removed":["Flame Barrier"],"damage_healed":0,"gold_gain":0,"player_choice":"Removed Skill","damage_taken":0,"max_hp_gain":0,"max_hp_loss":0,"event_name":"Falling","floor":36,"gold_loss":0},{"damage_healed":0,"gold_gain":0,"player_choice":"Memory 3","damage_taken":10,"max_hp_gain":0,"max_hp_loss":0,"event_name":"SensoryStone","floor":38,"gold_loss":0},{"damage_healed":0,"gold_gain":0,"player_choice":"Gave Potion","damage_taken":0,"relics_obtained":["Toxic Egg 2"],"max_hp_gain":0,"max_hp_loss":0,"event_name":"WeMeetAgain","floor":47,"gold_loss":0}],"is_beta":false,"boss_relics":[{"not_picked":["Fusion Hammer","Ectoplasm"],"picked":"Runic Cube"},{"not_picked":["Black Star","Runic Dome"],"picked":"Mark of Pain"}],"items_purged_floors":[19,29],"is_endless":false,"potions_floor_spawned":[1,4,7,10,22,25,31,33,35,39,41,44,45,48],"ascension_level":0}}