{"host":"jyuuog6ydc2s7nd8","time":1611130501,"event":{"mods":["BaseMod","Better Vampires","Minty Spire (QoL Compilation)","Shop Mod","StSLib","The Hierophant","The Servant 0.9.4","TheBandit","[IsaacMod]ÒÔÈö¼âËþ"],"gold_per_floor":[113,113,113,133,146,146,162,196,196,121,136,136,36,62,62,135,135,150,65,75,75,89,89,89],"floor_reached":23,"language":"ZHS","playtime":664,"items_purged":["Strike_G","Strike_G","Strike_G"],"score":502,"play_id":"3808826d-e395-4462-aef8-35abb3ea36c1","local_time":"20210120161501","is_ascension_mode":true,"campfire_choices":[{"data":"DoctorFetus","floor":6,"key":"SMITH"},{"data":"Neutralize","floor":12,"key":"SMITH"},{"data":"Survivor","floor":15,"key":"SMITH"}],"circlet_count":0,"master_deck":["AscendersBane","Defend_G","Defend_G","Defend_G","Defend_G","Defend_G","Survivor+1","Neutralize+1","DoctorFetus+1","Quick Slash","Burst","Prepared"],"relics":["Ring of the Snake","HushsDoor","Chaos","HowToJump","GnawedLeaf","Dead Branch","BelialBook","GuppysHead","Torii","Damocles","MagicMushroom","Art of War","PunchingBag"],"acts_visited":["Exordium","TheCity"],"potions_floor_usage":[8,16,20],"damage_taken":[{"damage":1,"enemies":"Jaw Worm","floor":1,"turns":5},{"damage":5,"enemies":"Small Slimes","floor":4,"turns":4},{"damage":1,"enemies":"Cultist","floor":5,"turns":3},{"damage":7,"enemies":"Large Slime","floor":7,"turns":4},{"damage":12,"enemies":"3 Sentries","floor":8,"turns":4},{"damage":0,"enemies":"Exordium Wildlife","floor":11,"turns":1},{"damage":28,"enemies":"Gremlin Nob","floor":14,"turns":4},{"damage":0,"enemies":"Hexaghost","floor":16,"turns":9},{"damage":11,"enemies":"Spheric Guardian","floor":18,"turns":4},{"damage":0,"enemies":"Shell Parasite","floor":20,"turns":4},{"damage":0,"enemies":"Cultist and Chosen","floor":22,"turns":3},{"damage":2,"enemies":"Book of Stabbing","floor":23,"turns":4}],"seed_played":"-8475143433633865673","potions_obtained":[{"floor":5,"key":"DistilledChaos"},{"floor":11,"key":"SpeedPotion"},{"floor":14,"key":"Energy Potion"},{"floor":22,"key":"Explosive Potion"}],"is_trial":false,"path_per_floor":["M","?","?","M","M","R","M","E","T","$","M","R","$","E","R","B",null,"M","?","M","T","M","E"],"character_chosen":"THE_SILENT","items_purchased":["BelialBook","GuppysHead","Torii"],"campfire_rested":0,"item_purchase_floors":[17,17,17],"current_hp_per_floor":[58,58,58,53,52,52,45,33,33,33,33,33,33,5,5,5,25,14,14,21,21,22,0,0],"gold":89,"neow_bonus":"REMOVE_CARD","is_daily":false,"chose_seed":false,"campfire_upgraded":3,"win_rate":0.0,"timestamp":1611130501,"path_taken":["M","?","?","M","?","R","M","E","T","$","M","R","$","E","R","BOSS","M","?","?","?","?","E"],"items_purchased_type":["Relic","Relic","Relic"],"build_version":"2020-12-22","purchased_purges":3,"victory":false,"max_hp_per_floor":[66,66,66,66,66,66,66,66,66,66,66,66,66,66,66,66,31,31,31,38,38,38,38,38],"card_choices":[{"not_picked":[],"picked":"DoctorFetus","floor":0},{"not_picked":["Terror","Flying Knee"],"picked":"Quick Slash","floor":1},{"not_picked":["Poisoned Stab","Bouncing Flask","Escape Plan"],"picked":"SKIP","floor":4},{"not_picked":["Slice","PiercingWail","Flechettes"],"picked":"SKIP","floor":5},{"not_picked":["Night Terror","Riddle With Holes","Infinite Blades"],"picked":"SKIP","floor":7},{"not_picked":["Flying Knee","Prepared"],"picked":"Bomb","floor":8},{"not_picked":["Poisoned Stab","Infinite Blades"],"picked":"Bomb","floor":11},{"not_picked":["Backstab","Dash","Eviscerate"],"picked":"SKIP","floor":14},{"not_picked":["Phantasmal Killer","Storm of Steel"],"picked":"Burst","floor":16},{"not_picked":["Underhanded Strike","Poisoned Stab","Predator"],"picked":"SKIP","floor":18},{"not_picked":["Dagger Spray","Deadly Poison"],"picked":"Prepared","floor":20},{"not_picked":["Bane","Unload","Poisoned Stab"],"picked":"SKIP","floor":22}],"player_experience":1859405,"relics_obtained":[{"floor":8,"key":"HowToJump"},{"floor":14,"key":"GnawedLeaf"},{"floor":20,"key":"MagicMushroom"},{"floor":21,"key":"Art of War"},{"floor":22,"key":"PunchingBag"}],"event_choices":[{"damage_healed":0,"gold_gain":0,"player_choice":"Ignored","damage_taken":0,"max_hp_gain":0,"max_hp_loss":0,"event_name":"Liars Game","floor":2,"gold_loss":0},{"cards_removed":["Strike_G"],"damage_healed":0,"gold_gain":0,"player_choice":"Forget","damage_taken":0,"max_hp_gain":0,"max_hp_loss":0,"event_name":"Living Wall","floor":3,"gold_loss":0},{"damage_healed":0,"gold_gain":0,"player_choice":"Obtained Relic","damage_taken":0,"relics_obtained":["Damocles"],"max_hp_gain":0,"max_hp_loss":0,"event_name":"Addict","floor":19,"gold_loss":85}],"is_beta":false,"boss_relics":[{"not_picked":["Sling","Cables"],"picked":"Dead Branch"},{"not_picked":[]}],"items_purged_floors":[10,13,17],"is_endless":false,"potions_floor_spawned":[5,11,14,22],"killed_by":"Book of Stabbing","ascension_level":20}}