{"host":"a0jvtjlr4867li78","time":1611110378,"event":{"mods":["BaseMod","Colored Powertips","Consume Value Calculator","Minty Spire (QoL Compilation)","StSLib","The Animator"],"gold_per_floor":[123,198,198,0,175,212,57,57,80,80,94,133,133,98,98,201,201,213,213,233,233,249,249,275,275,275,374,374,389,428,28,28,131,131,145,20,45,0,0,0,23,23,23,23,46,46,46],"floor_reached":46,"language":"ENG","playtime":7174,"items_purged":["Doubt","animator:Kira","animator:GazelDwargon"],"score":467,"play_id":"1976f1b3-8d13-40c9-84da-b8ba06ceeb50","local_time":"20210119203938","is_ascension_mode":false,"campfire_choices":[{"data":"animator:TukaLunaMarceau","floor":10.0,"key":"SMITH"},{"floor":13.0,"key":"REST"},{"data":"animator:Darkness","floor":15.0,"key":"SMITH"},{"floor":23.0,"key":"REST"},{"floor":25.0,"key":"REST"},{"data":"animator:MetalKnight","floor":28.0,"key":"SMITH"},{"floor":32.0,"key":"REST"},{"data":"animator:Boros","floor":40,"key":"SMITH"},{"data":"animator:Aqua","floor":42,"key":"SMITH"}],"circlet_count":0,"master_deck":["animator:Strike_Konosuba+1","animator:Defend_Konosuba","animator:Strike+1","animator:Kazuma","animator:Aqua+1","animator:SilverFang","animator:TukaLunaMarceau+1","animator:Millim","animator:Tyuule","animator:Tyuule","animator:Darkness+1","animator:Vanir","animator:Boros+1","animator:MumenRider","animator:MetalKnight+1","animator:Tatsumaki","animator:Witch","animator:RoyMustang+1","animator:Kaijin+1","animator:ElricEdward","animator:Shuna","animator:GuildGirl","animator:WinryRockbell+1","animator:SuzuneAmano","animator:Megumin+3","animator:RoyMustang","animator:ElricAlphonse+1","animator:Rimuru","animator:Spearman+1","animator:Sonic","animator:Sebas"],"relics":["animator:LivingPicture","animator:TheMissingPiece","animator:PurgingStone","NeowsBlessing","Red Skull","Mummified Hand","Dream Catcher","Whetstone","animator:RacePiece","Paper Crane","Pantograph","TwistedFunnel","animator:CursedBlade","Red Mask","Paper Frog"],"acts_visited":["Exordium","TheCity","TheBeyond"],"potions_floor_usage":[],"damage_taken":[{"damage":0.0,"enemies":"Small Slimes","floor":1.0,"turns":1.0},{"damage":0.0,"enemies":"Lagavulin","floor":6.0,"turns":2.0},{"damage":0.0,"enemies":"Jaw Worm","floor":11.0,"turns":1.0},{"damage":48.0,"enemies":"Gremlin Nob","floor":12.0,"turns":4.0},{"damage":22.0,"enemies":"Hexaghost","floor":16.0,"turns":6.0},{"damage":29.0,"enemies":"3 Byrds","floor":18.0,"turns":7.0},{"damage":42.0,"enemies":"Chosen","floor":20.0,"turns":7.0},{"damage":3.0,"enemies":"Centurion and Healer","floor":22.0,"turns":11.0},{"damage":11.0,"enemies":"Cultist and Chosen","floor":24.0,"turns":6.0},{"damage":42.0,"enemies":"Chosen and Byrds","floor":29.0,"turns":9.0},{"damage":4.0,"enemies":"Gremlin Leader","floor":30.0,"turns":5.0},{"damage":35.0,"enemies":"Collector","floor":33.0,"turns":7.0},{"damage":6,"enemies":"Orb Walker","floor":35,"turns":3},{"damage":6,"enemies":"3 Shapes","floor":37,"turns":7},{"damage":19,"enemies":"Jaw Worm Horde","floor":41,"turns":5},{"damage":55,"enemies":"Maw","floor":45,"turns":10},{"damage":9,"enemies":"3 Darklings","floor":46,"turns":2}],"seed_played":"2354667975718586388","potions_obtained":[{"floor":6.0,"key":"LiquidMemories"},{"floor":8.0,"key":"SpeedPotion"},{"floor":8.0,"key":"DistilledChaos"},{"floor":20.0,"key":"Explosive Potion"},{"floor":22.0,"key":"Fire Potion"},{"floor":33.0,"key":"BlessingOfTheForge"},{"floor":37,"key":"FearPotion"}],"is_trial":false,"path_per_floor":["M","?","?","$","?","E","$","?","T","R","M","E","R","?","R","B",null,"M","?","M","?","M","R","M","R","T","?","R","M","E","$","R","B",null,"M","$","M","?","?","R","M","R","T","?","M","M"],"character_chosen":"THE_ANIMATOR","items_purchased":["animator:Kira","animator:SilverFang","animator:Millim","animator:Tyuule","animator:Megumin","TwistedFunnel","animator:RoyMustang"],"campfire_rested":4,"item_purchase_floors":[4,4,7,7,31,31,31],"current_hp_per_floor":[66,55,52,52,52,52,52,52,52,52,52,6,26,42,42,22,67,46,46,6,28,34,54,45,65,65,65,65,31,29,29,49,36,69,65,65,62,62,62,62,47,47,47,47,1,0,0],"gold":46,"neow_bonus":"THREE_ENEMY_KILL","is_daily":false,"chose_seed":false,"campfire_upgraded":5,"win_rate":0.0,"timestamp":1611110378,"path_taken":["M","?","?","$","?","E","$","?","T","R","?","E","R","?","R","BOSS","M","?","M","?","M","R","M","R","T","?","R","M","E","$","R","BOSS","M","$","M","?","?","R","M","R","T","?","?","?"],"items_purchased_type":["Card","Card","Card","Card","Card","Relic","Card"],"build_version":"2020-12-22","purchased_purges":3,"victory":false,"max_hp_per_floor":[66,66,66,66,66,66,66,66,66,66,66,66,67,67,67,67,67,67,67,67,67,68,68,68,68,68,68,68,68,68,68,68,69,69,69,69,69,69,69,69,69,69,69,69,69,69,69],"card_choices":[{"not_picked":["animator:Verdia","animator:Hakurou"],"picked":"animator:GazelDwargon","floor":1.0},{"not_picked":["animator:Pride","animator:Demiurge"],"picked":"animator:TukaLunaMarceau","floor":6.0},{"not_picked":["animator:NarberalGamma","animator:Vesta"],"picked":"animator:Tyuule","floor":11.0},{"not_picked":["animator:Mitsurugi","animator:Kazuma"],"picked":"animator:Darkness","floor":12.0},{"not_picked":["animator:Shuna","animator:ElricAlphonse"],"picked":"animator:Vanir","floor":13.0},{"not_picked":["animator:Kyubey","animator:Saitama"],"picked":"animator:Boros","floor":16.0},{"not_picked":["animator:Geryuganshoop","animator:YachiyoNanami+1"],"picked":"animator:Witch","floor":18.0},{"not_picked":["animator:WinryRockbell","animator:OrikoMikuni"],"picked":"animator:RoyMustang+1","floor":20.0},{"not_picked":["animator:NarberalGamma","animator:Souei"],"picked":"animator:Kaijin+1","floor":22.0},{"not_picked":["animator:DwarfShaman+1","animator:Ain"],"picked":"animator:ElricEdward","floor":23.0},{"not_picked":["animator:Hakurou","animator:Benimaru"],"picked":"animator:Shuna","floor":24.0},{"not_picked":["animator:Kuribayashi","animator:Raven"],"picked":"animator:GuildGirl","floor":25.0},{"not_picked":["animator:Benimaru","animator:Darkness+1"],"picked":"animator:WinryRockbell+1","floor":29.0},{"not_picked":["animator:Aqua","animator:Benimaru"],"picked":"animator:SuzuneAmano","floor":30.0},{"not_picked":["animator:Priestess+1","animator:SwordMaiden"],"picked":"animator:ElricAlphonse+1","floor":32.0},{"not_picked":["animator:HomuraAkemi","animator:MadokaKaname"],"picked":"animator:Rimuru","floor":33.0},{"not_picked":["animator:Hakurou","animator:Kuribayashi"],"picked":"animator:Spearman+1","floor":35},{"not_picked":["animator:MumenRider","animator:SilverFang"],"picked":"animator:Sonic","floor":37},{"not_picked":["animator:Shion","animator:MetalKnight","animator:Aqua"],"picked":"SKIP","floor":41},{"not_picked":["animator:WinryRockbell","animator:HighElfArcher+1","animator:Tyuule+1"],"picked":"SKIP","floor":45}],"player_experience":1218914,"relics_obtained":[{"floor":6.0,"key":"Mummified Hand"},{"floor":9.0,"key":"Dream Catcher"},{"floor":12.0,"key":"Whetstone"},{"floor":26.0,"key":"Paper Crane"},{"floor":30.0,"key":"Pantograph"},{"floor":43,"key":"Paper Frog"}],"event_choices":[{"damage_healed":0.0,"max_hp_gain":0.0,"max_hp_loss":0.0,"gold_gain":75.0,"event_name":"World of Goop","player_choice":"Gather Gold","floor":2.0,"gold_loss":0.0,"damage_taken":11.0},{"damage_healed":0.0,"max_hp_gain":0.0,"max_hp_loss":0.0,"gold_gain":0.0,"event_name":"Scrap Ooze","player_choice":"Success","floor":3.0,"gold_loss":0.0,"damage_taken":3.0,"relics_obtained":["Red Skull"]},{"damage_healed":0.0,"max_hp_gain":0.0,"max_hp_loss":0.0,"gold_gain":175.0,"event_name":"Liars Game","player_choice":"AGREE","floor":5.0,"gold_loss":0.0,"damage_taken":0.0,"cards_obtained":["Doubt"]},{"damage_healed":0.0,"max_hp_gain":0.0,"max_hp_loss":0.0,"gold_gain":0.0,"event_name":"Lab","player_choice":"Got Potions","floor":8.0,"gold_loss":0.0,"damage_taken":0.0},{"damage_healed":16.0,"max_hp_gain":0.0,"max_hp_loss":0.0,"gold_gain":0.0,"event_name":"The Cleric","player_choice":"Healed","floor":14.0,"gold_loss":35.0,"damage_taken":0.0},{"damage_healed":0.0,"max_hp_gain":0.0,"max_hp_loss":0.0,"gold_gain":0.0,"event_name":"Vampires","player_choice":"Ignored","floor":19.0,"gold_loss":0.0,"damage_taken":0.0},{"damage_healed":22.0,"max_hp_gain":0.0,"max_hp_loss":0.0,"gold_gain":0.0,"event_name":"The Library","player_choice":"Heal","floor":21.0,"gold_loss":0.0,"damage_taken":0.0},{"damage_healed":0.0,"max_hp_gain":0.0,"max_hp_loss":0.0,"gold_gain":99.0,"event_name":"Nest","player_choice":"Stole From Cult","floor":27.0,"gold_loss":0.0,"damage_taken":0.0},{"damage_healed":0,"gold_gain":0,"player_choice":"Paid","damage_taken":0,"relics_obtained":["Red Mask"],"max_hp_gain":0,"max_hp_loss":0,"event_name":"Tomb of Lord Red Mask","floor":38,"gold_loss":45},{"cards_removed":["animator:Defend"],"damage_healed":0,"gold_gain":0,"player_choice":"Removed Skill","damage_taken":0,"max_hp_gain":0,"max_hp_loss":0,"event_name":"Falling","floor":39,"gold_loss":0},{"damage_healed":0,"gold_gain":0,"cards_transformed":["animator:Defend"],"player_choice":"Transformed","damage_taken":0,"max_hp_gain":0,"max_hp_loss":0,"event_name":"Transmorgrifier","floor":44,"gold_loss":0,"cards_obtained":["animator:Sebas"]}],"is_beta":false,"boss_relics":[{"not_picked":["SacredBark","Pandora\u0027s Box"],"picked":"animator:RacePiece"},{"not_picked":["Philosopher\u0027s Stone","Sozu"],"picked":"animator:CursedBlade"}],"items_purged_floors":[7,31,36],"is_endless":false,"potions_floor_spawned":[6,20,22,33,37],"killed_by":"3 Darklings","ascension_level":0}}