{"host":"yo9wwslrag05lh37","time":1611175433,"event":{"mods":["AchievementEnabler","BaseMod","Block Reminder","Colored Map","Colored Powertips","GifTheSpireLib","HexUI Lib","Highlight Path","Minty Spire (QoL Compilation)","Rare Cards Sparkle","Relic Stats","Replay The Spire","StSLib","everything is the same but u backflip on backflip"],"gold_per_floor":[210,210,229,229,229,273,288,438,438,35,35,68,68,88,88,186,186,165,180,193,208,258,258,42,85,109,217,217,241,241,241,241],"floor_reached":31,"language":"ENG","playtime":1998,"items_purged":["Doubt"],"score":556,"play_id":"089008d9-142f-4040-a0d1-b2133047728c","local_time":"20210120214353","is_ascension_mode":true,"campfire_choices":[{"data":"Bash","floor":11,"key":"SMITH"},{"data":"Demonic Infusion","floor":13,"key":"SMITH"},{"data":"Clothesline","floor":15,"key":"SMITH"},{"floor":23,"key":"REST"},{"floor":28,"key":"REST"}],"circlet_count":0,"master_deck":["AscendersBane","Strike_R","Strike_R","Strike_R","Strike_R","Strike_R","Defend_R","Defend_R","Defend_R","Defend_R","Bash+1","Anger","Spot Weakness+1","Clothesline+1","Battle Trance+1","Power Through","Demonic Infusion+1","Rage","Demon Form","Defy Death","True Grit","Havoc","Crow Ritual","Pain","Power Through","ReplayTheSpireMod:Limb From Limb+1"],"relics":["Burning Blood","Golden Idol","Ring of Searing","Ring of Hypnosis","ReplayTheSpireMod:Ninjato","Mummified Hand","Medical Kit","Odd Mushroom","Sozu","Ancient Tea Set","Orichalcum","Lantern"],"acts_visited":["Exordium","TheCity"],"potions_floor_usage":[12,12,25],"damage_taken":[{"damage":5,"enemies":"Small Slimes","floor":1,"turns":4},{"damage":6,"enemies":"Cultist","floor":3,"turns":3},{"damage":55,"enemies":"Replay:BlueRogue","floor":6,"turns":5},{"damage":1,"enemies":"Jaw Worm","floor":7,"turns":3},{"damage":0,"enemies":"The Mushroom Lair","floor":12,"turns":5},{"damage":6,"enemies":"Gremlin Gang","floor":14,"turns":3},{"damage":5,"enemies":"Fading Forest","floor":16,"turns":13},{"damage":16,"enemies":"2 Thieves","floor":18,"turns":4},{"damage":33,"enemies":"Spheric Guardian","floor":19,"turns":6},{"damage":11,"enemies":"Centurion and Healer","floor":20,"turns":4},{"damage":18,"enemies":"Chosen and Byrds","floor":21,"turns":6},{"damage":22,"enemies":"Gremlin Leader","floor":25,"turns":5},{"damage":27,"enemies":"Shelled Parasite and Fungi","floor":29,"turns":4},{"damage":15,"enemies":"Snake Plant","floor":31,"turns":1}],"seed_played":"-8189467714824677955","potions_obtained":[{"floor":3,"key":"Fire Potion"},{"floor":7,"key":"Regen Potion"},{"floor":16,"key":"Explosive Potion"}],"is_trial":false,"path_per_floor":["M","?","M","?","?","E","M","?","T","$","R","?","R","M","R","B",null,"M","M","M","M","?","R","$","E","T","?","R","M","?","M"],"character_chosen":"IRONCLAD","items_purchased":["Battle Trance+1","Medical Kit","Power Through","Crow Ritual"],"campfire_rested":2,"item_purchase_floors":[10,10,10,24],"current_hp_per_floor":[69,68,68,68,68,19,24,24,24,24,24,44,44,44,44,57,65,55,28,23,11,11,31,31,15,15,15,35,14,14,0,0],"gold":241,"neow_bonus":"HUNDRED_GOLD","is_daily":false,"chose_seed":false,"campfire_upgraded":3,"win_rate":0.0,"timestamp":1611175433,"path_taken":["M","?","M","?","?","E","M","?","T","$","R","?","R","M","R","BOSS","M","M","M","M","?","R","?","E","T","?","R","M","?","?"],"items_purchased_type":["Card","Relic","Card","Card"],"build_version":"2020-12-22","purchased_purges":1,"victory":false,"max_hp_per_floor":[75,68,68,68,68,68,68,68,68,68,68,68,68,68,68,68,68,68,68,68,68,68,68,68,68,68,68,68,68,68,68,68],"relic_stats":{"Sozu":3,"counters":[14,66],"Golden Idol":96,"Mummified Hand":[4],"Orichalcum":[6],"Medical Kit":[20],"obtain_stats":[{"Sozu":17,"Lantern":27,"ReplayTheSpireMod:Ninjato":6,"Ring of Hypnosis":4,"Golden Idol":2,"Mummified Hand":9,"Odd Mushroom":12,"Orichalcum":26,"Medical Kit":10,"Ancient Tea Set":25,"Burning Blood":0,"Ring of Searing":4},{"Sozu":7,"Lantern":12,"ReplayTheSpireMod:Ninjato":3,"Ring of Hypnosis":2,"Golden Idol":1,"Mummified Hand":4,"Odd Mushroom":5,"Orichalcum":12,"Medical Kit":4,"Ancient Tea Set":12,"Burning Blood":0,"Ring of Searing":2},{"Sozu":36,"Lantern":61,"ReplayTheSpireMod:Ninjato":12,"Ring of Hypnosis":7,"Golden Idol":4,"Mummified Hand":15,"Odd Mushroom":20,"Orichalcum":61,"Medical Kit":15,"Ancient Tea Set":61,"Burning Blood":0,"Ring of Searing":7}],"Burning Blood":78},"card_choices":[{"not_picked":["True Grit","Body Slam"],"picked":"Anger","floor":1},{"not_picked":["Body Slam","Headbutt"],"picked":"Spot Weakness","floor":3},{"not_picked":["True Grit","Infernal Blade"],"picked":"Clothesline","floor":6},{"not_picked":["Defy Death","Evolve","Thunderclap"],"picked":"SKIP","floor":7},{"not_picked":["ReplayTheSpireMod:Strike From Hell","Anger"],"picked":"Demonic Infusion","floor":12},{"not_picked":["ReplayTheSpireMod:Strike From Hell","Anger"],"picked":"Rage","floor":14},{"not_picked":["Berserk","Hemogenesis"],"picked":"Demon Form","floor":16},{"not_picked":["Entrench","Clash"],"picked":"Defy Death","floor":18},{"not_picked":["Blood for Blood","Perfected Strike"],"picked":"True Grit","floor":19},{"not_picked":["Fire Breathing+1","Spot Weakness"],"picked":"Havoc","floor":20},{"not_picked":["Perfected Strike","Iron Wave","Cleave"],"picked":"SKIP","floor":21},{"not_picked":["Pommel Strike","Clothesline","Blood for Blood+1"],"picked":"SKIP","floor":25},{"not_picked":["Armaments","Cleave"],"picked":"Power Through","floor":27},{"not_picked":["Thunderclap","Clothesline"],"picked":"ReplayTheSpireMod:Limb From Limb+1","floor":29}],"player_experience":1517851,"relics_obtained":[{"floor":4,"key":"Ring of Searing"},{"floor":4,"key":"Ring of Hypnosis"},{"floor":6,"key":"ReplayTheSpireMod:Ninjato"},{"floor":9,"key":"Mummified Hand"},{"floor":12,"key":"Odd Mushroom"},{"floor":25,"key":"Ancient Tea Set"},{"floor":26,"key":"Orichalcum"},{"floor":27,"key":"Lantern"}],"event_choices":[{"damage_healed":0,"gold_gain":0,"player_choice":"Lose Max HP","damage_taken":0,"relics_obtained":["Golden Idol"],"max_hp_gain":0,"max_hp_loss":7,"event_name":"Golden Idol","floor":2,"gold_loss":0},{"damage_healed":0,"gold_gain":150,"player_choice":"AGREE","damage_taken":0,"max_hp_gain":0,"max_hp_loss":0,"event_name":"Liars Game","floor":8,"gold_loss":0,"cards_obtained":["Doubt"]},{"damage_healed":0,"gold_gain":0,"player_choice":"Fought Mushrooms","damage_taken":0,"max_hp_gain":0,"max_hp_loss":0,"event_name":"Mushrooms","floor":12,"gold_loss":0},{"damage_healed":0,"gold_gain":100,"player_choice":"Bet on Murderer","damage_taken":0,"max_hp_gain":0,"max_hp_loss":0,"event_name":"The Joust","floor":22,"gold_loss":50},{"damage_healed":0,"gold_gain":0,"player_choice":"Ignored","damage_taken":0,"max_hp_gain":0,"max_hp_loss":0,"event_name":"Cursed Tome","floor":30,"gold_loss":0}],"is_beta":false,"boss_relics":[{"not_picked":["Runic Dome","Replay:Bronze Core"],"picked":"Sozu"}],"items_purged_floors":[10],"is_endless":false,"potions_floor_spawned":[3,7,16,19,21,29],"killed_by":"Snake Plant","ascension_level":20}}