{"host":"etdvqcaukayomjhd","time":1611141266,"event":{"mods":["AchievementEnabler","Act Like it!","BaseMod","BetterRewards","Colored Powertips","Hermit","Infinite Spire","Minty Spire (QoL Compilation)","Quick Restart","Replay The Spire","Spicy Shops","StSLib","The Animator","Waifu the Spire"],"gold_per_floor":[116,133,145,145,161,189,189,217,217,217,228,241,241,241,241,241,241],"floor_reached":16,"language":"ENG","playtime":602,"items_purged":[],"score":151,"play_id":"c3157148-b1a7-4f8e-b267-b1cf4b78b9eb","local_time":"20210120121426","is_ascension_mode":true,"campfire_choices":[{"floor":13.0,"key":"REST"},{"data":"Juggernaut","floor":15,"key":"SMITH"}],"circlet_count":1,"master_deck":["Strike_R","Strike_R","Strike_R","Strike_R","Strike_R","Defend_R","Defend_R","Defend_R","Defend_R","Bash","Hemogenesis","Clothesline+1","Perfected Strike","Heavy Blade","Heavy Blade","Juggernaut+1","Perfected Strike"],"relics":["Burning Blood","Centennial Puzzle","CaptainsWheel","Circlet"],"acts_visited":["Exordium"],"potions_floor_usage":[],"damage_taken":[{"damage":20.0,"enemies":"Jaw Worm","floor":1.0,"turns":6.0},{"damage":1.0,"enemies":"Cultist","floor":2.0,"turns":3.0},{"damage":2.0,"enemies":"2 Louse","floor":3.0,"turns":2.0},{"damage":1.0,"enemies":"2 Fungi Beasts","floor":5.0,"turns":3.0},{"damage":35.0,"enemies":"3 Sentries","floor":6.0,"turns":9.0},{"damage":30.0,"enemies":"Gremlin Nob","floor":8.0,"turns":5.0},{"damage":9.0,"enemies":"Looter","floor":11.0,"turns":3.0},{"damage":5.0,"enemies":"Red Slaver","floor":12.0,"turns":5.0},{"damage":74,"enemies":"Hexaghost","floor":16,"turns":12}],"seed_played":"463429471906274943","potions_obtained":[{"floor":1.0,"key":"ColorlessPotion"},{"floor":8.0,"key":"Dexterity Potion"},{"floor":11.0,"key":"Fruit Juice"},{"floor":12.0,"key":"DistilledChaos"}],"is_trial":false,"path_per_floor":["M","M","M","?","M","E","?","E","T","?","M","M","R","?","R","B"],"character_chosen":"IRONCLAD","items_purchased":[],"campfire_rested":1,"item_purchase_floors":[],"current_hp_per_floor":[63,68,72,72,77,53,53,29,29,29,31,37,62,67,67,0,0],"gold":241,"neow_bonus":"ONE_RANDOM_RARE_CARD","is_daily":false,"chose_seed":false,"campfire_upgraded":1,"win_rate":0.0,"timestamp":1611141266,"path_taken":["M","M","M","?","?","E","?","E","T","?","M","M","R","?","R","BOSS"],"items_purchased_type":[],"build_version":"2020-12-22","purchased_purges":0,"victory":false,"max_hp_per_floor":[80,80,80,80,80,80,80,80,80,80,85,85,85,90,90,90,90],"card_choices":[{"not_picked":["Replay:Undeath\u0027s Touch","Headbutt"],"picked":"Clothesline","floor":1.0},{"not_picked":["Flex","Replay:Undeath\u0027s Touch"],"picked":"Perfected Strike","floor":2.0},{"not_picked":["True Grit","ReplayTheSpireMod:Strike From Hell"],"picked":"Heavy Blade","floor":3.0},{"not_picked":["Wild Strike","Headbutt"],"picked":"Heavy Blade","floor":5.0},{"not_picked":["Massacre","Evolve","True Grit"],"picked":"SKIP","floor":6.0},{"not_picked":["Defy Death","Burning Pact"],"picked":"Juggernaut","floor":8.0},{"not_picked":["Wild Strike","Flame Barrier"],"picked":"Perfected Strike","floor":11.0},{"not_picked":["ReplayTheSpireMod:Muscle Training","ReplayTheSpireMod:Strike From Hell","Anger"],"picked":"SKIP","floor":12.0}],"player_experience":384935,"relics_obtained":[{"floor":6.0,"key":"Centennial Puzzle"},{"floor":8.0,"key":"CaptainsWheel"},{"floor":9.0,"key":"Dead Branch"}],"event_choices":[{"damage_healed":0.0,"max_hp_gain":0.0,"max_hp_loss":0.0,"gold_gain":0.0,"event_name":"The Woman in Blue","player_choice":"Bought 0 Potions","floor":4.0,"gold_loss":0.0,"damage_taken":0.0},{"damage_healed":0.0,"max_hp_gain":0.0,"max_hp_loss":0.0,"gold_gain":0.0,"event_name":"Living Wall","player_choice":"Grow","floor":10.0,"gold_loss":0.0,"damage_taken":0.0,"cards_upgraded":["Clothesline"]},{"damage_healed":0,"gold_gain":0,"player_choice":"Donut","damage_taken":0,"max_hp_gain":5,"max_hp_loss":0,"event_name":"Big Fish","floor":14,"gold_loss":0}],"is_beta":false,"boss_relics":[],"items_purged_floors":[],"is_endless":false,"potions_floor_spawned":[1,8,11,12],"killed_by":"Hexaghost","ascension_level":7}}