{"host":"sc0o2qwpf9j16a4i","time":1611152114,"event":{"mods":["AchievementEnabler","BaseMod","BetterRewards","Block Reminder","Colored Map","Colored Powertips","Custom Start","Highlight Path","Minty Spire (QoL Compilation)","Relic Stats"],"gold_per_floor":[118,118,130,130,130,130,144,144,144,169,169,0,0,0,0,90,90,106,81,101,101,101,101,144,144,144,144,59,90,0,44,44,142,142,162,162,162,175,188,228,228,263,342,363,397,397,397,397,397,397,397,397],"floor_reached":51,"language":"ENG","playtime":2196,"items_purged":[],"score":2095,"play_id":"d3e18379-63f2-4df8-a753-49ac82259b74","local_time":"20210120161514","is_ascension_mode":true,"campfire_choices":[{"floor":6.0,"key":"REST"},{"data":"Defragment","floor":8.0,"key":"SMITH"},{"data":"Zap","floor":15.0,"key":"SMITH"},{"floor":23.0,"key":"REST"},{"floor":25.0,"key":"REST"},{"data":"Echo Form","floor":27.0,"key":"SMITH"},{"floor":32,"key":"REST"},{"floor":46,"key":"RECALL"},{"data":"Seek","floor":49,"key":"SMITH"}],"circlet_count":0,"master_deck":["AscendersBane","Defend_B+1","Defend_B+1","Defend_B+1","Defend_B+1","Zap+1","Dualcast","Self Repair+1","Conserve Battery","Compile Driver","Cold Snap","Defragment+1","Coolheaded","Echo Form+1","Hologram","Electrodynamics","Capacitor","Undo","Barrage","Stack+1","Echo Form","Fission+1","Defragment+1","Consume+1","Ball Lightning","Master of Strategy","Discovery","Compile Driver","Reinforced Body","Seek+1","Loop+1","Meteor Strike"],"relics":["Cracked Core","OrangePellets","Letter Opener","Bag of Marbles","Happy Flower","Runic Capacitor","Tiny Chest","Shuriken","Blood Vial","Ornamental Fan","Golden Idol","Bag of Preparation","Philosopher\u0027s Stone","Juzu Bracelet","Kunai","Pear","Potion Belt","MealTicket","InkBottle","Astrolabe","Frozen Egg 2","Blue Candle","Centennial Puzzle","StrikeDummy","Molten Egg 2"],"acts_visited":["Exordium","TheCity","TheBeyond"],"potions_floor_usage":[39,44,45,50],"damage_taken":[{"damage":2.0,"enemies":"2 Louse","floor":1.0,"turns":3.0},{"damage":1.0,"enemies":"Cultist","floor":3.0,"turns":4.0},{"damage":0.0,"enemies":"Jaw Worm","floor":7.0,"turns":3.0},{"damage":17.0,"enemies":"3 Sentries","floor":10.0,"turns":7.0},{"damage":0.0,"enemies":"The Guardian","floor":16.0,"turns":9.0},{"damage":39.0,"enemies":"3 Byrds","floor":18.0,"turns":4.0},{"damage":22.0,"enemies":"2 Thieves","floor":19.0,"turns":4.0},{"damage":0.0,"enemies":"3 Cultists","floor":20.0,"turns":3.0},{"damage":40.0,"enemies":"Gremlin Leader","floor":24.0,"turns":5.0},{"damage":38.0,"enemies":"Slavers","floor":29.0,"turns":4.0},{"damage":9,"enemies":"Gremlin Leader","floor":31,"turns":6},{"damage":17,"enemies":"Champ","floor":33,"turns":9},{"damage":18,"enemies":"Orb Walker","floor":35,"turns":5},{"damage":24,"enemies":"3 Darklings","floor":38,"turns":5},{"damage":0,"enemies":"Transient","floor":39,"turns":6},{"damage":20,"enemies":"Nemesis","floor":40,"turns":9},{"damage":0,"enemies":"Giant Head","floor":42,"turns":8},{"damage":14,"enemies":"4 Shapes","floor":44,"turns":2},{"damage":7,"enemies":"Reptomancer","floor":45,"turns":7},{"damage":21,"enemies":"Donu and Deca","floor":50,"turns":7},{"damage":85,"enemies":"Awakened One","floor":51,"turns":6}],"seed_played":"4180215513725624771","potions_obtained":[{"floor":7.0,"key":"PowerPotion"},{"floor":18.0,"key":"Weak Potion"},{"floor":19.0,"key":"Dexterity Potion"},{"floor":33,"key":"GamblersBrew"},{"floor":35,"key":"AttackPotion"},{"floor":38,"key":"SpeedPotion"},{"floor":44,"key":"Block Potion"}],"is_trial":false,"path_per_floor":["M","?","M","?","T","R","M","R","T","E","?","$","?","?","R","B",null,"M","M","M","T","?","R","E","R","T","R","?","E","?","E","R","B",null,"M","T","?","M","M","E","?","E","T","M","E","R","?","T","R","B","B"],"character_chosen":"DEFECT","items_purchased":["OrangePellets","Letter Opener","Bag of Marbles","Happy Flower","Self Repair","Runic Capacitor","Tiny Chest","Shuriken","Conserve Battery","Strength Potion","SkillPotion","Compile Driver","Bag of Preparation"],"campfire_rested":4,"item_purchase_floors":[0,0,0,0,0,0,0,0,0,0,0,0,12],"current_hp_per_floor":[27,27,33,33,33,54,63,63,63,55,31,31,31,54,54,66,70,42,32,44,44,44,65,37,58,68,68,68,42,42,55,79,81,81,73,73,63,61,81,81,81,81,81,67,81,81,81,81,81,80,0,0],"gold":397,"neow_bonus":"","is_daily":false,"chose_seed":false,"campfire_upgraded":4,"win_rate":0.0,"timestamp":1611152114,"path_taken":["M","?","?","?","?","R","M","R","T","E","?","$","?","?","R","BOSS","M","M","M","?","?","R","E","R","T","R","?","E","?","E","R","BOSS","M","?","?","M","M","E","?","E","T","M","E","R","?","?","R","BOSS","BOSS"],"items_purchased_type":["Relic","Relic","Relic","Relic","Card","Relic","Relic","Relic","Card","Potion","Potion","Card","Relic"],"build_version":"2020-12-22","purchased_purges":0,"victory":false,"max_hp_per_floor":[71,71,71,71,71,71,71,71,71,71,71,71,71,71,71,71,71,71,71,71,71,71,71,71,71,81,81,81,81,81,81,81,81,81,81,81,81,81,81,81,81,81,81,81,81,81,81,81,81,81,81,81],"relic_stats":{"Happy Flower":[38],"counters":[64,343],"Golden Idol":398,"Astrolabe":["Fission","Defragment","Consume"],"Blue Candle":[0],"Bag of Preparation":[34],"Juzu Bracelet":2,"Letter Opener":[800],"Blood Vial":26,"OrangePellets":[42],"Centennial Puzzle":[12],"Shuriken":[17],"Ornamental Fan":[108],"Tiny Chest":6,"MealTicket":0,"Kunai":[11],"obtain_stats":[{"CeramicFish":0,"Incense Burner":0,"Runic Capacitor":0,"Bag of Preparation":12,"Juzu Bracelet":21,"Boot":24,"ClockworkSouvenir":10,"Sozu":34,"Blood Vial":5,"Centennial Puzzle":26,"Nunchaku":30,"Shovel":6,"Mummified Hand":0,"Gambling Chip":9,"Tiny Chest":0,"Philosopher\u0027s Stone":17,"MealTicket":29,"Kunai":24,"Cracked Core":0,"InkBottle":9,"Runic Pyramid":17,"Potion Belt":28,"Pear":27,"Happy Flower":23,"Golden Idol":5,"Astrolabe":34,"Blue Candle":40,"Velvet Choker":17,"PreservedInsect":0,"The Courier":43,"Letter Opener":0,"Frozen Egg 2":36,"Calling Bell":0,"Peace Pipe":7,"OrangePellets":0,"Shuriken":0,"Ornamental Fan":9,"Molten Egg 2":0,"CultistMask":12,"Art of War":40,"Bag of Marbles":0,"Symbiotic Virus":8,"StrikeDummy":47},{"CeramicFish":16,"Incense Burner":0,"Runic Capacitor":43,"Bag of Preparation":47,"Juzu Bracelet":51,"Boot":12,"ClockworkSouvenir":5,"Sozu":34,"Blood Vial":45,"Centennial Puzzle":12,"Nunchaku":32,"Shovel":4,"Mummified Hand":16,"Gambling Chip":20,"Tiny Chest":43,"Philosopher\u0027s Stone":48,"MealTicket":53,"Kunai":52,"Cracked Core":0,"InkBottle":5,"Runic Pyramid":8,"Potion Belt":52,"Pear":31,"Happy Flower":12,"Golden Idol":3,"Astrolabe":55,"Blue Candle":59,"Velvet Choker":25,"PreservedInsect":0,"The Courier":39,"Letter Opener":43,"Frozen Egg 2":56,"Calling Bell":0,"Peace Pipe":20,"OrangePellets":43,"Shuriken":43,"Ornamental Fan":46,"Molten Egg 2":0,"CultistMask":6,"Art of War":39,"Bag of Marbles":43,"Symbiotic Virus":5,"StrikeDummy":40},{"CeramicFish":61,"Incense Burner":0,"Runic Capacitor":227,"Bag of Preparation":244,"Juzu Bracelet":264,"Boot":48,"ClockworkSouvenir":21,"Sozu":157,"Blood Vial":234,"Centennial Puzzle":48,"Nunchaku":129,"Shovel":14,"Mummified Hand":61,"Gambling Chip":75,"Tiny Chest":227,"Philosopher\u0027s Stone":253,"MealTicket":273,"Kunai":269,"Cracked Core":0,"InkBottle":21,"Runic Pyramid":35,"Potion Belt":269,"Pear":123,"Happy Flower":48,"Golden Idol":12,"Astrolabe":288,"Blue Candle":313,"Velvet Choker":97,"PreservedInsect":0,"The Courier":188,"Letter Opener":227,"Frozen Egg 2":293,"Calling Bell":0,"Peace Pipe":75,"OrangePellets":227,"Shuriken":227,"Ornamental Fan":237,"Molten Egg 2":0,"CultistMask":25,"Art of War":188,"Bag of Marbles":227,"Symbiotic Virus":21,"StrikeDummy":195}],"InkBottle":[35]},"card_choices":[{"not_picked":["Conserve Battery","Darkness","Compile Driver"],"picked":"SKIP","floor":1.0},{"not_picked":["Rebound","Sweeping Beam"],"picked":"Cold Snap","floor":3.0},{"not_picked":["Sweeping Beam","Aggregate"],"picked":"Defragment","floor":7.0},{"not_picked":["Consume","Steam"],"picked":"Coolheaded","floor":10.0},{"not_picked":["Reboot","Buffer"],"picked":"Echo Form","floor":16.0},{"not_picked":["Gash","Stack"],"picked":"Hologram","floor":18.0},{"not_picked":["Streamline","Beam Cell+1"],"picked":"Electrodynamics","floor":19.0},{"not_picked":["Steam","Force Field"],"picked":"Capacitor","floor":20.0},{"not_picked":["Melter","Turbo"],"picked":"Undo","floor":24.0},{"not_picked":["Chaos","All For One"],"picked":"Barrage","floor":29.0},{"not_picked":["Recycle","Auto Shields"],"picked":"Stack+1","floor":31},{"not_picked":["Machine Learning","Fission"],"picked":"Echo Form","floor":33},{"not_picked":["Leap","Turbo+1"],"picked":"Ball Lightning","floor":35},{"not_picked":["Transmutation","PanicButton"],"picked":"Master of Strategy","floor":37},{"not_picked":["Secret Weapon","Madness"],"picked":"Discovery","floor":37},{"not_picked":["Recycle","Leap"],"picked":"Compile Driver","floor":38},{"not_picked":["Auto Shields","Ball Lightning"],"picked":"Reinforced Body","floor":39},{"not_picked":["Rebound+1","Conserve Battery","Gash"],"picked":"SKIP","floor":40},{"not_picked":["Darkness","Go for the Eyes"],"picked":"Seek","floor":42},{"not_picked":["Stack","Sweeping Beam+1"],"picked":"Loop+1","floor":44},{"not_picked":["Auto Shields","Aggregate"],"picked":"Meteor Strike","floor":45}],"player_experience":786630,"relics_obtained":[{"floor":5.0,"key":"Blood Vial"},{"floor":9.0,"key":"Ornamental Fan"},{"floor":21.0,"key":"Juzu Bracelet"},{"floor":24.0,"key":"Kunai"},{"floor":26.0,"key":"Pear"},{"floor":29.0,"key":"MealTicket"},{"floor":31,"key":"InkBottle"},{"floor":36,"key":"Frozen Egg 2"},{"floor":40,"key":"Blue Candle"},{"floor":42,"key":"Centennial Puzzle"},{"floor":45,"key":"StrikeDummy"},{"floor":48,"key":"Molten Egg 2"}],"event_choices":[{"cards_removed":["Strike_B"],"damage_healed":0.0,"max_hp_gain":0.0,"max_hp_loss":0.0,"gold_gain":0.0,"event_name":"Purifier","player_choice":"Purged","floor":2.0,"gold_loss":0.0,"damage_taken":0.0},{"damage_healed":0.0,"max_hp_gain":0.0,"max_hp_loss":0.0,"gold_gain":0.0,"event_name":"Shining Light","player_choice":"Ignored","floor":4.0,"gold_loss":0.0,"damage_taken":0.0},{"damage_healed":0.0,"max_hp_gain":0.0,"max_hp_loss":0.0,"gold_gain":0.0,"event_name":"Golden Idol","player_choice":"Take Damage","floor":11.0,"gold_loss":0.0,"damage_taken":24.0,"relics_obtained":["Golden Idol"]},{"damage_healed":0.0,"max_hp_gain":0.0,"max_hp_loss":0.0,"gold_gain":0.0,"event_name":"Living Wall","player_choice":"Grow","floor":13.0,"gold_loss":0.0,"damage_taken":0.0,"cards_upgraded":["Self Repair"]},{"damage_healed":23.0,"max_hp_gain":0.0,"max_hp_loss":0.0,"gold_gain":0.0,"event_name":"Big Fish","player_choice":"Banana","floor":14.0,"gold_loss":0.0,"damage_taken":0.0},{"damage_healed":0.0,"max_hp_gain":0.0,"max_hp_loss":0.0,"gold_gain":0.0,"event_name":"Back to Basics","player_choice":"Simplicity","floor":22.0,"gold_loss":0.0,"damage_taken":0.0,"cards_upgraded":["Strike_B","Strike_B","Strike_B","Defend_B","Defend_B","Defend_B","Defend_B"]},{"damage_healed":0.0,"max_hp_gain":0.0,"max_hp_loss":0.0,"gold_gain":0.0,"event_name":"Addict","player_choice":"Obtained Relic","floor":28.0,"gold_loss":85.0,"damage_taken":0.0,"relics_obtained":["Potion Belt"]},{"damage_healed":0,"gold_gain":0,"player_choice":"Paid Fearfully","damage_taken":0,"max_hp_gain":0,"max_hp_loss":0,"event_name":"Masked Bandits","floor":30,"gold_loss":90},{"damage_healed":0,"gold_gain":0,"player_choice":"Memory 3","damage_taken":10,"max_hp_gain":0,"max_hp_loss":0,"event_name":"SensoryStone","floor":37,"gold_loss":0},{"damage_healed":0,"gold_gain":0,"player_choice":"Ignored","damage_taken":0,"max_hp_gain":0,"max_hp_loss":0,"event_name":"Tomb of Lord Red Mask","floor":41,"gold_loss":0},{"damage_healed":0,"gold_gain":0,"player_choice":"Full Heal","damage_taken":0,"max_hp_gain":0,"max_hp_loss":0,"event_name":"Wheel of Change","floor":47,"gold_loss":0}],"is_beta":false,"boss_relics":[{"not_picked":["Coffee Dripper","Black Star"],"picked":"Philosopher\u0027s Stone"},{"not_picked":["Fusion Hammer","Runic Dome"],"picked":"Astrolabe"}],"items_purged_floors":[],"is_endless":false,"potions_floor_spawned":[7,18,19,20,33,35,38,44],"killed_by":"Awakened One","ascension_level":20}}