{"host":"5fpb1gzflhq9886n","time":1611126079,"event":{"mods":["AchievementEnabler","BaseMod","Colored Map","Colored Powertips","Minty Spire (QoL Compilation)","Permanent Neow"],"gold_per_floor":[99,99,99,49,19,19,19,19,19,19,19,19,19,19,19,19,19,19,19,19,19,19,19,19],"floor_reached":23,"language":"ENG","playtime":1249,"items_purged":[],"score":261,"play_id":"bd9d0b29-570d-4098-8622-6af8e7d47795","local_time":"20210120020119","is_ascension_mode":true,"campfire_choices":[{"data":"Skewer","floor":6,"key":"SMITH"},{"floor":8,"key":"REST"},{"floor":15,"key":"RECALL"}],"circlet_count":0,"master_deck":["Defend_G+1","Defend_G+1","Defend_G","Defend_G","Defend_G","Survivor","Neutralize","Leg Sweep","Poisoned Stab","Flying Knee","Skewer+1","After Image","Dagger Throw","A Thousand Cuts","Concentrate","Choke","Bite","Bite","Bite","Bite","Bite","Shame"],"relics":["Ectoplasm","Nunchaku","Meat on the Bone","War Paint","Cursed Key","Mercury Hourglass"],"acts_visited":["Exordium","TheCity"],"potions_floor_usage":[16],"damage_taken":[{"damage":2.0,"enemies":"Cultist","floor":1.0,"turns":4.0},{"damage":1.0,"enemies":"Small Slimes","floor":2.0,"turns":4.0},{"damage":0.0,"enemies":"Jaw Worm","floor":3.0,"turns":4.0},{"damage":0,"enemies":"Looter","floor":5,"turns":3},{"damage":25,"enemies":"Gremlin Nob","floor":7,"turns":5},{"damage":8,"enemies":"Lagavulin","floor":12,"turns":5},{"damage":20,"enemies":"The Guardian","floor":16,"turns":12},{"damage":0,"enemies":"Chosen","floor":18,"turns":5},{"damage":4,"enemies":"3 Byrds","floor":20,"turns":5},{"damage":59,"enemies":"Gremlin Leader","floor":23,"turns":6}],"seed_played":"-1006939785255027801","potions_obtained":[{"floor":1.0,"key":"BlessingOfTheForge"},{"floor":5,"key":"Weak Potion"},{"floor":16,"key":"Strength Potion"}],"is_trial":false,"path_per_floor":["M","M","M","?","M","R","E","R","T","T","?","E","$","?","R","B",null,"M","?","M","?","?","E"],"character_chosen":"THE_SILENT","items_purchased":[],"campfire_rested":1,"item_purchase_floors":[],"current_hp_per_floor":[68,67,67,67,67,67,42,63,63,63,63,55,55,60,60,40,75,75,61,57,56,56,0,0],"gold":19,"neow_bonus":"BOSS_RELIC","is_daily":false,"chose_seed":false,"campfire_upgraded":1,"win_rate":0.0,"timestamp":1611126079,"path_taken":["M","?","M","?","M","R","E","R","T","?","?","E","$","?","R","BOSS","M","?","M","?","?","E"],"items_purchased_type":[],"build_version":"2020-12-22","purchased_purges":0,"victory":false,"max_hp_per_floor":[70,70,70,70,70,70,70,70,70,70,70,70,70,75,75,75,75,75,80,80,56,56,56,56],"card_choices":[{"not_picked":["Finisher","Acrobatics"],"picked":"Leg Sweep","floor":1.0},{"not_picked":["Underhanded Strike","Deflect"],"picked":"Poisoned Stab","floor":2.0},{"not_picked":["PiercingWail","Bane"],"picked":"Flying Knee","floor":3.0},{"not_picked":["Slice","Riddle With Holes"],"picked":"Skewer","floor":5},{"not_picked":["Outmaneuver","Crippling Poison"],"picked":"After Image","floor":7},{"not_picked":["Backflip","Poisoned Stab"],"picked":"Dagger Throw","floor":12},{"not_picked":["Phantasmal Killer","Adrenaline"],"picked":"A Thousand Cuts","floor":16},{"not_picked":["Tactician","Deflect"],"picked":"Concentrate","floor":18},{"not_picked":["Dodge and Roll","Deadly Poison"],"picked":"Choke","floor":20}],"player_experience":729712,"relics_obtained":[{"floor":7,"key":"Nunchaku"},{"floor":10,"key":"Meat on the Bone"},{"floor":12,"key":"War Paint"}],"event_choices":[{"cards_removed":["Strike_G"],"damage_healed":0.0,"max_hp_gain":0.0,"max_hp_loss":0.0,"gold_gain":0.0,"event_name":"The Cleric","player_choice":"Card Removal","floor":4.0,"gold_loss":50.0,"damage_taken":0.0},{"damage_healed":0,"gold_gain":0,"player_choice":"Ignored","damage_taken":0,"max_hp_gain":0,"max_hp_loss":0,"event_name":"Liars Game","floor":11,"gold_loss":0},{"damage_healed":0,"gold_gain":0,"player_choice":"Donut","damage_taken":0,"max_hp_gain":5,"max_hp_loss":0,"event_name":"Big Fish","floor":14,"gold_loss":0},{"damage_healed":0,"gold_gain":0,"player_choice":"Shed Blood","damage_taken":19,"max_hp_gain":5,"max_hp_loss":0,"event_name":"Forgotten Altar","floor":19,"gold_loss":0},{"damage_healed":0,"gold_gain":0,"player_choice":"Became a vampire","damage_taken":0,"max_hp_gain":0,"max_hp_loss":24,"event_name":"Vampires","floor":21,"gold_loss":0,"cards_obtained":["Bite","Bite","Bite","Bite","Bite"]},{"damage_healed":0,"gold_gain":0,"player_choice":"Stole Relic","damage_taken":0,"relics_obtained":["Mercury Hourglass"],"max_hp_gain":0,"max_hp_loss":0,"event_name":"Addict","floor":22,"gold_loss":0,"cards_obtained":["Shame"]}],"is_beta":false,"boss_relics":[{"not_picked":["Busted Crown","SlaversCollar"],"picked":"Cursed Key"}],"items_purged_floors":[],"is_endless":false,"potions_floor_spawned":[1,5,16],"killed_by":"Gremlin Leader","ascension_level":4}}