{"host":"x730sfaw5rd1mxd8","time":1611114781,"event":{"mods":["BaseMod","BetterRewards","Colored Powertips","Highlight Path","Minty Spire (QoL Compilation)","Relic Sorter","Relic Stats","StSLib"],"gold_per_floor":[110,122,132,144,144,175,175,206,276,310,320,29,29,91,91,187,187,207,224,139,149,34,34,34,45,94,94,105,105,134,134,134,233,233,253,181,196,212,223,255,255,273,273,173,173,201,216,230,230,230,230],"floor_reached":50,"language":"ENG","playtime":1908,"items_purged":["Strike_R","Strike_R"],"score":805,"play_id":"402d5dfc-3835-4420-8542-3bf4e26e0577","local_time":"20210119225301","is_ascension_mode":true,"campfire_choices":[{"data":"Whirlwind","floor":7.0,"key":"SMITH"},{"data":"Bash","floor":13.0,"key":"SMITH"},{"data":"Seeing Red","floor":15.0,"key":"SMITH"},{"data":"Limit Break","floor":23.0,"key":"SMITH"},{"data":"Immolate","floor":27.0,"key":"SMITH"},{"data":"Bloodletting","floor":29.0,"key":"SMITH"},{"floor":32.0,"key":"REST"},{"data":"Impervious","floor":41.0,"key":"SMITH"},{"floor":49,"key":"RECALL"}],"circlet_count":0,"master_deck":["Strike_R","Strike_R","Defend_R","Defend_R","Defend_R","Defend_R","Bash+1","Whirlwind+1","Twin Strike","Rupture+1","Seeing Red+1","Regret","Inflame+1","Bloodletting+1","Impervious+1","Limit Break+1","Combust+1","Evolve+1","Headbutt+1","Feel No Pain+1","Immolate+1","Twin Strike+1","Limit Break+1","Fiend Fire","Metallicize+1","Heavy Blade+1","Barricade+1","Sentinel+1","Clumsy","Defend_B","Dark Embrace+1"],"relics":["Burning Blood","Singing Bowl","Frozen Egg 2","Darkstone Periapt","Mango","Strawberry","Gremlin Horn","Bird Faced Urn","Ice Cream","SlaversCollar","Blood Vial","Gambling Chip","Blue Candle","Cursed Key","Art of War","Dream Catcher","Turnip"],"acts_visited":["Exordium","TheCity","TheBeyond"],"potions_floor_usage":[],"damage_taken":[{"damage":5.0,"enemies":"Jaw Worm","floor":1.0,"turns":4.0},{"damage":1.0,"enemies":"2 Louse","floor":2.0,"turns":2.0},{"damage":0.0,"enemies":"Small Slimes","floor":3.0,"turns":3.0},{"damage":2.0,"enemies":"Red Slaver","floor":4.0,"turns":5.0},{"damage":38.0,"enemies":"Lagavulin","floor":6.0,"turns":8.0},{"damage":17.0,"enemies":"3 Sentries","floor":8.0,"turns":5.0},{"damage":19.0,"enemies":"Gremlin Nob","floor":10.0,"turns":4.0},{"damage":6.0,"enemies":"2 Fungi Beasts","floor":11.0,"turns":4.0},{"damage":39.0,"enemies":"3 Sentries","floor":14.0,"turns":7.0},{"damage":41.0,"enemies":"Slime Boss","floor":16.0,"turns":7.0},{"damage":30.0,"enemies":"2 Thieves","floor":18.0,"turns":4.0},{"damage":5.0,"enemies":"Chosen","floor":19.0,"turns":3.0},{"damage":5.0,"enemies":"Centurion and Healer","floor":21.0,"turns":4.0},{"damage":0.0,"enemies":"Snake Plant","floor":25.0,"turns":3.0},{"damage":26.0,"enemies":"Sentry and Sphere","floor":28.0,"turns":4.0},{"damage":43.0,"enemies":"Book of Stabbing","floor":30.0,"turns":5.0},{"damage":56.0,"enemies":"Champ","floor":33.0,"turns":7.0},{"damage":34.0,"enemies":"3 Darklings","floor":35.0,"turns":3.0},{"damage":0.0,"enemies":"3 Shapes","floor":37.0,"turns":1.0},{"damage":25.0,"enemies":"Jaw Worm Horde","floor":38.0,"turns":2.0},{"damage":44.0,"enemies":"Spire Growth","floor":39.0,"turns":4.0},{"damage":17.0,"enemies":"Giant Head","floor":40.0,"turns":6.0},{"damage":3.0,"enemies":"4 Shapes","floor":42.0,"turns":5.0},{"damage":20.0,"enemies":"Nemesis","floor":46.0,"turns":5.0},{"damage":36.0,"enemies":"3 Darklings","floor":47.0,"turns":5.0},{"damage":21.0,"enemies":"Jaw Worm Horde","floor":48.0,"turns":3.0},{"damage":96,"enemies":"Awakened One","floor":50,"turns":6}],"seed_played":"-7004238854490074275","potions_obtained":[{"floor":2.0,"key":"SneckoOil"},{"floor":3.0,"key":"FairyPotion"},{"floor":4.0,"key":"Block Potion"},{"floor":8.0,"key":"Weak Potion"},{"floor":11.0,"key":"BlessingOfTheForge"},{"floor":18.0,"key":"AttackPotion"},{"floor":25.0,"key":"FearPotion"},{"floor":30.0,"key":"BlessingOfTheForge"},{"floor":33.0,"key":"Fire Potion"},{"floor":35.0,"key":"Fire Potion"},{"floor":37.0,"key":"Strength Potion"},{"floor":39.0,"key":"BlessingOfTheForge"}],"is_trial":false,"path_per_floor":["M","M","M","M","?","E","R","E","T","E","M","$","R","?","R","B",null,"M","M","?","M","$","R","?","M","T","R","M","R","E","?","R","B",null,"M","$","M","M","M","E","R","M","T","$","?","E","M","M","R","B"],"character_chosen":"IRONCLAD","items_purchased":["Frozen Egg 2","Bird Faced Urn","Feel No Pain+1","Metallicize+1"],"campfire_rested":1,"item_purchase_floors":[0,12,22,36],"current_hp_per_floor":[80,80,80,80,86,68,68,64,64,51,51,51,51,24,24,25,109,89,94,94,105,105,105,105,109,109,109,89,89,62,62,95,57,111,87,87,97,86,60,67,67,88,94,94,94,96,84,79,79,0,0],"gold":230,"neow_bonus":"","is_daily":false,"chose_seed":false,"campfire_upgraded":7,"win_rate":0.0,"timestamp":1611114781,"path_taken":["M","M","M","M","?","E","R","E","T","E","M","$","R","?","R","BOSS","M","M","?","M","$","R","?","?","T","R","M","R","E","?","R","BOSS","M","$","M","M","M","E","R","M","T","$","?","E","?","M","R","BOSS"],"items_purchased_type":["Relic","Relic","Card","Card"],"build_version":"2020-12-22","purchased_purges":2,"victory":false,"max_hp_per_floor":[80,80,80,80,86,100,100,107,107,107,107,107,107,109,109,109,109,109,109,109,109,109,109,109,109,109,109,109,109,111,111,111,111,111,113,113,113,113,113,115,115,117,123,123,123,125,127,127,127,127,127],"relic_stats":{"Darkstone Periapt":12,"Singing Bowl":14,"Gremlin Horn":[17,17],"counters":[41,170],"Blue Candle":[3],"Cursed Key":1,"Burning Blood":134,"Blood Vial":26,"Dream Catcher":0,"Bird Faced Urn":[138],"Gambling Chip":[36],"Turnip":[0],"Art of War":[9],"obtain_stats":[{"Darkstone Periapt":5,"Ice Cream":14,"Gremlin Horn":9,"Singing Bowl":10,"Mango":6,"Cursed Key":34,"Burning Blood":0,"Blood Vial":20,"Centennial Puzzle":9,"Dream Catcher":43,"Pantograph":23,"Strawberry":28,"Gambling Chip":24,"Golden Idol":11,"Blue Candle":30,"The Courier":14,"PreservedInsect":22,"Frozen Egg 2":0,"SlaversCollar":17,"Busted Crown":17,"Bronze Scales":12,"Bird Faced Urn":12,"Mark of Pain":0,"Turnip":46,"Art of War":40},{"Darkstone Periapt":18,"Ice Cream":23,"Gremlin Horn":20,"Singing Bowl":21,"Mango":19,"Cursed Key":31,"Burning Blood":0,"Blood Vial":26,"Centennial Puzzle":5,"Dream Catcher":37,"Pantograph":12,"Strawberry":13,"Gambling Chip":27,"Golden Idol":5,"Blue Candle":30,"The Courier":7,"PreservedInsect":11,"Frozen Egg 2":14,"SlaversCollar":24,"Busted Crown":8,"Bronze Scales":6,"Bird Faced Urn":22,"Mark of Pain":0,"Turnip":38,"Art of War":36},{"Darkstone Periapt":65,"Ice Cream":93,"Gremlin Horn":78,"Singing Bowl":82,"Mango":73,"Cursed Key":130,"Burning Blood":0,"Blood Vial":107,"Centennial Puzzle":17,"Dream Catcher":151,"Pantograph":44,"Strawberry":48,"Gambling Chip":111,"Golden Idol":17,"Blue Candle":123,"The Courier":25,"PreservedInsect":40,"Frozen Egg 2":51,"SlaversCollar":100,"Busted Crown":30,"Bronze Scales":20,"Bird Faced Urn":86,"Mark of Pain":0,"Turnip":156,"Art of War":146}]},"card_choices":[{"not_picked":["Heavy Blade","Uppercut"],"picked":"Whirlwind","floor":1.0},{"not_picked":["Clothesline","Havoc"],"picked":"Twin Strike","floor":2.0},{"not_picked":["Flex","Burning Pact"],"picked":"Rupture+1","floor":3.0},{"not_picked":["Sever Soul","Sentinel"],"picked":"Seeing Red","floor":4.0},{"not_picked":["Metallicize+1","Sword Boomerang"],"picked":"Inflame+1","floor":6.0},{"not_picked":["Havoc","Armaments","Pommel Strike"],"picked":"SKIP","floor":8.0},{"not_picked":["Warcry","Wild Strike"],"picked":"Bloodletting","floor":10.0},{"not_picked":["Dropkick","Evolve+1"],"picked":"Impervious","floor":11.0},{"not_picked":["Havoc","Anger","Cleave"],"picked":"Singing Bowl","floor":14.0},{"not_picked":["Double Tap","Barricade+1"],"picked":"Limit Break","floor":16.0},{"not_picked":["Dark Embrace+1","Clothesline"],"picked":"Combust+1","floor":18.0},{"not_picked":["Second Wind","Warcry"],"picked":"Evolve+1","floor":19.0},{"not_picked":["Iron Wave","Sentinel"],"picked":"Headbutt+1","floor":21.0},{"not_picked":["Second Wind","Clash"],"picked":"Immolate","floor":25.0},{"not_picked":["Armaments","Havoc+1"],"picked":"Twin Strike+1","floor":28.0},{"not_picked":["Anger","Thunderclap","Iron Wave"],"picked":"Singing Bowl","floor":30.0},{"not_picked":["Immolate","Bludgeon"],"picked":"Fiend Fire","floor":33.0},{"not_picked":["Searing Blow","Evolve+1","Uppercut+1"],"picked":"Singing Bowl","floor":35.0},{"not_picked":["Warcry","Clothesline"],"picked":"Heavy Blade+1","floor":37.0},{"not_picked":["Dual Wield","Wild Strike+1"],"picked":"Barricade+1","floor":38.0},{"not_picked":["Warcry","Pummel"],"picked":"Sentinel+1","floor":39.0},{"not_picked":["Infernal Blade","Evolve+1","Armaments"],"picked":"Singing Bowl","floor":40.0},{"not_picked":["Cleave","Sever Soul","Body Slam"],"picked":"Singing Bowl","floor":42.0},{"not_picked":["Whirlwind+1","Havoc+1","Exhume"],"picked":"Singing Bowl","floor":46.0},{"not_picked":["Anger+1","Inflame+1","Flex"],"picked":"Singing Bowl","floor":47.0},{"not_picked":["Armaments+1","Pommel Strike+1"],"picked":"Dark Embrace+1","floor":48.0}],"player_experience":3962038,"relics_obtained":[{"floor":6.0,"key":"Mango"},{"floor":8.0,"key":"Strawberry"},{"floor":9.0,"key":"Gremlin Horn"},{"floor":10.0,"key":"Singing Bowl"},{"floor":14.0,"key":"Ice Cream"},{"floor":30.0,"key":"Blue Candle"},{"floor":40.0,"key":"Art of War"},{"floor":43.0,"key":"Dream Catcher"},{"floor":46.0,"key":"Turnip"}],"event_choices":[{"damage_healed":0.0,"max_hp_gain":0.0,"max_hp_loss":0.0,"gold_gain":0.0,"event_name":"Big Fish","player_choice":"Box","floor":5.0,"gold_loss":0.0,"damage_taken":0.0,"relics_obtained":["Darkstone Periapt"],"cards_obtained":["Regret"]},{"damage_healed":0.0,"max_hp_gain":0.0,"max_hp_loss":0.0,"gold_gain":0.0,"event_name":"Dead Adventurer","player_choice":"Searched \u00272\u0027 times","floor":14.0,"gold_loss":0.0,"damage_taken":0.0},{"damage_healed":0.0,"max_hp_gain":0.0,"max_hp_loss":0.0,"gold_gain":0.0,"event_name":"Addict","player_choice":"Obtained Relic","floor":20.0,"gold_loss":85.0,"damage_taken":0.0,"relics_obtained":["Blood Vial"]},{"damage_healed":0.0,"max_hp_gain":0.0,"max_hp_loss":0.0,"gold_gain":0.0,"event_name":"WeMeetAgain","player_choice":"Gave Potion","floor":24.0,"gold_loss":0.0,"damage_taken":0.0,"relics_obtained":["Gambling Chip"]},{"damage_healed":0.0,"max_hp_gain":0.0,"max_hp_loss":0.0,"gold_gain":0.0,"event_name":"Duplicator","player_choice":"Copied","floor":31.0,"gold_loss":0.0,"damage_taken":0.0,"cards_obtained":["Limit Break"]},{"cards_removed":["Strike_R"],"damage_healed":0.0,"max_hp_gain":0.0,"max_hp_loss":0.0,"gold_gain":0.0,"event_name":"NoteForYourself","player_choice":"Took Card","floor":45.0,"gold_loss":0.0,"damage_taken":0.0,"cards_obtained":["Defend_B"]}],"is_beta":false,"boss_relics":[{"not_picked":["SacredBark","Runic Dome"],"picked":"SlaversCollar"},{"not_picked":["Philosopher\u0027s Stone","Fusion Hammer"],"picked":"Cursed Key"}],"items_purged_floors":[22,44],"is_endless":false,"potions_floor_spawned":[2,3,4,8,11,18,25,30,33,35,37,39,42],"killed_by":"Awakened One","ascension_level":1}}