{"host":"c6u7e77myxvw4d0m","time":1611150456,"event":{"mods":["AchievementEnabler","BaseMod","Bestiary","Colored Map","Colored Powertips","Minty Spire (QoL Compilation)","Rare Cards Sparkle","Relic Stats","everything is the same but u backflip on backflip"],"gold_per_floor":[110,121,131,141,7,7,7],"floor_reached":6,"language":"ENG","playtime":294,"items_purged":[],"score":72,"play_id":"4817b9ed-b312-429c-8eec-3476863ad3d4","local_time":"20210120154736","is_ascension_mode":true,"campfire_choices":[],"circlet_count":0,"master_deck":["AscendersBane","Strike_G","Strike_G","Strike_G","Strike_G","Strike_G","Defend_G","Defend_G","Defend_G","Defend_G","Defend_G","Survivor","Neutralize","Skewer","Dagger Throw","Eviscerate","Footwork","Dagger Spray","Dodge and Roll"],"relics":["Ring of the Snake"],"acts_visited":["Exordium"],"potions_floor_usage":[6],"damage_taken":[{"damage":4,"enemies":"Cultist","floor":1,"turns":3},{"damage":5,"enemies":"2 Louse","floor":2,"turns":2},{"damage":4,"enemies":"Small Slimes","floor":3,"turns":4},{"damage":5,"enemies":"3 Louse","floor":4,"turns":3},{"damage":47,"enemies":"Lagavulin","floor":6,"turns":9}],"seed_played":"-3189247474396180237","potions_obtained":[{"floor":3,"key":"CunningPotion"}],"is_trial":false,"path_per_floor":["M","M","M","M","$","E"],"character_chosen":"THE_SILENT","items_purchased":["Dagger Spray","SkillPotion","Dodge and Roll"],"campfire_rested":0,"item_purchase_floors":[5,5,5],"current_hp_per_floor":[61,56,52,47,47,0,0],"gold":7,"neow_bonus":"TEN_PERCENT_HP_BONUS","is_daily":false,"chose_seed":false,"campfire_upgraded":0,"win_rate":0.0,"timestamp":1611150456,"path_taken":["M","M","M","?","?","E"],"items_purchased_type":["Card","Potion","Card"],"build_version":"2020-12-22","purchased_purges":0,"victory":false,"max_hp_per_floor":[72,72,72,72,72,72,72],"relic_stats":{"counters":[5,21],"obtain_stats":[{"Ring of the Snake":0},{"Ring of the Snake":0},{"Ring of the Snake":0}],"Ring of the Snake":[10]},"card_choices":[{"not_picked":["PiercingWail","Quick Slash"],"picked":"Skewer","floor":1},{"not_picked":["Sucker Punch","Riddle With Holes"],"picked":"Dagger Throw","floor":2},{"not_picked":["Tactician","Slice"],"picked":"Eviscerate","floor":3},{"not_picked":["Escape Plan","Bullet Time"],"picked":"Footwork","floor":4}],"player_experience":421020,"relics_obtained":[],"event_choices":[],"is_beta":false,"boss_relics":[],"items_purged_floors":[],"is_endless":false,"potions_floor_spawned":[3],"killed_by":"Lagavulin","ascension_level":18}}