{"host":"l84l8xigz5v5foa2","time":1611136623,"event":{"mods":["2.2 Compatiblity","AchievementEnabler","BaseMod","Better Note","Better Vampires","Card Filter","Colored Map","DeckTracker","Downfall","Gremlin Skip","Highlight Path","Keyboard Shortcuts","Minty Spire (QoL Compilation)","Permanent Neow","Quick Restart","Relic Filter","Relic Stats","StSLib","SuperFastMode","Transform Curses","Unknown Chances"],"gold_per_floor":[110,120,45,45,45,45,62,97,144,144,178,198,216,230,230,309,309,320,330,330,54,54,54,54,54],"floor_reached":23,"language":"ENG","playtime":696,"items_purged":["hexamod:Strike"],"score":402,"play_id":"b2c6ff2c-8f55-47bc-94b1-66f9ccf26403","local_time":"20210120185703","is_ascension_mode":true,"campfire_choices":[{"data":"hexamod:SwordOfDarkness","floor":6.0,"key":"SMITH"},{"data":"hexamod:StepThrough","floor":10.0,"key":"SMITH"},{"data":"hexamod:NecessarySacrifice","floor":15.0,"key":"SMITH"}],"circlet_count":0,"master_deck":["AscendersBane","hexamod:Strike","hexamod:Strike","hexamod:Strike","hexamod:Defend","hexamod:Defend","hexamod:Defend","hexamod:Defend","hexamod:Float+1","hexamod:SwordOfDarkness+1","hexamod:SpectersWail","hexamod:StepThrough+1","hexamod:FifthSeal","hexamod:FourthSeal","hexamod:ThermalTransfer","hexamod:NecessarySacrifice+1","hexamod:GiftsFromTheDead","hexamod:FlameSwitch","hexamod:SixthSeal","hexamod:Hexaguard+1","hexamod:ThirdSeal","hexamod:FastForward","hexamod:GhostOfSpirePast","RitualDagger"],"relics":["hexamod:SpiritBrand","Black Star","Juzu Bracelet","Centennial Puzzle","hexamod:BolsterEngine","Orichalcum","Blood Vial","Philosopher\u0027s Stone","Question Card"],"acts_visited":["Exordium","TheCity"],"potions_floor_usage":[16,16,16,16,18,19],"damage_taken":[{"damage":0.0,"enemies":"Cultist","floor":1.0,"turns":3.0},{"damage":0.0,"enemies":"2 Louse","floor":2.0,"turns":3.0},{"damage":0.0,"enemies":"Small Slimes","floor":7.0,"turns":2.0},{"damage":10.0,"enemies":"3 Sentries","floor":8.0,"turns":8.0},{"damage":6.0,"enemies":"Gremlin Nob","floor":11.0,"turns":3.0},{"damage":9.0,"enemies":"3 Louse","floor":12.0,"turns":4.0},{"damage":14.0,"enemies":"Exordium Thugs","floor":13.0,"turns":4.0},{"damage":3.0,"enemies":"Blue Slaver","floor":14.0,"turns":3.0},{"damage":8,"enemies":"Slime Boss","floor":16,"turns":6},{"damage":9,"enemies":"2 Thieves","floor":18,"turns":3},{"damage":15,"enemies":"Shell Parasite","floor":19,"turns":4},{"damage":25,"enemies":"Gremlin Leader","floor":23,"turns":2}],"seed_played":"-8904356642867943588","potions_obtained":[{"floor":8.0,"key":"SteroidPotion"},{"floor":11.0,"key":"SteroidPotion"},{"floor":13.0,"key":"EntropicBrew"},{"floor":14.0,"key":"SkillPotion"},{"floor":16,"key":"DistilledChaos"},{"floor":18,"key":"DistilledChaos"},{"floor":19,"key":"Energy Potion"}],"is_trial":false,"path_per_floor":["M","M","$","?","?","R","M","E","T","R","E","M","M","M","R","B",null,"M","M","?","$","?","E"],"character_chosen":"THE_SPIRIT","items_purchased":["Question Card"],"campfire_rested":0,"item_purchase_floors":[21],"current_hp_per_floor":[57,57,57,50,50,50,50,40,40,40,34,27,15,14,14,8,49,42,29,29,29,23,0,0,0],"gold":54,"neow_bonus":"UPGRADE_CARD","is_daily":false,"chose_seed":false,"campfire_upgraded":3,"win_rate":0.0,"timestamp":1611136623,"path_taken":["M","M","$","?","?","R","M","E","T","R","E","M","M","M","R","BOSS","M","M","?","$","?","E"],"items_purchased_type":["Relic"],"build_version":"2020-12-22","purchased_purges":1,"victory":false,"max_hp_per_floor":[63,63,63,63,63,63,63,63,63,63,63,63,63,63,63,63,63,63,63,63,63,63,63,63,63],"relic_stats":{"Blood Vial":14,"Centennial Puzzle":[24],"counters":[12,45],"Black Star":2,"Juzu Bracelet":0,"Orichalcum":[0],"Question Card":0,"obtain_stats":[{"Blood Vial":11,"Centennial Puzzle":8,"Philosopher\u0027s Stone":17,"Black Star":0,"Juzu Bracelet":5,"hexamod:BolsterEngine":8,"Orichalcum":11,"Question Card":21,"hexamod:SpiritBrand":0},{"Blood Vial":5,"Centennial Puzzle":4,"Philosopher\u0027s Stone":9,"Black Star":0,"Juzu Bracelet":2,"hexamod:BolsterEngine":4,"Orichalcum":5,"Question Card":11,"hexamod:SpiritBrand":0},{"Blood Vial":19,"Centennial Puzzle":16,"Philosopher\u0027s Stone":36,"Black Star":0,"Juzu Bracelet":6,"hexamod:BolsterEngine":16,"Orichalcum":19,"Question Card":43,"hexamod:SpiritBrand":0}]},"card_choices":[{"not_picked":["hexamod:ShieldOfDarkness","hexamod:Firestarter"],"picked":"hexamod:SwordOfDarkness","floor":1.0},{"not_picked":["hexamod:GhostShield","hexamod:HeatMetal"],"picked":"hexamod:Rewind","floor":2.0},{"not_picked":["hexamod:ThermalTransfer","hexamod:FlamesFromBeyond"],"picked":"hexamod:SpectersWail","floor":7.0},{"not_picked":["hexamod:FastForward","hexamod:UnleashSpirits"],"picked":"hexamod:StepThrough","floor":8.0},{"not_picked":["hexamod:Toasty","hexamod:NightmareGuise"],"picked":"hexamod:FifthSeal","floor":11.0},{"not_picked":["hexamod:ThirdSeal","hexamod:FirstSeal"],"picked":"hexamod:FourthSeal","floor":12.0},{"not_picked":["hexamod:ExtraCrispy","hexamod:SpectersWail"],"picked":"hexamod:ThermalTransfer","floor":12.0},{"not_picked":["hexamod:SoulSteal","hexamod:RecurringNightmare"],"picked":"hexamod:NecessarySacrifice","floor":13.0},{"not_picked":["hexamod:RainOfEmbers","hexamod:SpectersWail"],"picked":"hexamod:GiftsFromTheDead","floor":14.0},{"not_picked":["hexamod:FifthSeal","hexamod:HexaLevel"],"picked":"hexamod:FlameSwitch","floor":16},{"not_picked":["hexamod:FourthSeal","hexamod:SecondSeal"],"picked":"hexamod:SixthSeal","floor":18},{"not_picked":["hexamod:SuperheatedStrike","hexamod:BurningTouch"],"picked":"hexamod:Hexaguard","floor":18},{"not_picked":["hexamod:SixthSeal","hexamod:SecondSeal"],"picked":"hexamod:ThirdSeal","floor":19},{"not_picked":["hexamod:Firestarter","hexamod:NightmareGuise","hexamod:FastForward"],"picked":"SKIP","floor":19},{"not_picked":["hexamod:Firestarter","hexamod:NightmareGuise"],"picked":"hexamod:FastForward","floor":19}],"player_experience":3312720,"relics_obtained":[{"floor":8.0,"key":"Centennial Puzzle"},{"floor":8.0,"key":"hexamod:BolsterEngine"},{"floor":11.0,"key":"Orichalcum"},{"floor":11.0,"key":"Blood Vial"}],"event_choices":[{"cards_removed":["hexamod:Sear"],"damage_healed":0.0,"max_hp_gain":0.0,"max_hp_loss":0.0,"gold_gain":0.0,"event_name":"Golden Wing","player_choice":"Card Removal","floor":4.0,"gold_loss":0.0,"damage_taken":7.0},{"cards_removed":["hexamod:Rewind"],"damage_healed":0.0,"max_hp_gain":0.0,"max_hp_loss":0.0,"gold_gain":0.0,"event_name":"WeMeetAgain","player_choice":"Gave Card","floor":5.0,"gold_loss":0.0,"damage_taken":0.0,"relics_obtained":["Juzu Bracelet"]},{"damage_healed":0,"gold_gain":0,"player_choice":"Read","damage_taken":0,"max_hp_gain":0,"max_hp_loss":0,"event_name":"The Library","floor":20,"gold_loss":0,"cards_obtained":["hexamod:GhostOfSpirePast"]},{"damage_healed":0,"gold_gain":0,"player_choice":"Joined the Cult","damage_taken":6,"max_hp_gain":0,"max_hp_loss":0,"event_name":"Nest","floor":22,"gold_loss":0,"cards_obtained":["RitualDagger"]}],"is_beta":false,"boss_relics":[{"not_picked":["Busted Crown","Sozu"],"picked":"Philosopher\u0027s Stone"}],"items_purged_floors":[3],"is_endless":false,"potions_floor_spawned":[8,11,13],"killed_by":"Gremlin Leader","ascension_level":20}}