{"host":"3twtdwjpiqhvvn5s","time":1611180960,"event":{"mods":["AchievementEnabler","Act Like it!","Aspiration","BaseMod","BetterRewards","Colored Map","Colored Powertips","Downfall","Duelist Mod","Friendly Minions","GifTheSpireLib","Hallownest","Hermit","Hubris","Infinite Spire","Jorbs\u0027s Wanderer Trilogy","Koishi","KomeijiMod","Marisa????????","Minty Spire (QoL Compilation)","Random Character Mod","Rare Cards Sparkle","Shop Mod","StSLib","Td1madao Mod","The Administrix","The Animator","The Bug Knight","The Caster","The Cursed","The Disciple","The Hierophant","The Necromancer","The Poker Player","The Runesmith","The Servant 0.9.4","TheFirefly"],"gold_per_floor":[153,198,198,198,240,330,378,468,468,393,7,52,17,68,68,380,380,428,458,512,512,512],"floor_reached":21,"language":"ENG","playtime":2818,"items_purged":["Defend_G"],"score":243,"play_id":"fba5fa3f-b9aa-4184-bbef-50a7cbff87fc","local_time":"20210120161600","daily_mods":["downfall:ChampStances","Midas"],"is_ascension_mode":false,"campfire_choices":[{"floor":15,"key":"REST"}],"circlet_count":0,"master_deck":["Strike_G","Strike_G","Strike_G","Strike_G","Defend_G","Defend_G","Defend_G","Defend_G","Survivor","A Thousand Cuts","Chrysalis","Leg Sweep","Bouncing Flask","Underhanded Strike","Noxious Fumes","Tools of the Trade","Caltrops+1","Predator"],"relics":["Snecko Eye","champ:ChampStancesModRelic","infinitespire:CheckeredPen","Mercury Hourglass","hubris:Potato","Hallownest:BankAccountRelic","ShirouKen","HoveringKite"],"acts_visited":["Hallownest:Greenpath","Hallownest:CityofTears"],"potions_floor_usage":[8,8,16,19],"damage_taken":[{"damage":16,"enemies":"Hallownest:2_Tiktiks_and_1_Crawlid","floor":1,"turns":4},{"damage":20,"enemies":"Hallownest:2_MossCreeps","floor":2,"turns":4},{"damage":0,"enemies":"Hallownest:monsterHuskWarrior","floor":5,"turns":3},{"damage":25,"enemies":"Hallownest:eliteVengeflyKing","floor":6,"turns":5},{"damage":0,"enemies":"Hallownest:Wandering_and_Horned","floor":7,"turns":4},{"damage":15,"enemies":"Hallownest:eliteCrystalGuardian","floor":8,"turns":5},{"damage":0,"enemies":"Hallownest:2_Tiktiks_1_Baldur_1_Crawlid","floor":12,"turns":3},{"damage":0,"enemies":"Hallownest:monsterMossCharger","floor":14,"turns":2},{"damage":30,"enemies":"Hallownest:BossHornet","floor":16,"turns":10},{"damage":0,"enemies":"Hallownest:Flukemon_and_Top","floor":18,"turns":5},{"damage":4,"enemies":"Hallownest:2_Mistakes","floor":19,"turns":5},{"damage":26,"enemies":"Hallownest:Warrior_and_Youth","floor":20,"turns":4},{"damage":42,"enemies":"Hallownest:3_Mistakes","floor":21,"turns":4}],"seed_played":"-8902314027877625379","potions_obtained":[{"floor":6,"key":"Energy Potion"},{"floor":7,"key":"Fire Potion"},{"floor":8,"key":"SkillPotion"},{"floor":16,"key":"Guardian:BlockOnCardUsePotion"}],"is_trial":true,"path_per_floor":["M","M","?","?","M","E","M","E","T","?","$","M","$","M","R","B",null,"M","M","M","M"],"character_chosen":"THE_SILENT","items_purchased":["ShirouKen","Bouncing Flask","Underhanded Strike"],"campfire_rested":1,"item_purchase_floors":[11,11,11],"current_hp_per_floor":[69,69,63,63,63,63,63,63,63,63,63,63,63,63,63,33,63,63,59,37,0,0],"gold":512,"neow_bonus":"","is_daily":false,"chose_seed":false,"campfire_upgraded":0,"win_rate":0.0,"timestamp":1611180960,"path_taken":["M","M","?","?","M","E","M","E","T","?","$","M","$","M","R","BOSS","M","M","M","M"],"items_purchased_type":["Relic","Card","Card"],"build_version":"2020-12-22","purchased_purges":1,"victory":false,"max_hp_per_floor":[70,70,63,63,63,63,63,63,63,63,63,63,63,63,63,63,63,63,63,63,63,63],"card_choices":[{"not_picked":["Quick Slash","Bane","Poisoned Stab"],"picked":"SKIP","floor":1},{"not_picked":["Blade Dance","Bouncing Flask"],"picked":"A Thousand Cuts","floor":2},{"not_picked":["Master of Strategy","Impatience"],"picked":"Chrysalis","floor":4},{"not_picked":["Dagger Spray","Cloak And Dagger","hubris:SlightOfHand"],"picked":"SKIP","floor":5},{"not_picked":["Heel Hook","Deadly Poison"],"picked":"Leg Sweep","floor":6},{"not_picked":["Reflex","Malaise","Prepared"],"picked":"SKIP","floor":7},{"not_picked":["Sucker Punch","Setup","Dagger Spray"],"picked":"SKIP","floor":8},{"not_picked":["Bane","Backflip"],"picked":"Noxious Fumes","floor":12},{"not_picked":["Dagger Spray","Deadly Poison","Poisoned Stab"],"picked":"SKIP","floor":14},{"not_picked":["Phantasmal Killer","Storm of Steel"],"picked":"Tools of the Trade","floor":16},{"not_picked":["Dodge and Roll","PiercingWail","Prepared+1"],"picked":"SKIP","floor":18},{"not_picked":["Dagger Throw","Slice"],"picked":"Caltrops+1","floor":19},{"not_picked":["Heel Hook","Bane+1"],"picked":"Predator","floor":20}],"player_experience":1988993,"relics_obtained":[{"floor":6,"key":"infinitespire:CheckeredPen"},{"floor":8,"key":"Mercury Hourglass"},{"floor":9,"key":"hubris:Potato"}],"event_choices":[],"is_beta":false,"boss_relics":[{"not_picked":["Busted Crown","hubris:CrackedHourglass"],"picked":"HoveringKite"}],"items_purged_floors":[13],"is_endless":false,"potions_floor_spawned":[6,7,8,16],"killed_by":"Hallownest:3_Mistakes","ascension_level":0}}