{"host":"ewslc4o3o167ipk9","time":1611181618,"event":{"mods":["BaseMod","Colored Powertips","GifTheSpireLib","HexUI Lib","Minty Spire (QoL Compilation)","Quick Restart","Shop Mod","StSLib","The Bug Knight","The Trickster"],"gold_per_floor":[110,110,110,125,140,174,174,174,226,226,226,304,254,295,295,419,419,439,439,354,375,375,375,390,390,390,424,424,394,24,39,39,39,39],"floor_reached":33,"language":"ENG","playtime":2218,"items_purged":["Defend_R+1"],"score":296,"play_id":"22c055f1-7de2-4341-a133-cf4df00a0c63","local_time":"20210120172658","is_ascension_mode":true,"campfire_choices":[{"floor":10,"key":"REST"},{"data":"Seeing Red","floor":15,"key":"SMITH"},{"data":"Feed","floor":23,"key":"SMITH"},{"floor":25,"key":"REST"},{"floor":32,"key":"REST"}],"circlet_count":0,"master_deck":["Strike_R","Strike_R","Strike_R+1","Strike_R","Strike_R","Seeing Red+1","Perfected Strike","Carnage","Wild Strike","Feed+1","Fiend Fire+1","Seeing Red+1","Flex+1","Infernal Blade","Wild Strike","Twin Strike"],"relics":["Burning Blood","Juzu Bracelet","GremlinMask","Lantern","Orichalcum","Golden Idol","Nunchaku","Astrolabe","Enchiridion","Regal Pillow","InkBottle","Omamori","Matryoshka","Toolbox","Happy Flower"],"acts_visited":["Exordium","TheCity"],"potions_floor_usage":[6,16,24,27,33,33,33],"damage_taken":[{"damage":10,"enemies":"2 Louse","floor":1,"turns":3},{"damage":8,"enemies":"Small Slimes","floor":4,"turns":3},{"damage":0,"enemies":"Cultist","floor":5,"turns":2},{"damage":14,"enemies":"HollowMod:MossKnight","floor":6,"turns":5},{"damage":17,"enemies":"3 Sentries","floor":14,"turns":7},{"damage":30,"enemies":"Slime Boss","floor":16,"turns":11},{"damage":6,"enemies":"3 Byrds","floor":18,"turns":5},{"damage":21,"enemies":"2 Thieves","floor":21,"turns":4},{"damage":18,"enemies":"Snake Plant","floor":24,"turns":3},{"damage":24,"enemies":"HollowMod:Nosk","floor":27,"turns":5},{"damage":37,"enemies":"Cultist and Chosen","floor":31,"turns":5},{"damage":75,"enemies":"Automaton","floor":33,"turns":6}],"seed_played":"4467442065279711711","potions_obtained":[{"floor":5,"key":"Energy Potion"},{"floor":6,"key":"Strength Potion"},{"floor":14,"key":"GamblersBrew"},{"floor":21,"key":"Fire Potion"},{"floor":24,"key":"Explosive Potion"},{"floor":29,"key":"GamblersBrew"},{"floor":29,"key":"SteroidPotion"}],"is_trial":false,"path_per_floor":["M","?","?","M","M","E","?","?","T","R","?","?","?","E","R","B",null,"M","?","?","M","T","R","M","R","T","E","?","?","$","M","R","B"],"character_chosen":"IRONCLAD","items_purchased":["Toolbox","Happy Flower"],"campfire_rested":3,"item_purchase_floors":[30,30],"current_hp_per_floor":[76,76,60,58,64,56,56,44,44,68,68,68,68,57,57,33,74,74,58,58,46,46,46,34,72,72,54,54,54,54,27,66,0,0],"gold":39,"neow_bonus":"THREE_CARDS","is_daily":false,"chose_seed":false,"campfire_upgraded":2,"win_rate":0.0,"timestamp":1611181618,"path_taken":["M","?","?","M","M","E","?","?","T","R","?","?","?","E","R","BOSS","M","?","?","M","?","R","M","R","T","E","?","?","$","M","R","BOSS"],"items_purchased_type":["Relic","Relic"],"build_version":"2020-12-22","purchased_purges":1,"victory":false,"max_hp_per_floor":[80,80,80,80,80,80,80,80,80,80,74,74,74,74,74,74,74,74,74,74,77,77,77,77,77,77,77,77,77,77,81,81,81,81],"card_choices":[{"not_picked":["Headbutt","True Grit"],"picked":"Iron Wave","floor":0},{"not_picked":["Shrug It Off","Twin Strike"],"picked":"Seeing Red","floor":1},{"not_picked":["True Grit","Cleave"],"picked":"Perfected Strike","floor":4},{"not_picked":["Bloodletting","Armaments"],"picked":"Carnage","floor":5},{"not_picked":["Dropkick","Fiend Fire"],"picked":"Wild Strike","floor":6},{"not_picked":["Carnage","Shrug It Off"],"picked":"Headbutt","floor":14},{"not_picked":["Immolate","Bludgeon"],"picked":"Feed","floor":16},{"not_picked":["Armaments+1","Iron Wave"],"picked":"Infernal Blade","floor":18},{"not_picked":["Pummel","Body Slam+1"],"picked":"Wild Strike","floor":21},{"not_picked":["Thunderclap","Inflame"],"picked":"Twin Strike","floor":24},{"not_picked":["Seeing Red","Power Through","Combust"],"picked":"SKIP","floor":27},{"not_picked":["Shrug It Off","True Grit+1","Flex"],"picked":"SKIP","floor":31}],"player_experience":23289,"relics_obtained":[{"floor":6,"key":"Juzu Bracelet"},{"floor":9,"key":"Orichalcum"},{"floor":14,"key":"Nunchaku"},{"floor":19,"key":"Enchiridion"},{"floor":22,"key":"InkBottle"},{"floor":26,"key":"Omamori"},{"floor":27,"key":"Matryoshka"}],"event_choices":[{"cards_removed":["Defend_R"],"damage_healed":0,"gold_gain":0,"player_choice":"Forget","damage_taken":0,"max_hp_gain":0,"max_hp_loss":0,"event_name":"Living Wall","floor":2,"gold_loss":0},{"damage_healed":0,"gold_gain":0,"player_choice":"Entered Light","damage_taken":16,"max_hp_gain":0,"max_hp_loss":0,"event_name":"Shining Light","floor":3,"gold_loss":0,"cards_upgraded":["Strike_R","Defend_R"]},{"damage_healed":0,"gold_gain":0,"player_choice":"Trade","damage_taken":0,"relics_obtained":["GremlinMask"],"max_hp_gain":0,"max_hp_loss":0,"event_name":"FaceTrader","floor":7,"gold_loss":0},{"damage_healed":0,"gold_gain":0,"player_choice":"Success","damage_taken":12,"relics_obtained":["Lantern"],"max_hp_gain":0,"max_hp_loss":0,"event_name":"Scrap Ooze","floor":8,"gold_loss":0},{"damage_healed":0,"gold_gain":0,"player_choice":"Lose Max HP","damage_taken":0,"relics_obtained":["Golden Idol"],"max_hp_gain":0,"max_hp_loss":6,"event_name":"Golden Idol","floor":11,"gold_loss":0},{"damage_healed":0,"gold_gain":78,"player_choice":"Gained Gold","damage_taken":0,"max_hp_gain":0,"max_hp_loss":0,"event_name":"Golden Wing","floor":12,"gold_loss":0},{"cards_removed":["Bash"],"damage_healed":0,"gold_gain":0,"player_choice":"Card Removal","damage_taken":0,"max_hp_gain":0,"max_hp_loss":0,"event_name":"The Cleric","floor":13,"gold_loss":50},{"damage_healed":0,"gold_gain":0,"player_choice":"Obtained Book","damage_taken":16,"max_hp_gain":0,"max_hp_loss":0,"event_name":"Cursed Tome","floor":19,"gold_loss":0},{"damage_healed":0,"gold_gain":0,"player_choice":"Obtained Relic","damage_taken":0,"relics_obtained":["Regal Pillow"],"max_hp_gain":0,"max_hp_loss":0,"event_name":"Addict","floor":20,"gold_loss":85},{"cards_removed":["Headbutt"],"damage_healed":0,"gold_gain":0,"player_choice":"Purged","damage_taken":0,"max_hp_gain":0,"max_hp_loss":0,"event_name":"Purifier","floor":28,"gold_loss":0},{"damage_healed":0,"gold_gain":0,"player_choice":"Bought 2 Potions","damage_taken":0,"max_hp_gain":0,"max_hp_loss":0,"event_name":"The Woman in Blue","floor":29,"gold_loss":0}],"is_beta":false,"boss_relics":[{"not_picked":["Velvet Choker","Busted Crown"],"picked":"Astrolabe"}],"items_purged_floors":[30],"is_endless":false,"potions_floor_spawned":[5,6,14,21,24,31],"killed_by":"Automaton","ascension_level":2}}