{"host":"zj59u6rib3fz4c79","time":1611112121,"event":{"mods":["AchievementEnabler","BaseMod","Colored Map","Colored Powertips","Highlight Path","Minty Spire (QoL Compilation)","StSLib"],"gold_per_floor":[110,124,124,144,162,176,196,196,244,258,268,268,298,72,72,177,177,187,197,97,125,125,125],"floor_reached":22,"language":"ENG","playtime":2058,"items_purged":["Strike_B","Defend_B"],"score":200,"play_id":"004ff7af-4780-4a8a-9d95-4a62fbbd21d7","local_time":"20210119210841","is_ascension_mode":true,"campfire_choices":[{"floor":8,"key":"RECALL"},{"data":"Go for the Eyes","floor":12,"key":"SMITH"},{"data":"All For One","floor":15,"key":"SMITH"}],"circlet_count":0,"master_deck":["Strike_B","Strike_B","Defend_B","Defend_B","Defend_B","Zap","Dualcast","Ball Lightning","Streamline","All For One+1","Gash","Self Repair","Seek","Go for the Eyes+1","FTL","Beam Cell","Beam Cell+1","Go for the Eyes"],"relics":["Cracked Core","NeowsBlessing","Boot","Lee\u0027s Waffle","SlaversCollar","Red Mask"],"acts_visited":["Exordium","TheCity"],"potions_floor_usage":[11],"damage_taken":[{"damage":0,"enemies":"Small Slimes","floor":1,"turns":1},{"damage":0,"enemies":"Cultist","floor":2,"turns":1},{"damage":0,"enemies":"Jaw Worm","floor":4,"turns":1},{"damage":8,"enemies":"Large Slime","floor":5,"turns":4},{"damage":5,"enemies":"Looter","floor":6,"turns":3},{"damage":16,"enemies":"Lots of Slimes","floor":7,"turns":3},{"damage":11,"enemies":"Exordium Wildlife","floor":10,"turns":4},{"damage":19,"enemies":"Exordium Thugs","floor":11,"turns":5},{"damage":26,"enemies":"Gremlin Nob","floor":13,"turns":4},{"damage":35,"enemies":"Hexaghost","floor":16,"turns":7},{"damage":36,"enemies":"2 Thieves","floor":18,"turns":4},{"damage":20,"enemies":"Spheric Guardian","floor":19,"turns":4},{"damage":28,"enemies":"Masked Bandits","floor":21,"turns":4},{"damage":19,"enemies":"3 Cultists","floor":22,"turns":3}],"seed_played":"7487191769939193128","potions_obtained":[{"floor":2,"key":"Dexterity Potion"},{"floor":4,"key":"Energy Potion"},{"floor":7,"key":"Regen Potion"},{"floor":10,"key":"Energy Potion"},{"floor":13,"key":"PowerPotion"},{"floor":16,"key":"SkillPotion"}],"is_trial":false,"path_per_floor":["M","M","?","M","M","M","M","R","T","M","M","R","E","$","R","B",null,"M","M","$","?","M"],"character_chosen":"DEFECT","items_purchased":["Lee\u0027s Waffle"],"campfire_rested":0,"item_purchase_floors":[14],"current_hp_per_floor":[75,75,75,75,67,62,53,53,53,49,51,51,32,82,82,54,82,53,40,40,19,0,0],"gold":125,"neow_bonus":"THREE_ENEMY_KILL","is_daily":false,"chose_seed":false,"campfire_upgraded":2,"win_rate":0.0,"timestamp":1611112121,"path_taken":["M","M","?","M","M","M","M","R","T","M","M","R","E","$","R","BOSS","M","M","?","?","M"],"items_purchased_type":["Relic"],"build_version":"2020-12-22","purchased_purges":2,"victory":false,"max_hp_per_floor":[75,75,75,75,75,75,75,75,75,75,75,75,75,82,82,82,82,82,82,82,82,82,82],"card_choices":[{"not_picked":["Rebound","Chill"],"picked":"Ball Lightning","floor":1},{"not_picked":["Rebound","Ball Lightning"],"picked":"Streamline","floor":2},{"not_picked":["Reinforced Body","Skim"],"picked":"Gash","floor":4},{"not_picked":["Hologram","Sweeping Beam","Genetic Algorithm"],"picked":"SKIP","floor":5},{"not_picked":["Storm","Barrage"],"picked":"Self Repair","floor":6},{"not_picked":["Turbo","Barrage"],"picked":"Seek","floor":7},{"not_picked":["Coolheaded","Melter","Sweeping Beam"],"picked":"SKIP","floor":10},{"not_picked":["Darkness","Hologram"],"picked":"Go for the Eyes","floor":11},{"not_picked":["BootSequence","Sweeping Beam"],"picked":"FTL","floor":13},{"not_picked":["Barrage+1","Genetic Algorithm+1"],"picked":"Beam Cell","floor":18},{"not_picked":["Rebound+1","Leap"],"picked":"Beam Cell+1","floor":19},{"not_picked":["Stack","Streamline"],"picked":"Go for the Eyes","floor":21}],"player_experience":54507,"relics_obtained":[{"floor":13,"key":"Boot"},{"floor":21,"key":"Red Mask"}],"event_choices":[{"damage_healed":0,"gold_gain":0,"cards_transformed":["Strike_B"],"player_choice":"Transformed","damage_taken":0,"max_hp_gain":0,"max_hp_loss":0,"event_name":"Transmorgrifier","floor":3,"gold_loss":0,"cards_obtained":["All For One"]},{"damage_healed":0,"gold_gain":0,"player_choice":"Fought Bandits","damage_taken":0,"max_hp_gain":0,"max_hp_loss":0,"event_name":"Masked Bandits","floor":21,"gold_loss":0}],"is_beta":false,"boss_relics":[{"not_picked":["Runic Pyramid","Empty Cage"],"picked":"SlaversCollar"}],"items_purged_floors":[14,20],"is_endless":false,"potions_floor_spawned":[2,4,7,10,13,16,18,21],"killed_by":"3 Cultists","ascension_level":1}}