{"host":"a9gsz7kv8aebwp1f","time":1611132277,"event":{"mods":["AchievementEnabler","BaseMod","Minty Spire (QoL Compilation)"],"gold_per_floor":[110,127,127,127,142,142,155,105,105,105,119,119,144,168,168,289,289,307,323,323,323,323],"floor_reached":21,"language":"KOR","playtime":756,"items_purged":[],"score":268,"play_id":"2e302e5d-ce08-4fcb-9f1d-e055b1d6b7c1","local_time":"20210120174437","is_ascension_mode":true,"campfire_choices":[{"data":"Barricade","floor":6,"key":"SMITH"},{"data":"Body Slam","floor":10,"key":"SMITH"},{"floor":12,"key":"REST"},{"data":"Armaments","floor":15,"key":"SMITH"}],"circlet_count":0,"master_deck":["AscendersBane","Strike_R","Strike_R","Strike_R","Strike_R","Strike_R","Defend_R","Defend_R","Defend_R","Defend_R","Bash","Barricade+1","Cleave","Cleave","Shrug It Off","Body Slam+1","Immolate","Metallicize","Armaments+1","Feed","Sword Boomerang","Thunderclap+1"],"relics":["Burning Blood","Art of War","Golden Idol","Meat on the Bone","Philosopher\u0027s Stone"],"acts_visited":["Exordium","TheCity"],"potions_floor_usage":[14],"damage_taken":[{"damage":10,"enemies":"Small Slimes","floor":1,"turns":3},{"damage":8,"enemies":"2 Louse","floor":2,"turns":2},{"damage":6,"enemies":"Cultist","floor":5,"turns":3},{"damage":28,"enemies":"Exordium Wildlife","floor":7,"turns":5},{"damage":13,"enemies":"Looter","floor":11,"turns":4},{"damage":18,"enemies":"3 Louse","floor":13,"turns":3},{"damage":1,"enemies":"2 Fungi Beasts","floor":14,"turns":2},{"damage":28,"enemies":"The Guardian","floor":16,"turns":13},{"damage":26,"enemies":"3 Byrds","floor":18,"turns":4},{"damage":30,"enemies":"Spheric Guardian","floor":19,"turns":6},{"damage":47,"enemies":"Centurion and Healer","floor":21,"turns":5}],"seed_played":"-7636427539986727550","potions_obtained":[{"floor":1,"key":"BloodPotion"},{"floor":7,"key":"Dexterity Potion"},{"floor":14,"key":"SkillPotion"},{"floor":20,"key":"Dexterity Potion"},{"floor":20,"key":"DuplicationPotion"}],"is_trial":false,"path_per_floor":["M","M","?","?","M","R","M","?","T","R","M","R","M","M","R","B",null,"M","M","?","M"],"character_chosen":"IRONCLAD","items_purchased":[],"campfire_rested":1,"item_purchase_floors":[],"current_hp_per_floor":[68,66,66,46,46,46,24,24,24,24,29,53,53,74,74,52,73,53,41,41,0,0],"gold":323,"neow_bonus":"ONE_RANDOM_RARE_CARD","is_daily":false,"chose_seed":false,"campfire_upgraded":3,"win_rate":0.0,"timestamp":1611132277,"path_taken":["M","M","?","?","M","R","M","?","T","R","M","R","M","M","R","BOSS","M","M","?","?"],"items_purchased_type":[],"build_version":"2020-12-22","purchased_purges":0,"victory":false,"max_hp_per_floor":[80,80,80,80,80,80,80,80,80,80,80,80,80,80,80,80,80,80,80,80,80,80],"card_choices":[{"not_picked":["Rampage","Ghostly Armor"],"picked":"Cleave","floor":1},{"not_picked":["Clothesline","Warcry"],"picked":"Cleave","floor":2},{"not_picked":["Whirlwind","Warcry"],"picked":"Shrug It Off","floor":5},{"not_picked":["Seeing Red","Perfected Strike"],"picked":"Body Slam","floor":7},{"not_picked":["Sword Boomerang","Iron Wave"],"picked":"Immolate","floor":11},{"not_picked":["Rupture","Ghostly Armor"],"picked":"Metallicize","floor":13},{"not_picked":["Wild Strike","Carnage"],"picked":"Armaments","floor":14},{"not_picked":["Immolate","Limit Break"],"picked":"Feed","floor":16},{"not_picked":["Pommel Strike","Burning Pact+1"],"picked":"Sword Boomerang","floor":18},{"not_picked":["Anger+1","Heavy Blade"],"picked":"Thunderclap+1","floor":19}],"player_experience":451547,"relics_obtained":[{"floor":9,"key":"Meat on the Bone"}],"event_choices":[{"damage_healed":0,"gold_gain":0,"player_choice":"Box","damage_taken":0,"relics_obtained":["Art of War"],"max_hp_gain":0,"max_hp_loss":0,"event_name":"Big Fish","floor":3,"gold_loss":0,"cards_obtained":["Regret"]},{"damage_healed":0,"gold_gain":0,"player_choice":"Take Damage","damage_taken":20,"relics_obtained":["Golden Idol"],"max_hp_gain":0,"max_hp_loss":0,"event_name":"Golden Idol","floor":4,"gold_loss":0},{"cards_removed":["Regret"],"damage_healed":0,"gold_gain":0,"player_choice":"Card Removal","damage_taken":0,"max_hp_gain":0,"max_hp_loss":0,"event_name":"The Cleric","floor":8,"gold_loss":50},{"damage_healed":0,"gold_gain":0,"player_choice":"Got Potions","damage_taken":0,"max_hp_gain":0,"max_hp_loss":0,"event_name":"Lab","floor":20,"gold_loss":0}],"is_beta":false,"boss_relics":[{"not_picked":["Velvet Choker","Snecko Eye"],"picked":"Philosopher\u0027s Stone"}],"items_purged_floors":[],"is_endless":false,"potions_floor_spawned":[1,7,14,19],"killed_by":"Centurion and Healer","ascension_level":11}}