{"host":"fxrgx7wt2cpkbhka","time":1611114468,"event":{"mods":["AchievementEnabler","BaseMod","Colored Powertips","Minty Spire (QoL Compilation)","Permanent Neow","Slay-I","StSLib","Waifu the Spire"],"gold_per_floor":[109,109,39,108,108,108,137,137,137,155,166,230,230,248,248,248,248],"floor_reached":16,"language":"ENG","playtime":379,"items_purged":[],"score":142,"play_id":"354225b2-14b0-4ad0-93a7-8546197d1298","local_time":"20210119194748","is_ascension_mode":true,"campfire_choices":[{"data":"Backstab","floor":6,"key":"SMITH"},{"data":"Finisher","floor":8,"key":"SMITH"},{"floor":13,"key":"REST"},{"data":"Neutralize","floor":15,"key":"SMITH"}],"circlet_count":0,"master_deck":["Strike_G","Strike_G","Strike_G","Strike_G","Strike_G","Defend_G","Defend_G","Defend_G","Defend_G","Defend_G","Survivor","Neutralize+1","Glass Knife+1","Deadly Poison","Backstab+1","Finisher+1","Poisoned Stab","Bane","Backflip"],"relics":["Ring of the Snake","MealTicket","Turnip","White Beast Statue"],"acts_visited":["Exordium"],"potions_floor_usage":[12,16],"damage_taken":[{"damage":0,"enemies":"Cultist","floor":1,"turns":4},{"damage":38,"enemies":"Lagavulin","floor":7,"turns":8},{"damage":0,"enemies":"Jaw Worm","floor":10,"turns":1},{"damage":0,"enemies":"Small Slimes","floor":11,"turns":2},{"damage":25,"enemies":"Lagavulin Event","floor":12,"turns":5},{"damage":0,"enemies":"3 Louse","floor":14,"turns":3},{"damage":28,"enemies":"Hexaghost","floor":16,"turns":9}],"seed_played":"-3378613408025982077","potions_obtained":[{"floor":10,"key":"Dexterity Potion"},{"floor":14,"key":"DistilledChaos"}],"is_trial":false,"path_per_floor":["M","?","$","?","?","R","E","R","T","M","M","?","R","M","R","B"],"character_chosen":"THE_SILENT","items_purchased":["Backstab"],"campfire_rested":1,"item_purchase_floors":[3],"current_hp_per_floor":[63,68,68,68,68,68,30,30,30,30,30,5,27,27,27,0,0],"gold":248,"neow_bonus":"ONE_RANDOM_RARE_CARD","is_daily":false,"chose_seed":false,"campfire_upgraded":3,"win_rate":0.0,"timestamp":1611114468,"path_taken":["M","?","$","?","?","R","E","R","T","M","M","?","R","M","R","BOSS"],"items_purchased_type":["Card"],"build_version":"2020-12-22","purchased_purges":0,"victory":false,"max_hp_per_floor":[70,75,75,75,75,75,75,75,75,75,75,75,75,75,75,75,75],"card_choices":[{"not_picked":["PiercingWail","Dagger Throw"],"picked":"Deadly Poison","floor":1},{"not_picked":["Dodge and Roll","Quick Slash"],"picked":"Finisher","floor":7},{"not_picked":["Escape Plan","Deflect","Dagger Throw"],"picked":"SKIP","floor":10},{"not_picked":["Outmaneuver","Backflip"],"picked":"Poisoned Stab","floor":11},{"not_picked":["Leg Sweep","Dagger Spray"],"picked":"Bane","floor":12},{"not_picked":["Deadly Poison","Setup"],"picked":"Backflip","floor":14}],"player_experience":714868,"relics_obtained":[{"floor":7,"key":"MealTicket"},{"floor":9,"key":"Turnip"},{"floor":12,"key":"White Beast Statue"}],"event_choices":[{"damage_healed":0,"gold_gain":0,"player_choice":"Donut","damage_taken":0,"max_hp_gain":5,"max_hp_loss":0,"event_name":"Big Fish","floor":2,"gold_loss":0},{"damage_healed":0,"gold_gain":69,"player_choice":"Gained Gold","damage_taken":0,"max_hp_gain":0,"max_hp_loss":0,"event_name":"Golden Wing","floor":4,"gold_loss":0},{"damage_healed":0,"gold_gain":0,"player_choice":"Grow","damage_taken":0,"max_hp_gain":0,"max_hp_loss":0,"event_name":"Living Wall","floor":5,"gold_loss":0,"cards_upgraded":["Glass Knife"]},{"damage_healed":0,"gold_gain":0,"player_choice":"Searched \u00272\u0027 times","damage_taken":0,"max_hp_gain":0,"max_hp_loss":0,"event_name":"Dead Adventurer","floor":12,"gold_loss":0}],"is_beta":false,"boss_relics":[],"items_purged_floors":[],"is_endless":false,"potions_floor_spawned":[10,14],"killed_by":"Hexaghost","ascension_level":9}}