{"host":"i4yzoangb31cseo0","time":1611149653,"event":{"mods":["AchievementEnabler","BaseMod","Colored Powertips","Curses Come First","Downfall","Hermit","Minty Spire (QoL Compilation)","StSLib","The Cursed","The Necromancer","The Senshi"],"gold_per_floor":[417,35,54,74,74,74,74,94,117,117,13,57,75,75,75,201,201,219,6,6,24,45,78,78,78,151,151,111,1,20,36,36,159,159,175,199,532,288,288,313,313,346,369,369,380,406,6,20,20,20],"floor_reached":51,"language":"ENG","playtime":3418,"items_purged":["Defend_B","Strike_B"],"score":853,"play_id":"64cee494-44dc-44f0-b239-e39111e0e01f","local_time":"20210121000413","is_ascension_mode":false,"campfire_choices":[{"floor":6,"key":"REST"},{"data":"Flash of Steel","floor":10,"key":"SMITH"},{"data":"FTL","floor":15,"key":"SMITH"},{"data":"Dualcast","floor":24,"key":"SMITH"},{"floor":27,"key":"REST"},{"data":"Lockon","floor":32,"key":"SMITH"},{"floor":41,"key":"REST"},{"floor":44,"key":"REST"},{"data":"White Noise","floor":49,"key":"SMITH"}],"circlet_count":0,"master_deck":["Strike_B","Defend_B","Defend_B","Zap+1","Dualcast+1","Rebound","Loop+1","Flash of Steel+1","Conserve Battery","Hello World+1","Conserve Battery","Storm+1","Melter","FTL+1","BootSequence","Electrodynamics+1","Electrodynamics+1","FTL+1","Reinforced Body+1","Heatsinks+1","Gash+1","Melter","Scrape+1","Streamline","Storm+1","Lockon+1","Self Repair+1","Biased Cognition+1","Skim+1","Gash","Redo","Gash","Loop+1","White Noise+1","Turbo+1","Defragment+1","Panache+1","Heatsinks+1"],"relics":["Cracked Core","Old Coin","Membership Card","Frozen Egg 2","Omamori","Happy Flower","Astrolabe","Medical Kit","PreservedInsect","Nunchaku","MutagenicStrength","Ornamental Fan","OrangePellets","theSenshi:SailorFukuRelic","Bag of Marbles","Potion Belt","Calipers","Oddly Smooth Stone","Strawberry","Lantern","Bird Faced Urn"],"acts_visited":["Exordium","TheCity","TheBeyond"],"potions_floor_usage":[12,33,33,33,40,40,50],"damage_taken":[{"damage":0,"enemies":"Small Slimes","floor":1,"turns":3},{"damage":0,"enemies":"Jaw Worm","floor":3,"turns":3},{"damage":0,"enemies":"2 Louse","floor":4,"turns":3},{"damage":9,"enemies":"Gremlin Gang","floor":8,"turns":3},{"damage":3,"enemies":"Gremlin Nob","floor":12,"turns":3},{"damage":5,"enemies":"2 Fungi Beasts","floor":13,"turns":3},{"damage":0,"enemies":"Slime Boss","floor":16,"turns":7},{"damage":5,"enemies":"2 Thieves","floor":18,"turns":2},{"damage":0,"enemies":"Chosen","floor":21,"turns":3},{"damage":0,"enemies":"3 Cultists","floor":22,"turns":2},{"damage":13,"enemies":"Book of Stabbing","floor":23,"turns":3},{"damage":0,"enemies":"Centurion and Healer","floor":30,"turns":3},{"damage":0,"enemies":"Snecko","floor":31,"turns":2},{"damage":19,"enemies":"Automaton","floor":33,"turns":6},{"damage":17,"enemies":"3 Shapes","floor":35,"turns":3},{"damage":8,"enemies":"3 Darklings","floor":36,"turns":4},{"damage":23,"enemies":"Giant Head","floor":40,"turns":6},{"damage":20,"enemies":"Nemesis","floor":42,"turns":5},{"damage":27,"enemies":"Jaw Worm Horde","floor":45,"turns":2},{"damage":0,"enemies":"Reptomancer","floor":46,"turns":5},{"damage":0,"enemies":"Sphere and 2 Shapes","floor":48,"turns":2},{"damage":85,"enemies":"Time Eater","floor":50,"turns":9}],"seed_played":"-4774133239186852515","potions_obtained":[{"floor":3,"key":"sneckomod:MuddlingPotion"},{"floor":4,"key":"Explosive Potion"},{"floor":16,"key":"DuplicationPotion"},{"floor":21,"key":"champ:CounterPotion"},{"floor":23,"key":"BlessingOfTheForge"},{"floor":35,"key":"Weak Potion"},{"floor":36,"key":"AttackPotion"},{"floor":48,"key":"SneckoOil"}],"is_trial":false,"path_per_floor":["M","$","M","M","?","R","?","M","T","R","$","E","M","?","R","B",null,"M","$","?","M","M","E","R","?","T","R","?","$","M","M","R","B",null,"M","M","?","$","?","E","R","E","T","R","M","E","$","M","R","B",null],"character_chosen":"DEFECT","items_purchased":["Membership Card","Frozen Egg 2","Loop+1","Flash of Steel","Conserve Battery","Storm+1","Melter","FTL","Medical Kit","PreservedInsect","Gash","Melter","OrangePellets","Lockon","Redo","Gash","theSenshi:SailorFukuRelic","Bag of Marbles","Lantern","Bird Faced Urn","Panache+1","Heatsinks+1"],"campfire_rested":4,"item_purchase_floors":[2,2,2,2,2,11,11,11,19,19,19,19,29,29,38,38,38,38,47,47,47,47],"current_hp_per_floor":[68,68,68,68,51,68,68,59,59,59,59,56,51,51,51,51,68,63,63,63,63,63,50,50,50,50,68,68,68,68,68,68,59,68,61,63,63,63,63,50,68,48,48,68,41,58,58,75,75,18],"gold":20,"neow_bonus":"ONE_RARE_RELIC","is_daily":false,"chose_seed":false,"campfire_upgraded":5,"win_rate":0.0,"timestamp":1611149653,"path_taken":["M","$","M","M","?","R","?","M","T","R","$","E","M","?","R","BOSS","M","$","?","M","M","E","R","?","T","R","?","$","?","M","R","BOSS","M","?","?","$","?","E","R","E","T","R","M","E","$","M","R","BOSS"],"items_purchased_type":["Relic","Relic","Card","Card","Card","Card","Card","Card","Relic","Relic","Card","Card","Relic","Card","Card","Card","Relic","Relic","Relic","Relic","Card","Card"],"build_version":"2020-12-22","purchased_purges":2,"victory":true,"max_hp_per_floor":[68,68,68,68,68,68,68,68,68,68,68,68,68,68,68,68,68,68,68,68,68,68,68,68,68,68,68,68,68,68,68,68,68,68,68,68,68,68,68,68,68,68,68,68,68,75,75,75,75,75],"card_choices":[{"not_picked":["Coolheaded","Scrape"],"picked":"Rebound","floor":1},{"not_picked":["BootSequence","Redo"],"picked":"Hello World+1","floor":3},{"not_picked":["Cold Snap","Barrage"],"picked":"FTL","floor":4},{"not_picked":["Hello World+1","Go for the Eyes"],"picked":"Conserve Battery","floor":8},{"not_picked":["Rip and Tear","Steam","Cold Snap"],"picked":"SKIP","floor":12},{"not_picked":["Chill","Beam Cell"],"picked":"BootSequence","floor":13},{"not_picked":["Meteor Strike","Creative AI+1"],"picked":"Electrodynamics+1","floor":16},{"not_picked":["Compile Driver+1","Stack"],"picked":"Heatsinks+1","floor":18},{"not_picked":["Defragment+1","Streamline"],"picked":"Scrape+1","floor":21},{"not_picked":["Coolheaded","Chill"],"picked":"Streamline","floor":22},{"not_picked":["Hologram","Steam"],"picked":"Storm+1","floor":23},{"not_picked":["Static Discharge+1","Turbo"],"picked":"Self Repair+1","floor":30},{"not_picked":["Reinforced Body","Compile Driver","Blizzard"],"picked":"SKIP","floor":31},{"not_picked":["Electrodynamics+1","Amplify"],"picked":"Biased Cognition+1","floor":33},{"not_picked":["Streamline","Hologram"],"picked":"Skim+1","floor":35},{"not_picked":["Loop+1","Steam"],"picked":"Gash","floor":36},{"not_picked":["Turbo+1","Fusion+1"],"picked":"Loop+1","floor":40},{"not_picked":["BootSequence","Gash"],"picked":"White Noise","floor":42},{"not_picked":["Cold Snap","Recycle+1"],"picked":"Turbo+1","floor":45},{"not_picked":["Redo+1","Hologram"],"picked":"Defragment+1","floor":46},{"not_picked":["Steam+1","Sweeping Beam","Cold Snap+1"],"picked":"SKIP","floor":48}],"player_experience":135013,"relics_obtained":[{"floor":9,"key":"Omamori"},{"floor":12,"key":"Happy Flower"},{"floor":23,"key":"Nunchaku"},{"floor":26,"key":"Ornamental Fan"},{"floor":40,"key":"Potion Belt"},{"floor":42,"key":"Calipers"},{"floor":43,"key":"Oddly Smooth Stone"},{"floor":46,"key":"Strawberry"}],"event_choices":[{"damage_healed":0,"gold_gain":0,"player_choice":"Take Damage","damage_taken":17,"relics_obtained":["Golden Idol"],"max_hp_gain":0,"max_hp_loss":0,"event_name":"Golden Idol","floor":5,"gold_loss":0},{"damage_healed":0,"gold_gain":0,"player_choice":"Grow","damage_taken":0,"max_hp_gain":0,"max_hp_loss":0,"event_name":"Living Wall","floor":7,"gold_loss":0,"cards_upgraded":["Zap"]},{"damage_healed":0,"gold_gain":0,"player_choice":"Ignored","damage_taken":0,"max_hp_gain":0,"max_hp_loss":0,"event_name":"Liars Game","floor":14,"gold_loss":0},{"damage_healed":0,"gold_gain":0,"player_choice":"Ignored","damage_taken":0,"max_hp_gain":0,"max_hp_loss":0,"event_name":"Ghosts","floor":20,"gold_loss":0},{"damage_healed":0,"gold_gain":0,"player_choice":"Inject Mutagens","damage_taken":0,"relics_obtained":["MutagenicStrength"],"max_hp_gain":0,"max_hp_loss":0,"event_name":"Drug Dealer","floor":25,"gold_loss":0},{"damage_healed":0,"gold_gain":0,"player_choice":"Upgrade","damage_taken":0,"max_hp_gain":0,"max_hp_loss":0,"event_name":"Designer","floor":28,"gold_loss":40,"cards_upgraded":["Gash"]},{"damage_healed":0,"gold_gain":333,"player_choice":"Gave Idol","damage_taken":0,"max_hp_gain":0,"max_hp_loss":0,"event_name":"The Moai Head","floor":37,"relics_lost":["Golden Idol"],"gold_loss":0},{"cards_removed":["FTL"],"damage_healed":0,"gold_gain":0,"player_choice":"Removed Attack","damage_taken":0,"max_hp_gain":0,"max_hp_loss":0,"event_name":"Falling","floor":39,"gold_loss":0}],"is_beta":false,"boss_relics":[{"not_picked":["Snecko Eye","Fusion Hammer"],"picked":"Astrolabe"},{"not_picked":["Coffee Dripper","Sozu","bronze:MakeshiftBattery"]}],"items_purged_floors":[38,47],"is_endless":false,"potions_floor_spawned":[3,4,16,21,23,35,36,48],"ascension_level":0}}