{"host":"fq1bpa5mgr3rtgnr","time":1611130601,"event":{"mods":["AchievementEnabler","BaseMod","Colored Map","Colored Powertips","Duelist Mod","Highlight Path","Minty Spire (QoL Compilation)","Relic Stats","StSLib"],"gold_per_floor":[140,140,151,165,115,115,144,158,158,158,258,269,287,287,287,390,390,404,417,417,433,443,470,470,480,480,36,55,55,155,172,172,271,271,283,283,283,283,293,293,326,80,80,95,95,107,107,123,123,123,123,123,5,31,31],"floor_reached":56,"language":"ENG","playtime":6660,"items_purged":["theDuelist:CastleWalls","theDuelist:Sparks"],"score":1176,"play_id":"63d12efb-c861-499c-bb0a-dc5f1cb0fc8f","local_time":"20210120031641","is_ascension_mode":false,"campfire_choices":[{"data":"theDuelist:ClearKuriboh","floor":6.0,"key":"SMITH"},{"data":"theDuelist:ClearKuriboh+1","floor":10.0,"key":"SMITH"},{"data":"theDuelist:ScrapFactory","floor":15.0,"key":"SMITH"},{"data":"theDuelist:MiraculousDescent","floor":24.0,"key":"SMITH"},{"data":"theDuelist:BerserkerCrush+1","floor":32.0,"key":"SMITH"},{"data":"theDuelist:RainbowOverdragon","floor":40.0,"key":"SMITH"},{"data":"theDuelist:RainbowOverdragon","floor":47.0,"key":"SMITH"},{"floor":49.0,"key":"RECALL"},{"data":"theDuelist:HappyLover","floor":52.0,"key":"SMITH"}],"circlet_count":0,"master_deck":["theDuelist:Tuningware","theDuelist:Tuningware+1","theDuelist:MagnumShield+1","theDuelist:BeaverWarrior","theDuelist:CastleWalls+1","theDuelist:FusionFire","theDuelist:HappyLover","theDuelist:RainbowNeos+1","theDuelist:Tuningware+1","theDuelist:DeltaMagnet","theDuelist:RainbowOverdragon+1","theDuelist:BeaverWarrior","theDuelist:LightningBlade+1","theDuelist:ImperialOrder+1","theDuelist:ScrapFactory+1","theDuelist:ClearKuriboh+2","theDuelist:MiraculousDescent+1","theDuelist:YamiForm+1","theDuelist:InfernoFireBlast","theDuelist:FeatherShot+1","theDuelist:BerserkerCrush+2","theDuelist:Sparks","theDuelist:FinalFlame","theDuelist:RainbowOverdragon+1","theDuelist:ScrapFactory+1","theDuelist:GiantSoldier+1","theDuelist:PsychicShockwave+1","theDuelist:HappyLover+1","theDuelist:GiantSoldier","theDuelist:SangaEarth","theDuelist:ImperialOrder","theDuelist:ElectromagneticShield","theDuelist:GravityAxe","theDuelist:FusionFire+1"],"relics":["theDuelist:MillenniumPuzzle","theDuelist:CardPoolRelic","theDuelist:CardPoolBasicRelic","theDuelist:BoosterPackPoolRelic","theDuelist:CardPoolAddRelic","theDuelist:CardPoolMinusRelic","theDuelist:CardPoolSaveRelic","theDuelist:CardPoolOptionsRelic","NeowsBlessing","theDuelist:DuelistTeaSet","theDuelist:MillenniumKey","theDuelist:ElectricBurst","White Beast Statue","War Paint","Toolbox","theDuelist:SpellMaxHPRelic","Self Forming Clay","Philosopher\u0027s Stone","Toxic Egg 2","Nunchaku","Mummified Hand","TungstenRod"],"acts_visited":["Exordium","TheCity","TheBeyond","TheEnding"],"potions_floor_usage":[54,54,55],"damage_taken":[{"damage":0.0,"enemies":"Small Slimes","floor":1.0,"turns":2.0},{"damage":0.0,"enemies":"Cultist","floor":3.0,"turns":1.0},{"damage":0.0,"enemies":"Jaw Worm","floor":4.0,"turns":1.0},{"damage":16.0,"enemies":"Gremlin Nob","floor":7.0,"turns":5.0},{"damage":5.0,"enemies":"Looter","floor":8.0,"turns":3.0},{"damage":0.0,"enemies":"Exordium Thugs","floor":12.0,"turns":2.0},{"damage":2.0,"enemies":"Large Slime","floor":13.0,"turns":3.0},{"damage":9.0,"enemies":"Hexaghost","floor":16.0,"turns":5.0},{"damage":0.0,"enemies":"Shell Parasite","floor":18.0,"turns":3.0},{"damage":0.0,"enemies":"Chosen","floor":19.0,"turns":2.0},{"damage":0.0,"enemies":"Centurion and Healer","floor":21.0,"turns":3.0},{"damage":5.0,"enemies":"Cultist and Chosen","floor":22.0,"turns":4.0},{"damage":1.0,"enemies":"theDuelist:KaibaA2","floor":23.0,"turns":3.0},{"damage":0.0,"enemies":"Snake Plant","floor":25.0,"turns":2.0},{"damage":7.0,"enemies":"Centurion and Healer","floor":28.0,"turns":4.0},{"damage":1.0,"enemies":"Colosseum Slavers","floor":30.0,"turns":3.0},{"damage":0.0,"enemies":"Colosseum Nobs","floor":30.0,"turns":3.0},{"damage":0.0,"enemies":"Shelled Parasite and Fungi","floor":31.0,"turns":1.0},{"damage":0.0,"enemies":"Automaton","floor":33.0,"turns":7.0},{"damage":0.0,"enemies":"Orb Walker","floor":35.0,"turns":3.0},{"damage":0.0,"enemies":"3 Darklings","floor":39.0,"turns":3.0},{"damage":15.0,"enemies":"Nemesis","floor":41.0,"turns":6.0},{"damage":0.0,"enemies":"Maw","floor":44.0,"turns":3.0},{"damage":0.0,"enemies":"Jaw Worm Horde","floor":46.0,"turns":1.0},{"damage":0.0,"enemies":"Sphere and 2 Shapes","floor":48.0,"turns":2.0},{"damage":21.0,"enemies":"Awakened One","floor":50.0,"turns":8.0},{"damage":5,"enemies":"Shield and Spear","floor":54,"turns":9},{"damage":9,"enemies":"The Heart","floor":55,"turns":10}],"seed_played":"1864790390217905565","potions_obtained":[{"floor":1.0,"key":"theDuelist:WhiteBottle"},{"floor":4.0,"key":"PowerPotion"},{"floor":8.0,"key":"EssenceOfDarkness"},{"floor":19.0,"key":"SpeedPotion"},{"floor":28.0,"key":"LiquidMemories"},{"floor":30.0,"key":"SmokeBomb"},{"floor":31.0,"key":"theDuelist:FusionPotion"},{"floor":33.0,"key":"theDuelist:FireBottle"},{"floor":35.0,"key":"Energy Potion"},{"floor":39.0,"key":"theDuelist:IcePotion"},{"floor":44.0,"key":"theDuelist:EarthBottle"},{"floor":46.0,"key":"theDuelist:TokenPotionB"},{"floor":48.0,"key":"theDuelist:SummonArmorPotion"},{"floor":54,"key":"theDuelist:BurningPotion"}],"is_trial":false,"path_per_floor":["M","?","M","M","?","R","E","M","T","R","?","M","M","?","R","B",null,"M","M","?","M","M","E","R","M","T","$","M","$","?","M","R","B",null,"M","?","?","?","M","R","E","$","T","M","?","M","R","M","R","B",null,"R","$","E","B",null],"character_chosen":"THE_DUELIST","items_purchased":["War Paint","theDuelist:ElectromagneticShield","Toolbox","Nunchaku","theDuelist:MagnumShield+1","theDuelist:SealedPackC"],"campfire_rested":0,"item_purchase_floors":[27,27,27,42,53,53],"current_hp_per_floor":[80,80,80,80,80,80,64,59,59,59,59,59,57,57,57,48,80,80,80,80,80,75,74,74,74,74,74,67,67,66,67,67,68,82,82,82,82,82,82,82,67,67,67,68,68,68,68,68,68,51,83,83,84,80,71],"gold":31,"neow_bonus":"THREE_ENEMY_KILL","is_daily":false,"chose_seed":false,"campfire_upgraded":8,"win_rate":0.0,"timestamp":1611130601,"path_taken":["M","?","?","M","?","R","E","M","T","R","?","M","?","?","R","BOSS","M","M","?","M","M","E","R","M","T","$","M","?","?","M","R","BOSS","M","?","?","?","M","R","E","$","T","?","?","M","R","M","R","BOSS","R","$","E","BOSS"],"items_purchased_type":["Relic","Card","Relic","Relic","Card","Potion"],"build_version":"2020-12-22","purchased_purges":2,"victory":true,"max_hp_per_floor":[80,80,80,80,80,80,80,80,80,80,80,80,80,80,80,80,80,80,80,80,80,80,80,80,80,80,80,80,80,80,81,81,82,82,82,82,82,82,82,82,82,82,82,83,83,83,83,83,83,83,83,83,84,85,85],"relic_stats":{"Nunchaku":[6],"counters":[28,102],"Self Forming Clay":[33],"Mummified Hand":[36],"War Paint":["theDuelist:CastleWalls","theDuelist:GiantSoldier"],"obtain_stats":[{"NeowsBlessing":0,"Self Forming Clay":30,"theDuelist:DuelistTeaSet":7,"theDuelist:MillenniumPuzzle":0,"theDuelist:CardPoolSaveRelic":0,"War Paint":27,"White Beast Statue":26,"theDuelist:ElectricBurst":23,"theDuelist:BoosterPackPoolRelic":0,"theDuelist:CardPoolMinusRelic":0,"theDuelist:SpellMaxHPRelic":30,"Nunchaku":42,"Mummified Hand":43,"theDuelist:CardPoolBasicRelic":0,"Toolbox":27,"Philosopher\u0027s Stone":34,"theDuelist:CardPoolAddRelic":0,"theDuelist:CardPoolOptionsRelic":0,"theDuelist:MillenniumKey":17,"Toxic Egg 2":41,"TungstenRod":54,"theDuelist:CardPoolRelic":0},{"NeowsBlessing":0,"Self Forming Clay":17,"theDuelist:DuelistTeaSet":4,"theDuelist:MillenniumPuzzle":0,"theDuelist:CardPoolSaveRelic":0,"War Paint":14,"White Beast Statue":14,"theDuelist:ElectricBurst":13,"theDuelist:BoosterPackPoolRelic":0,"theDuelist:CardPoolMinusRelic":0,"theDuelist:SpellMaxHPRelic":17,"Nunchaku":22,"Mummified Hand":22,"theDuelist:CardPoolBasicRelic":0,"Toolbox":14,"Philosopher\u0027s Stone":19,"theDuelist:CardPoolAddRelic":0,"theDuelist:CardPoolOptionsRelic":0,"theDuelist:MillenniumKey":8,"Toxic Egg 2":22,"TungstenRod":27,"theDuelist:CardPoolRelic":0},{"NeowsBlessing":0,"Self Forming Clay":49,"theDuelist:DuelistTeaSet":9,"theDuelist:MillenniumPuzzle":0,"theDuelist:CardPoolSaveRelic":0,"War Paint":39,"White Beast Statue":39,"theDuelist:ElectricBurst":37,"theDuelist:BoosterPackPoolRelic":0,"theDuelist:CardPoolMinusRelic":0,"theDuelist:SpellMaxHPRelic":49,"Nunchaku":69,"Mummified Hand":69,"theDuelist:CardPoolBasicRelic":0,"Toolbox":39,"Philosopher\u0027s Stone":57,"theDuelist:CardPoolAddRelic":0,"theDuelist:CardPoolOptionsRelic":0,"theDuelist:MillenniumKey":22,"Toxic Egg 2":69,"TungstenRod":92,"theDuelist:CardPoolRelic":0}],"TungstenRod":4},"card_choices":[{"not_picked":["theDuelist:RainbowNeos","theDuelist:KamionTimelord","theDuelist:Eva","theDuelist:RainbowKuriboh"],"picked":"theDuelist:RainbowOverdragon","floor":1.0},{"not_picked":["theDuelist:BattleguardKing","theDuelist:DestroyerGolem","theDuelist:LightningDarts","theDuelist:WingedKuriboh"],"picked":"theDuelist:ClearKuriboh","floor":3.0},{"not_picked":["theDuelist:WhiteMagicalHat","theDuelist:SpiritHarp","theDuelist:MythicalBeast","theDuelist:Eva"],"picked":"theDuelist:SangaEarth","floor":4.0},{"not_picked":["theDuelist:BigFire","theDuelist:PreventRat","theDuelist:HappyLover","theDuelist:AfterGenocide"],"picked":"theDuelist:GravityAxe","floor":7.0},{"not_picked":["theDuelist:SparkBlaster","theDuelist:AncientGearFist","theDuelist:LegendHeart","theDuelist:DeltaAttacker"],"picked":"theDuelist:FusionFire","floor":8.0},{"not_picked":["theDuelist:SpellShatteringArrow","theDuelist:DoubleTool","theDuelist:CoreBlaster","theDuelist:BigFire"],"picked":"theDuelist:InfernoFireBlast","floor":12.0},{"not_picked":["theDuelist:Sangan","theDuelist:MythicalBeast","theDuelist:CharcoalInpachi","theDuelist:SangaEarth"],"picked":"theDuelist:HappyLover","floor":13.0},{"not_picked":["theDuelist:KamionTimelord","theDuelist:HappyLover","theDuelist:Eva","theDuelist:RainbowKuriboh"],"picked":"theDuelist:RainbowOverdragon","floor":16.0},{"not_picked":["theDuelist:Hinotama","theDuelist:FluteKuriboh","theDuelist:WhiteMagicalHat","theDuelist:SwordDeepSeated+1"],"picked":"theDuelist:RainbowNeos+1","floor":18.0},{"not_picked":["theDuelist:AmuletAmbition","theDuelist:Mathematician"],"picked":"theDuelist:FeatherShot+1","floor":19.0},{"not_picked":["theDuelist:CoreBlaster","theDuelist:Tuningware","theDuelist:PreventRat","theDuelist:CharcoalInpachi+1"],"picked":"theDuelist:MiraculousDescent","floor":21.0},{"not_picked":["theDuelist:BlueBloodedOni","theDuelist:GreyGreedOni","theDuelist:PurplePainOni","theDuelist:RedHeadedOni"],"picked":"theDuelist:HappyLover","floor":22.0},{"not_picked":["theDuelist:VendreadCharge+1","theDuelist:KamionTimelord+1"],"picked":"theDuelist:LightningBlade+1","floor":23.0},{"not_picked":["theDuelist:GaiaMidNightSun","theDuelist:DarkCreator","theDuelist:PowerGiant","theDuelist:Mausoleum","theDuelist:UltimateOffering"],"picked":"SKIP","floor":25.0},{"not_picked":["theDuelist:FrontierWiseman","theDuelist:BlackPendant+1","theDuelist:PreventRat","theDuelist:BattleOx"],"picked":"theDuelist:Tuningware","floor":28.0},{"not_picked":["theDuelist:Wiretap","theDuelist:WhiteHowling+1","theDuelist:MiraculousDescent","theDuelist:CrystalRaigeki"],"picked":"theDuelist:ImperialOrder+1","floor":30.0},{"not_picked":["theDuelist:MeteorDestruction+1","theDuelist:MagnumShield+1","theDuelist:CombinationAttack+1","theDuelist:AncientGearFist+1"],"picked":"theDuelist:BerserkerCrush+1","floor":31.0},{"not_picked":["theDuelist:Raigeki+1","theDuelist:LightLaser","theDuelist:GridRod","theDuelist:Mathematician+1"],"picked":"theDuelist:YamiForm+1","floor":33.0},{"not_picked":["theDuelist:BigFire+1","theDuelist:CrystalBlessing+1","theDuelist:GravityAxe","theDuelist:Electrowhip","theDuelist:DoubleTool+1"],"picked":"SKIP","floor":35.0},{"not_picked":["theDuelist:Hinotama","theDuelist:EgoBoost+1","theDuelist:Eva","theDuelist:PowerWall","theDuelist:CircleFireKings"],"picked":"SKIP","floor":39.0},{"not_picked":["theDuelist:RainbowNeos","theDuelist:DarkBurningAttack+1","theDuelist:Eva+1","theDuelist:PowerKaishin+1"],"picked":"theDuelist:PsychicShockwave+1","floor":41.0},{"not_picked":["theDuelist:SpellShatteringArrow","theDuelist:FairyBox+1","theDuelist:SpiritHarp+1","theDuelist:CoreBlaster+2"],"picked":"theDuelist:ScrapFactory+1","floor":44.0},{"not_picked":["theDuelist:CombinationAttack+1","theDuelist:WhiteMagicalHat+1","theDuelist:RainbowNeos","theDuelist:GravityAxe+1"],"picked":"theDuelist:Tuningware+1","floor":45.0},{"not_picked":["theDuelist:WhiteHowling","theDuelist:Electrowhip","theDuelist:MiraculousDescent"],"picked":"theDuelist:ImperialOrder","floor":46.0},{"not_picked":["theDuelist:SpellShatteringArrow","theDuelist:SwordDeepSeated+1","theDuelist:AfterTheStorm+1","theDuelist:SilverApples+1"],"picked":"theDuelist:Tuningware+1","floor":48.0},{"not_picked":["theDuelist:MeteorDestruction+4","theDuelist:Tuningware+1","theDuelist:WormApocalypse+1","theDuelist:Eva+1"],"picked":"theDuelist:FusionFire+1","floor":54}],"player_experience":383932,"relics_obtained":[{"floor":7.0,"key":"theDuelist:DuelistTeaSet"},{"floor":23.0,"key":"theDuelist:ElectricBurst"},{"floor":26.0,"key":"White Beast Statue"},{"floor":30.0,"key":"theDuelist:SpellMaxHPRelic"},{"floor":30.0,"key":"Self Forming Clay"},{"floor":41.0,"key":"Toxic Egg 2"},{"floor":43.0,"key":"Mummified Hand"},{"floor":54,"key":"TungstenRod"}],"event_choices":[{"damage_healed":0.0,"max_hp_gain":0.0,"max_hp_loss":0.0,"gold_gain":0.0,"event_name":"Tomb of the Nameless","player_choice":"Worship - 20% roll at +12 Max HP","duelist":true,"floor":2.0,"gold_loss":0.0,"damage_taken":0.0},{"cards_removed":["theDuelist:VampireCurse"],"damage_healed":0.0,"max_hp_gain":0.0,"max_hp_loss":0.0,"gold_gain":0.0,"event_name":"The Cleric","player_choice":"Card Removal","floor":5.0,"gold_loss":50.0,"damage_taken":0.0},{"damage_healed":0.0,"max_hp_gain":0.0,"max_hp_loss":0.0,"gold_gain":100.0,"event_name":"Golden Shrine","player_choice":"Pray","floor":11.0,"gold_loss":0.0,"damage_taken":0.0},{"damage_healed":0.0,"max_hp_gain":0.0,"max_hp_loss":0.0,"gold_gain":0.0,"event_name":"Liars Game","player_choice":"Ignored","floor":14.0,"gold_loss":0.0,"damage_taken":0.0},{"damage_healed":0.0,"max_hp_gain":0.0,"max_hp_loss":0.0,"gold_gain":0.0,"event_name":"Relic Duplicator","player_choice":"Leave","duelist":true,"floor":20.0,"gold_loss":0.0,"damage_taken":0.0},{"damage_healed":0.0,"max_hp_gain":0.0,"max_hp_loss":0.0,"gold_gain":0.0,"event_name":"Colosseum","player_choice":"Fight","floor":30.0,"gold_loss":0.0,"damage_taken":0.0},{"damage_healed":0.0,"max_hp_gain":0.0,"max_hp_loss":0.0,"gold_gain":0.0,"event_name":"Colosseum","player_choice":"Fought Nobs","floor":30.0,"gold_loss":0.0,"damage_taken":0.0},{"damage_healed":0.0,"max_hp_gain":0.0,"max_hp_loss":0.0,"gold_gain":0.0,"event_name":"Tomb of Lord Red Mask","player_choice":"Ignored","floor":36.0,"gold_loss":0.0,"damage_taken":0.0},{"damage_healed":0.0,"max_hp_gain":0.0,"max_hp_loss":0.0,"gold_gain":0.0,"event_name":"Egyptian Village","player_choice":"Delta Electro","duelist":true,"floor":37.0,"gold_loss":0.0,"damage_taken":0.0,"cards_obtained":["Delta Electromagnet Warrior"]},{"damage_healed":0.0,"max_hp_gain":0.0,"max_hp_loss":0.0,"gold_gain":0.0,"event_name":"Visit from Anubis","player_choice":"Leave","duelist":true,"floor":38.0,"gold_loss":0.0,"damage_taken":0.0},{"damage_healed":0.0,"max_hp_gain":0.0,"max_hp_loss":0.0,"gold_gain":0.0,"event_name":"SensoryStone","player_choice":"Memory 1","floor":45.0,"gold_loss":0.0,"damage_taken":0.0}],"is_beta":false,"boss_relics":[{"not_picked":["Inserter","SacredBark"],"picked":"theDuelist:MillenniumKey"},{"not_picked":["Velvet Choker","Runic Dome"],"picked":"Philosopher\u0027s Stone"}],"items_purged_floors":[27,42],"is_endless":false,"potions_floor_spawned":[1,4,8,19,28,30,30,31,33,35,39,41,44,46,48,54],"ascension_level":0}}