{"host":"0fmi5fguj5lvt8pf","time":1611144011,"event":{"mods":["BaseMod","Colored Map","Curses Come First","Downfall","Minty Spire (QoL Compilation)","Permanent Neow","StSLib"],"gold_per_floor":[199,199,199,215,215,225,225,236,261,436,436,449,449,481,500,500,500,500],"floor_reached":16,"language":"ENG","playtime":804,"items_purged":[],"score":110,"play_id":"bb404daf-1eaf-4881-b651-ba88709cfcbd","local_time":"20210120040011","is_ascension_mode":false,"campfire_choices":[{"floor":1.0,"key":"RECALL"},{"floor":11,"key":"REST"},{"floor":13,"key":"REST"}],"circlet_count":0,"master_deck":["bronze:Strike","bronze:Strike","bronze:Strike","bronze:Strike","bronze:Defend","bronze:Defend","bronze:Defend","bronze:Defend","bronze:Replicate","bronze:Goto","bronze:Branch","bronze:ChildClass","bronze:BugBarrage","bronze:Refactor","Doubt","bronze:BugBarrage","bronze:Repair","bronze:Format"],"relics":["bronze:BronzeCore","Question Card","downfall:ShatteredFragment","Bronze Scales","Toy Ornithopter","Sundial"],"acts_visited":["Exordium"],"potions_floor_usage":[9,14],"damage_taken":[{"damage":2.0,"enemies":"Small Slimes","floor":4.0,"turns":3.0},{"damage":1,"enemies":"Jaw Worm","floor":6,"turns":3},{"damage":0,"enemies":"2 Louse","floor":8,"turns":2},{"damage":28,"enemies":"Lagavulin","floor":9,"turns":8},{"damage":11,"enemies":"Exordium Wildlife","floor":12,"turns":2},{"damage":33,"enemies":"Gremlin Nob","floor":14,"turns":5},{"damage":9,"enemies":"Lots of Slimes","floor":15,"turns":4},{"damage":9,"enemies":"WA_ARCHETYPE_RETAIN","floor":16,"turns":6}],"seed_played":"-2210945265468318336","potions_obtained":[{"floor":8,"key":"SpeedPotion"},{"floor":12,"key":"SneckoOil"},{"floor":14,"key":"champ:CounterPotion"}],"is_trial":false,"path_per_floor":["R","?","?","M","?","M","T","M","E","?","R","M","R","E","M","B"],"character_chosen":"THE_AUTOMATON","items_purchased":[],"campfire_rested":2,"item_purchase_floors":[],"current_hp_per_floor":[70,70,49,47,47,46,46,46,18,18,39,28,49,21,19,17,17,17],"gold":500,"neow_bonus":"HUNDRED_GOLD","is_daily":false,"chose_seed":false,"campfire_upgraded":0,"win_rate":0.0,"timestamp":1611144011,"path_taken":["R","?","?","M","?","M","T","?","E","?","R","M","R","E","M","BOSS"],"items_purchased_type":[],"build_version":"2020-12-22","purchased_purges":0,"victory":false,"max_hp_per_floor":[70,70,70,70,70,70,70,70,70,70,70,70,70,70,70,70,70,70],"card_choices":[{"not_picked":["bronze:Optimize","bronze:FineTuning","bronze:MaxOutput"],"picked":"bronze:Branch","floor":4.0},{"not_picked":["bronze:Invalidate","bronze:DelayedGuard","bronze:Repair"],"picked":"bronze:ChildClass","floor":6},{"not_picked":["bronze:Frontload","bronze:BitShift","bronze:Deprecate"],"picked":"bronze:BugBarrage","floor":8},{"not_picked":["bronze:Iterate","bronze:Separator","bronze:DelayedSlice"],"picked":"bronze:Refactor","floor":9},{"not_picked":["bronze:CutThrough","bronze:ChosenStrike","bronze:DigitalCarnage"],"picked":"bronze:BugBarrage","floor":12},{"not_picked":["bronze:MaxOutput","bronze:Flail","bronze:Frontload"],"picked":"bronze:Repair","floor":14},{"not_picked":["bronze:Invalidate","bronze:WildBeam","bronze:BugBarrage"],"picked":"bronze:Format","floor":15}],"player_experience":1381886,"relics_obtained":[{"floor":7,"key":"Bronze Scales"},{"floor":9,"key":"Toy Ornithopter"},{"floor":14,"key":"Sundial"}],"event_choices":[{"damage_healed":0.0,"max_hp_gain":0.0,"max_hp_loss":0.0,"gold_gain":0.0,"event_name":"Big Fish","player_choice":"Box","floor":2.0,"gold_loss":0.0,"damage_taken":0.0,"relics_obtained":["Question Card"],"cards_obtained":["Regret"]},{"cards_removed":["Regret"],"damage_healed":0,"gold_gain":0,"player_choice":"Card Removal","damage_taken":0,"max_hp_gain":0,"max_hp_loss":0,"event_name":"The Cleric","floor":5,"gold_loss":0}],"is_beta":false,"boss_relics":[],"items_purged_floors":[],"is_endless":false,"potions_floor_spawned":[8,12,14],"killed_by":"WA_ARCHETYPE_RETAIN","ascension_level":0}}