{"host":"ccw6t0i2dpm5wyxf","time":1611131715,"event":{"mods":["AchievementEnabler","BaseMod","Colored Map","Minty Spire (QoL Compilation)","Permanent Neow","SuperFastMode"],"gold_per_floor":[116,29,29,29,47,47,57,76,76,106,106,117,145,145,145,241,241,257,257,257,277,291,291,325,325,351,368,61,96,128,172,184,298,310,340,352,65,78,40,65,65,79,79,79,79],"floor_reached":44,"language":"ENG","playtime":2655,"items_purged":["Defend_G+1"],"score":754,"play_id":"d785b731-3de7-4ca6-b1eb-49599fe8f48c","local_time":"20210120023515","is_ascension_mode":true,"campfire_choices":[{"data":"Neutralize","floor":6.0,"key":"SMITH"},{"floor":11.0,"key":"REST"},{"data":"Venomology","floor":15.0,"key":"SMITH"},{"data":"Doppelganger","floor":23.0,"key":"SMITH"},{"data":"Envenom","floor":25.0,"key":"SMITH"},{"floor":32.0,"key":"REST"}],"circlet_count":0,"master_deck":["Strike_G+1","Defend_G+1","Defend_G+1","Defend_G+1","Defend_G+1","Survivor","Neutralize+1","Doppelganger+1","Infinite Blades","Cloak And Dagger+1","Accuracy","Terror","Deadly Poison","PiercingWail","Venomology+1","Backflip","Crippling Poison","Tools of the Trade","Night Terror+1","Die Die Die+1","Backstab+1","Dodge and Roll+1","Distraction+1","Backflip","Envenom+1","Adrenaline","Cloak And Dagger","Doppelganger","Cloak And Dagger","Noxious Fumes","Cloak And Dagger+1","Footwork","Blade Dance+1"],"relics":["Ring of the Snake","Kunai","Eternal Feather","Nunchaku","Astrolabe","Ice Cream","Potion Belt","Dead Branch","MawBank","Omamori","Fusion Hammer","Anchor","Blood Vial","Smiling Mask"],"acts_visited":["Exordium","TheCity","TheBeyond"],"potions_floor_usage":[40,40,40,40,42,42,44,44],"damage_taken":[{"damage":1.0,"enemies":"Small Slimes","floor":1.0,"turns":6.0},{"damage":0.0,"enemies":"Jaw Worm","floor":5.0,"turns":5.0},{"damage":0.0,"enemies":"2 Louse","floor":7.0,"turns":3.0},{"damage":20.0,"enemies":"Exordium Thugs","floor":8.0,"turns":4.0},{"damage":6.0,"enemies":"3 Sentries","floor":10.0,"turns":7.0},{"damage":1.0,"enemies":"2 Fungi Beasts","floor":12.0,"turns":4.0},{"damage":18.0,"enemies":"Gremlin Nob","floor":13.0,"turns":4.0},{"damage":0.0,"enemies":"Blue Slaver","floor":14.0,"turns":2.0},{"damage":15.0,"enemies":"Slime Boss","floor":16.0,"turns":11.0},{"damage":2.0,"enemies":"Chosen","floor":18.0,"turns":6.0},{"damage":2.0,"enemies":"Spheric Guardian","floor":21.0,"turns":6.0},{"damage":15.0,"enemies":"Shelled Parasite and Fungi","floor":22.0,"turns":6.0},{"damage":0.0,"enemies":"Gremlin Leader","floor":24.0,"turns":4.0},{"damage":21.0,"enemies":"Cultist and Chosen","floor":27.0,"turns":7.0},{"damage":16.0,"enemies":"Book of Stabbing","floor":29.0,"turns":5.0},{"damage":11.0,"enemies":"Snake Plant","floor":30.0,"turns":6.0},{"damage":0.0,"enemies":"Gremlin Leader","floor":31.0,"turns":8.0},{"damage":11.0,"enemies":"Collector","floor":33.0,"turns":7.0},{"damage":1,"enemies":"Orb Walker","floor":35,"turns":4},{"damage":8,"enemies":"3 Darklings","floor":38,"turns":5},{"damage":0,"enemies":"Reptomancer","floor":40,"turns":3},{"damage":28,"enemies":"Writhing Mass","floor":42,"turns":5},{"damage":34,"enemies":"Spire Growth","floor":44,"turns":4}],"seed_played":"4887178617278440999","potions_obtained":[{"floor":1.0,"key":"Poison Potion"},{"floor":8.0,"key":"Fire Potion"},{"floor":12.0,"key":"Strength Potion"},{"floor":16.0,"key":"Weak Potion"},{"floor":27.0,"key":"BlessingOfTheForge"},{"floor":30.0,"key":"Block Potion"},{"floor":31.0,"key":"LiquidBronze"},{"floor":38,"key":"CunningPotion"},{"floor":40,"key":"CultistPotion"}],"is_trial":false,"path_per_floor":["M","$","?","?","M","R","M","M","T","E","R","M","E","M","R","B",null,"M","?","?","M","M","R","E","R","T","M","$","E","M","E","R","B",null,"M","?","$","M","$","E","?","M","T","M"],"character_chosen":"THE_SILENT","items_purchased":["Cloak And Dagger","Accuracy","Dead Branch","Noxious Fumes","Anchor","Footwork"],"campfire_rested":2,"item_purchase_floors":[2,2,28,37,37,39],"current_hp_per_floor":[69,69,55,55,55,55,55,35,35,29,62,61,43,43,55,40,63,61,61,61,59,44,59,70,70,70,49,49,33,22,22,58,47,64,63,63,63,55,55,55,55,29,29,0,0],"gold":79,"neow_bonus":"ONE_RANDOM_RARE_CARD","is_daily":false,"chose_seed":false,"campfire_upgraded":4,"win_rate":0.0,"timestamp":1611131715,"path_taken":["M","$","?","?","M","R","M","?","T","E","R","M","E","M","R","BOSS","M","?","?","M","?","R","E","R","T","M","$","E","M","E","R","BOSS","M","?","$","M","$","E","?","M","T","M"],"items_purchased_type":["Card","Card","Relic","Card","Relic","Card"],"build_version":"2020-12-22","purchased_purges":1,"victory":false,"max_hp_per_floor":[70,70,70,70,70,70,70,70,70,70,70,70,70,70,70,70,70,70,70,70,70,70,70,70,70,70,70,70,70,70,70,70,70,70,70,70,70,70,70,70,70,70,70,70,70],"card_choices":[{"not_picked":["Endless Agony","Slice"],"picked":"Infinite Blades","floor":1.0},{"not_picked":["Concentrate","Quick Slash"],"picked":"Terror","floor":5.0},{"not_picked":["Masterful Stab","Poisoned Stab"],"picked":"Deadly Poison","floor":7.0},{"not_picked":["Underhanded Strike","All Out Attack"],"picked":"PiercingWail","floor":8.0},{"not_picked":["Endless Agony","Dagger Spray"],"picked":"Venomology","floor":10.0},{"not_picked":["Accuracy","Flying Knee"],"picked":"Backflip","floor":12.0},{"not_picked":["Slice","Acrobatics"],"picked":"Crippling Poison","floor":13.0},{"not_picked":["Malaise","Phantasmal Killer"],"picked":"Tools of the Trade","floor":16.0},{"not_picked":["Cloak And Dagger","Acrobatics+1"],"picked":"Dodge and Roll+1","floor":18.0},{"not_picked":["Dagger Throw","Concentrate"],"picked":"Distraction+1","floor":21.0},{"not_picked":["Calculated Gamble","Acrobatics"],"picked":"Backflip","floor":22.0},{"not_picked":["Prepared","Catalyst"],"picked":"Envenom","floor":24.0},{"not_picked":["Slice+1","Masterful Stab+1","Prepared"],"picked":"SKIP","floor":27.0},{"not_picked":["Backflip","Eviscerate","Dagger Spray"],"picked":"SKIP","floor":29.0},{"not_picked":["Dash","All Out Attack"],"picked":"Adrenaline","floor":30.0},{"not_picked":["Sucker Punch","Backflip"],"picked":"Cloak And Dagger","floor":31.0},{"not_picked":["Malaise","Storm of Steel"],"picked":"Doppelganger","floor":33.0},{"not_picked":["Acrobatics+1","Endless Agony+1"],"picked":"Cloak And Dagger","floor":35},{"not_picked":["Skewer+1","Blade Dance"],"picked":"Cloak And Dagger+1","floor":38},{"not_picked":["Expertise+1","Deflect+1"],"picked":"Blade Dance+1","floor":40},{"not_picked":["Deadly Poison","Bane+1","Acrobatics+1"],"picked":"SKIP","floor":42}],"player_experience":311276,"relics_obtained":[{"floor":9.0,"key":"Kunai"},{"floor":10.0,"key":"Eternal Feather"},{"floor":13.0,"key":"Nunchaku"},{"floor":24.0,"key":"Ice Cream"},{"floor":26.0,"key":"Potion Belt"},{"floor":29.0,"key":"MawBank"},{"floor":31.0,"key":"Omamori"},{"floor":40,"key":"Blood Vial"},{"floor":43,"key":"Smiling Mask"}],"event_choices":[{"damage_healed":0.0,"max_hp_gain":0.0,"max_hp_loss":0.0,"gold_gain":0.0,"event_name":"Shining Light","player_choice":"Entered Light","floor":3.0,"gold_loss":0.0,"damage_taken":14.0,"cards_upgraded":["Strike_G","Strike_G"]},{"damage_healed":0.0,"max_hp_gain":0.0,"max_hp_loss":0.0,"gold_gain":0.0,"event_name":"Living Wall","player_choice":"Grow","floor":4.0,"gold_loss":0.0,"damage_taken":0.0,"cards_upgraded":["Cloak And Dagger"]},{"damage_healed":0.0,"max_hp_gain":0.0,"max_hp_loss":0.0,"gold_gain":0.0,"event_name":"Back to Basics","player_choice":"Simplicity","floor":19.0,"gold_loss":0.0,"damage_taken":0.0,"cards_upgraded":["Defend_G","Defend_G","Defend_G","Defend_G","Defend_G"]},{"damage_healed":0.0,"max_hp_gain":0.0,"max_hp_loss":0.0,"gold_gain":0.0,"event_name":"Ghosts","player_choice":"Ignored","floor":20.0,"gold_loss":0.0,"damage_taken":0.0},{"damage_healed":0,"gold_gain":0,"player_choice":"Ignored","damage_taken":0,"max_hp_gain":0,"max_hp_loss":0,"event_name":"Tomb of Lord Red Mask","floor":36,"gold_loss":0},{"cards_removed":["Strike_G"],"damage_healed":0,"gold_gain":0,"player_choice":"Removed Attack","damage_taken":0,"max_hp_gain":0,"max_hp_loss":0,"event_name":"Falling","floor":41,"gold_loss":0}],"is_beta":false,"boss_relics":[{"not_picked":["Cursed Key","Ectoplasm"],"picked":"Astrolabe"},{"not_picked":["Snecko Eye","Black Star"],"picked":"Fusion Hammer"}],"items_purged_floors":[37],"is_endless":false,"potions_floor_spawned":[1,8,12,14,16,27,30,31,38,40],"killed_by":"Spire Growth","ascension_level":5}}