{"host":"0fm1w3v00gid44jl","time":1611174802,"event":{"mods":["AchievementEnabler","BaseMod","Colored Map","Colored Powertips","Displayed Cursed Tome","Downfall","Googly Eyes","Highlight Path","Minty Spire (QoL Compilation)","Permanent Neow","Relic Stats","StSLib","SuperFastMode","slay the spire mod where everything is the same but ironclad has a cowboy hat"],"gold_per_floor":[99,117,129,144,144,144,169,203,217,237,237,237,237,237,256,256,256,256],"floor_reached":16,"language":"ENG","playtime":1052,"items_purged":[],"score":102,"play_id":"07117395-d6cd-436b-854b-469913583fa4","local_time":"20210120143322","is_ascension_mode":false,"campfire_choices":[{"data":"Deep Breath","floor":1,"key":"SMITH"},{"data":"bronze:Optimize","floor":12,"key":"SMITH"}],"circlet_count":0,"master_deck":["bronze:Strike","bronze:Strike","bronze:Strike","bronze:Strike","bronze:Defend","bronze:Defend","bronze:Defend","bronze:Defend","bronze:Replicate","bronze:Goto+1","Deep Breath+1","bronze:Shell","bronze:WhirlingStrike","bronze:Separator","bronze:AlphaBuild","bronze:Optimize+1","bronze:OilSpill+1","bronze:Frontload+1","Parasite","bronze:OilSpill"],"relics":["bronze:BronzeCore","Pen Nib","Tiny Chest","Turnip"],"acts_visited":["Exordium"],"potions_floor_usage":[16],"damage_taken":[{"damage":1,"enemies":"Cultist","floor":2,"turns":3},{"damage":10,"enemies":"Small Slimes","floor":3,"turns":4},{"damage":6,"enemies":"Jaw Worm","floor":4,"turns":3},{"damage":41,"enemies":"Lagavulin","floor":8,"turns":8},{"damage":6,"enemies":"Red Slaver","floor":9,"turns":3},{"damage":6,"enemies":"Exordium Wildlife","floor":10,"turns":4},{"damage":10,"enemies":"Exordium Thugs","floor":15,"turns":3},{"damage":26,"enemies":"WA_ARCHETYPE_RETAIN","floor":16,"turns":6}],"seed_played":"6460052914311012587","potions_obtained":[{"floor":3,"key":"DistilledChaos"},{"floor":4,"key":"EntropicBrew"},{"floor":10,"key":"FearPotion"}],"is_trial":false,"path_per_floor":["R","M","M","M","?","?","T","E","M","M","?","R","?","T","M","B"],"character_chosen":"THE_AUTOMATON","items_purchased":[],"campfire_rested":0,"item_purchase_floors":[],"current_hp_per_floor":[70,69,59,53,58,58,58,17,11,5,23,23,23,23,13,0,0,0],"gold":256,"neow_bonus":"RANDOM_COLORLESS","is_daily":false,"chose_seed":false,"campfire_upgraded":2,"win_rate":0.0,"timestamp":1611174802,"path_taken":["R","M","M","?","?","?","T","E","?","M","?","R","?","?","M","BOSS"],"items_purchased_type":[],"build_version":"2020-12-22","purchased_purges":0,"victory":false,"max_hp_per_floor":[70,70,70,70,75,75,75,75,75,75,75,75,75,75,75,75,75,75],"relic_stats":{"counters":[8,34],"Tiny Chest":1,"Pen Nib":[4],"Turnip":[0],"obtain_stats":[{"bronze:BronzeCore":0,"Tiny Chest":8,"Pen Nib":7,"Turnip":14},{"bronze:BronzeCore":0,"Tiny Chest":4,"Pen Nib":3,"Turnip":6},{"bronze:BronzeCore":0,"Tiny Chest":18,"Pen Nib":10,"Turnip":25}]},"card_choices":[{"not_picked":["Jack Of All Trades","Swift Strike"],"picked":"Deep Breath","floor":0},{"not_picked":["bronze:ChildClass","bronze:DelayedGuard"],"picked":"bronze:Shell","floor":2},{"not_picked":["bronze:FineTuning","bronze:Branch"],"picked":"bronze:WhirlingStrike","floor":3},{"not_picked":["bronze:Safeguard","bronze:Overheat"],"picked":"bronze:Separator","floor":4},{"not_picked":["bronze:ChildClass","bronze:Fortify"],"picked":"bronze:Optimize","floor":8},{"not_picked":["bronze:ItsAFeature","bronze:Frontload"],"picked":"bronze:OilSpill","floor":9},{"not_picked":["bronze:FollowUp","bronze:Deprecate"],"picked":"bronze:Frontload","floor":10},{"not_picked":["bronze:ChosenStrike","bronze:BitShift"],"picked":"bronze:OilSpill","floor":15}],"player_experience":1469092,"relics_obtained":[{"floor":7,"key":"Pen Nib"},{"floor":8,"key":"Tiny Chest"},{"floor":14,"key":"Turnip"}],"event_choices":[{"damage_healed":0,"gold_gain":0,"player_choice":"Donut","damage_taken":0,"max_hp_gain":5,"max_hp_loss":0,"event_name":"Big Fish","floor":5,"gold_loss":0},{"damage_healed":18,"gold_gain":0,"player_choice":"Healed and dodged fight","damage_taken":0,"max_hp_gain":0,"max_hp_loss":0,"event_name":"Mushrooms","floor":11,"gold_loss":0,"cards_obtained":["Parasite"]}],"is_beta":false,"boss_relics":[],"items_purged_floors":[],"is_endless":false,"potions_floor_spawned":[3,4,10],"killed_by":"WA_ARCHETYPE_RETAIN","ascension_level":0}}