{"host":"g2yp6paluzgljz05","time":1611131708,"event":{"mods":["BaseMod","Bestiary","Colored Powertips","DeckTracker","Highlight Path","Minty Spire (QoL Compilation)","Quick Restart"],"gold_per_floor":[118,135,310,320,320,320,334,188,188,11,25,40,11,41,41,41,41],"floor_reached":16,"language":"ENG","playtime":773,"items_purged":["Strike_R","Doubt"],"score":125,"play_id":"6ee6cfb4-6a6a-48ab-8f75-0634e2ef08b9","local_time":"20210120193508","is_ascension_mode":true,"campfire_choices":[{"data":"Corruption","floor":6,"key":"SMITH"},{"data":"Dark Embrace","floor":15,"key":"SMITH"}],"circlet_count":0,"master_deck":["Strike_R","Strike_R","Strike_R","Defend_R","Defend_R","Defend_R","Defend_R","Bash","Cleave","Corruption+1","Reaper","Rampage","Dark Embrace+1","Feel No Pain","True Grit"],"relics":["Burning Blood","NeowsBlessing","Paper Frog","Ornamental Fan"],"acts_visited":["Exordium"],"potions_floor_usage":[13,16,16],"damage_taken":[{"damage":0,"enemies":"Jaw Worm","floor":1,"turns":1},{"damage":0,"enemies":"Small Slimes","floor":2,"turns":1},{"damage":0,"enemies":"2 Louse","floor":4,"turns":1},{"damage":27,"enemies":"Gremlin Gang","floor":7,"turns":4},{"damage":5,"enemies":"3 Louse","floor":11,"turns":3},{"damage":23,"enemies":"Red Slaver","floor":12,"turns":5},{"damage":30,"enemies":"Exordium Thugs","floor":13,"turns":5},{"damage":14,"enemies":"3 Sentries","floor":14,"turns":6},{"damage":48,"enemies":"The Guardian","floor":16,"turns":5}],"seed_played":"-2337743962222627164","potions_obtained":[{"floor":1,"key":"LiquidMemories"},{"floor":7,"key":"EssenceOfSteel"},{"floor":11,"key":"Regen Potion"}],"is_trial":false,"path_per_floor":["M","M","?","M","?","R","M","$","T","$","M","M","M","E","R","B"],"character_chosen":"IRONCLAD","items_purchased":["Rampage","Dark Embrace"],"campfire_rested":0,"item_purchase_floors":[8,10],"current_hp_per_floor":[80,80,80,80,80,80,59,59,59,59,60,47,39,43,43,0,0],"gold":41,"neow_bonus":"THREE_ENEMY_KILL","is_daily":false,"chose_seed":false,"campfire_upgraded":2,"win_rate":0.0,"timestamp":1611131708,"path_taken":["M","M","?","M","?","R","M","?","T","$","M","?","M","E","R","BOSS"],"items_purchased_type":["Card","Card"],"build_version":"2020-12-22","purchased_purges":2,"victory":false,"max_hp_per_floor":[80,80,80,80,80,80,80,80,80,80,80,80,80,80,80,80,80],"card_choices":[{"not_picked":["Headbutt","Thunderclap"],"picked":"Cleave","floor":1},{"not_picked":["Armaments","Havoc"],"picked":"Corruption","floor":2},{"not_picked":["Evolve","Reckless Charge","Headbutt"],"picked":"SKIP","floor":4},{"not_picked":["Wild Strike","Sword Boomerang","Second Wind"],"picked":"SKIP","floor":7},{"not_picked":["Reckless Charge","Whirlwind","Power Through"],"picked":"SKIP","floor":11},{"not_picked":["Flex","Battle Trance"],"picked":"Feel No Pain","floor":12},{"not_picked":["Sentinel","Uppercut"],"picked":"True Grit","floor":13},{"not_picked":["Armaments","Bloodletting","Twin Strike"],"picked":"SKIP","floor":14}],"player_experience":231573,"relics_obtained":[{"floor":9,"key":"Paper Frog"},{"floor":14,"key":"Ornamental Fan"}],"event_choices":[{"damage_healed":0,"gold_gain":175,"player_choice":"AGREE","damage_taken":0,"max_hp_gain":0,"max_hp_loss":0,"event_name":"Liars Game","floor":3,"gold_loss":0,"cards_obtained":["Doubt"]},{"damage_healed":0,"gold_gain":0,"cards_transformed":["Strike_R"],"player_choice":"Change","damage_taken":0,"max_hp_gain":0,"max_hp_loss":0,"event_name":"Living Wall","floor":5,"gold_loss":0,"cards_obtained":["Reaper"]}],"is_beta":false,"boss_relics":[],"items_purged_floors":[8,10],"is_endless":false,"potions_floor_spawned":[1,7,11],"killed_by":"The Guardian","ascension_level":4}}