{"host":"TheShotgunBoss","time":1611180187,"event":{"mods":["AchievementEnabler","Always Whale","Aspiration","BaseMod","Beaked The Cultist","Colored Map","Colored Powertips","Colorless Booster Pack","Conspire","Downfall","Energized Spire","FetchMod","GifTheSpireLib","Halation","Hubris","Infinite Spire","Jedi Mod","Minty Spire (QoL Compilation)","Quick Restart","RNG!","Relic Sorter","SacredBarkPlus","Shop Mod","Spikes Relics","StSLib","Stuff the Spire","The Blue Laboratory","The Construct","Uncapped","Unceasing Turn Reminder","everything is the same but u backflip on backflip","vexMod","??????REMEMod"],"gold_per_floor":[99,99,99,99,99,99,167,187,243,243,258,258,292,342,360,389,389,389],"floor_reached":16,"language":"ENG","playtime":715,"items_purged":[],"score":98,"play_id":"b59512a6-0982-4764-824a-d880d6270dc1","local_time":"20210120170307","is_ascension_mode":false,"campfire_choices":[{"data":"Slimebound:Split","floor":1,"key":"SMITH"},{"data":"jedi:forcepull","floor":6,"key":"SMITH"},{"data":"Slimebound:GrowthPunch","floor":12,"key":"SMITH"}],"circlet_count":0,"master_deck":["Slimebound:Strike_Slimebound","Slimebound:Strike_Slimebound","Slimebound:Strike_Slimebound","Slimebound:Defend_Slimebound","Slimebound:Defend_Slimebound","Slimebound:Defend_Slimebound","Slimebound:Defend_Slimebound","Slimebound:Split+1","Slimebound:CorrosiveSpit","jedi:forcepull+1","Slimebound:GrowthPunch+1","Slimebound:Gluttony","Slimebound:Schlurp","Slimebound:RainOfGoop","Slimebound:SamplingLick"],"relics":["Slimebound:AbsorbEndCombat","REME_ComplimentaryCards","downfall:HeartsMalice","vexMod:ConsolationPrize","Anchor","Odd Mushroom"],"acts_visited":["Exordium"],"potions_floor_usage":[11,16],"damage_taken":[{"damage":0,"enemies":"2 Louse","floor":2,"turns":1},{"damage":0,"enemies":"Jaw Worm","floor":3,"turns":1},{"damage":0,"enemies":"Cultist","floor":5,"turns":1},{"damage":8,"enemies":"2 Fungi Beasts","floor":8,"turns":4},{"damage":31,"enemies":"3 Sentries","floor":9,"turns":10},{"damage":0,"enemies":"Blue Slaver","floor":11,"turns":5},{"damage":15,"enemies":"Exordium Thugs","floor":13,"turns":5},{"damage":25,"enemies":"The Mushroom Lair","floor":14,"turns":6},{"damage":0,"enemies":"Exordium Wildlife","floor":15,"turns":3},{"damage":50,"enemies":"IC_STATUS_ARCHETYPE","floor":16,"turns":8}],"seed_played":"-7464230753463702927","potions_obtained":[{"floor":8,"key":"Fire Potion"},{"floor":11,"key":"REME_GoldPotion"},{"floor":13,"key":"blueLaboratory:Moonshine"},{"floor":14,"key":"jedi:StrikingPotion"}],"is_trial":false,"path_per_floor":["R","M","M","?","M","R","T","M","E","?","M","R","M","?","M","B"],"character_chosen":"SLIMEBOUND","items_purchased":[],"campfire_rested":0,"item_purchase_floors":[],"current_hp_per_floor":[65,65,65,65,65,65,65,59,36,36,44,44,37,20,24,0,0,0],"gold":389,"neow_bonus":"THREE_ENEMY_KILL","is_daily":false,"chose_seed":false,"campfire_upgraded":3,"win_rate":0.0,"timestamp":1611180187,"path_taken":["R","M","M","?","M","R","T","M","E","?","M","R","?","?","M","BOSS"],"items_purchased_type":[],"build_version":"2020-12-18","purchased_purges":0,"victory":false,"max_hp_per_floor":[65,65,65,65,65,65,65,65,65,65,65,65,65,65,65,65,65,65],"card_choices":[{"not_picked":["Slimebound:SlimeTap","Slimebound:Prepare","Slimebound:SamplingLick"],"picked":"SKIP","floor":2},{"not_picked":["Slimebound:LivingWall","Slimebound:LeechEnergy"],"picked":"Slimebound:GrowthPunch","floor":3},{"not_picked":["Slimebound:PressTheAttack","Slimebound:Prepare","Slimebound:LeechEnergy"],"picked":"SKIP","floor":5},{"not_picked":["Slimebound:AcidTongue","Slimebound:Repurpose"],"picked":"Slimebound:Gluttony","floor":8},{"not_picked":["Slimebound:MassRepurpose","Slimebound:ItLooksTasty"],"picked":"Slimebound:Schlurp","floor":9},{"not_picked":["Slimebound:FormOfPuddle","Slimebound:DisruptingSlam"],"picked":"Slimebound:RainOfGoop","floor":11},{"not_picked":["Slimebound:ViciousTackle","Slimebound:SplitAcid"],"picked":"Slimebound:SamplingLick","floor":13},{"not_picked":["Slimebound:Prepare","Slimebound:SamplingLick","Slimebound:PressTheAttack"],"picked":"SKIP","floor":15}],"player_experience":258976,"relics_obtained":[{"floor":7,"key":"vexMod:ConsolationPrize"},{"floor":9,"key":"Anchor"},{"floor":14,"key":"Odd Mushroom"}],"event_choices":[{"damage_healed":0,"gold_gain":0,"player_choice":"Fought Mushrooms","damage_taken":0,"max_hp_gain":0,"max_hp_loss":0,"event_name":"Mushrooms","floor":14,"gold_loss":0}],"is_beta":true,"boss_relics":[],"items_purged_floors":[],"is_endless":false,"potions_floor_spawned":[8,11,13,14,15],"killed_by":"IC_STATUS_ARCHETYPE","ascension_level":0}}