{"host":"nrxstibvl428zo7h","time":1611176587,"event":{"mods":["AchievementEnabler","BaseMod","Colored Map","Dark Map","Minty Spire (QoL Compilation)","StSLib"],"gold_per_floor":[117,117,292,307,326,360,31,31,31,31,31,56,56,105,105,236,236,260,350,350,350],"floor_reached":20,"language":"ENG","playtime":633,"items_purged":[],"score":220,"play_id":"c8de91ca-4288-4d14-bcd6-d2a018bb669e","local_time":"20210120130307","is_ascension_mode":false,"campfire_choices":[{"floor":8,"key":"REST"},{"floor":15,"key":"REST"}],"circlet_count":0,"master_deck":["Strike_P","Strike_P","Strike_P","Strike_P","Defend_P","Defend_P","Defend_P","Defend_P","Eruption","Vigilance","ReachHeaven","Doubt","Halt","Swivel+1","CutThroughFate","SandsOfTime","LessonLearned","Regret","Tantrum","ConjureBlade","FlyingSleeves+1","Enlightenment"],"relics":["PureWater","Ginger","Membership Card","Tiny Chest","Incense Burner","Happy Flower","Golden Idol","Mummified Hand","Pen Nib","SacredBark"],"acts_visited":["Exordium","TheCity"],"potions_floor_usage":[],"damage_taken":[{"damage":0,"enemies":"Jaw Worm","floor":1,"turns":3},{"damage":2,"enemies":"2 Louse","floor":4,"turns":6},{"damage":0,"enemies":"Small Slimes","floor":5,"turns":7},{"damage":44,"enemies":"Lagavulin","floor":6,"turns":9},{"damage":9,"enemies":"3 Louse","floor":12,"turns":3},{"damage":4,"enemies":"Slime Boss","floor":16,"turns":4},{"damage":43,"enemies":"2 Thieves","floor":18,"turns":5},{"damage":21,"enemies":"Shell Parasite","floor":20,"turns":4}],"seed_played":"8168410661127420402","potions_obtained":[{"floor":4,"key":"Block Potion"},{"floor":6,"key":"DuplicationPotion"},{"floor":12,"key":"SkillPotion"}],"is_trial":false,"path_per_floor":["M","?","?","M","M","E","$","R","T","?","?","M","?","T","R","B",null,"M","?","M"],"character_chosen":"WATCHER","items_purchased":["Membership Card","SandsOfTime","LessonLearned","Tiny Chest"],"campfire_rested":2,"item_purchase_floors":[7,7,7,7],"current_hp_per_floor":[79,79,79,77,77,33,33,56,56,56,56,47,44,44,65,61,73,30,12,0,0],"gold":350,"neow_bonus":"TEN_PERCENT_HP_BONUS","is_daily":false,"chose_seed":false,"campfire_upgraded":0,"win_rate":0.0,"timestamp":1611176587,"path_taken":["M","?","?","M","?","E","$","R","T","?","?","M","?","?","R","BOSS","M","?","?"],"items_purchased_type":["Relic","Card","Card","Relic"],"build_version":"2020-12-22","purchased_purges":0,"victory":false,"max_hp_per_floor":[79,79,79,79,79,79,79,79,79,79,73,73,73,73,73,73,73,73,73,73,73],"card_choices":[{"not_picked":["EmptyFist","ThirdEye"],"picked":"ReachHeaven","floor":1},{"not_picked":["BowlingBash","ForeignInfluence"],"picked":"Halt","floor":4},{"not_picked":["ClearTheMind","JustLucky"],"picked":"Swivel","floor":5},{"not_picked":["Prostrate","Sanctity"],"picked":"CutThroughFate","floor":6},{"not_picked":["EmptyFist","Nirvana"],"picked":"Tantrum","floor":12},{"not_picked":["Devotion","DevaForm"],"picked":"ConjureBlade","floor":16},{"not_picked":["InnerPeace+1","ThirdEye"],"picked":"FlyingSleeves+1","floor":18}],"player_experience":82816,"relics_obtained":[{"floor":6,"key":"Ginger"},{"floor":9,"key":"Incense Burner"},{"floor":14,"key":"Pen Nib"}],"event_choices":[{"damage_healed":0,"gold_gain":0,"player_choice":"Leave","damage_taken":0,"max_hp_gain":0,"max_hp_loss":0,"event_name":"The Cleric","floor":2,"gold_loss":0},{"damage_healed":0,"gold_gain":175,"player_choice":"AGREE","damage_taken":0,"max_hp_gain":0,"max_hp_loss":0,"event_name":"Liars Game","floor":3,"gold_loss":0,"cards_obtained":["Doubt"]},{"damage_healed":0,"gold_gain":0,"player_choice":"Box","damage_taken":0,"relics_obtained":["Happy Flower"],"max_hp_gain":0,"max_hp_loss":0,"event_name":"Big Fish","floor":10,"gold_loss":0,"cards_obtained":["Regret"]},{"damage_healed":0,"gold_gain":0,"player_choice":"Lose Max HP","damage_taken":0,"relics_obtained":["Golden Idol"],"max_hp_gain":0,"max_hp_loss":6,"event_name":"Golden Idol","floor":11,"gold_loss":0},{"damage_healed":0,"gold_gain":0,"player_choice":"Success","damage_taken":3,"relics_obtained":["Mummified Hand"],"max_hp_gain":0,"max_hp_loss":0,"event_name":"Scrap Ooze","floor":13,"gold_loss":0},{"damage_healed":0,"gold_gain":90,"player_choice":"GOLD CARD ","damage_taken":18,"max_hp_gain":0,"max_hp_loss":0,"event_name":"Knowing Skull","floor":19,"potions_obtained":[],"gold_loss":0,"cards_obtained":["Enlightenment"]}],"is_beta":false,"boss_relics":[{"not_picked":["Snecko Eye","Runic Dome"],"picked":"SacredBark"}],"items_purged_floors":[],"is_endless":false,"potions_floor_spawned":[4,6,12],"killed_by":"Shell Parasite","ascension_level":0}}