{"host":"deyrtfrmqzu7hb38","time":1611120074,"event":{"mods":["Act Like it!","BaseMod","Better Note","BetterRewards","Block Reminder","Conspire","Elementarium","Friendly Minions","Gold Saver","Infinite Spire","Minty Spire (QoL Compilation)","Rare Cards Sparkle","Relic Filter","Relic Stats","Replay The Spire","StSLib","The Death Knight","The Runesmith","Treasure Hunter","Unceasing Turn Reminder","Useless Jewels Mod","Virulent Crown","Wandering Minibosses"],"gold_per_floor":[199,311,236,236,290,290,417,417,417,549,610,646,646],"floor_reached":12,"language":"ENG","playtime":1241,"items_purged":["Strike_G"],"score":97,"play_id":"93935a7d-0ce3-43bc-9efb-60e97c026faa","local_time":"20210120132114","is_ascension_mode":true,"campfire_choices":[{"data":"Accuracy","floor":6,"key":"SMITH"},{"data":"Infinite Blades","floor":8,"key":"SMITH"}],"circlet_count":0,"master_deck":["Strike_G","Strike_G","Strike_G","Strike_G","Defend_G","Defend_G","Defend_G","Defend_G","Defend_G","Survivor","Neutralize","Infinite Blades+1","Accuracy+1","TH:EnergyPotion","TH:CopperCoins","TH:TreasureMap","conspire:PoisonWeapons","infinitespire:Neurotoxin"],"relics":["Ring of the Snake","Replay:Bandana","Toy Ornithopter","Onion Ring","The Specimen"],"acts_visited":["Exordium"],"potions_floor_usage":[7,10,12],"damage_taken":[{"damage":0,"enemies":"conspire:RoseBush","floor":1,"turns":5},{"damage":22,"enemies":"Small Slimes","floor":2,"turns":9},{"damage":4,"enemies":"2 Louse","floor":5,"turns":4},{"damage":1,"enemies":"Replay:BlueRogue","floor":7,"turns":8},{"damage":23,"enemies":"Lagavulin","floor":10,"turns":10},{"damage":20,"enemies":"Exordium Thugs","floor":11,"turns":4},{"damage":12,"enemies":"3 Sentries","floor":12,"turns":4}],"seed_played":"-7185119701173463194","potions_obtained":[{"floor":2,"key":"Dexterity Potion"},{"floor":5,"key":"GamblersBrew"},{"floor":10,"key":"PowerPotion"}],"is_trial":false,"path_per_floor":["M","M","$","?","M","R","E","R","T","E","M","E"],"character_chosen":"THE_SILENT","items_purchased":[],"campfire_rested":0,"item_purchase_floors":[],"current_hp_per_floor":[70,48,48,48,44,44,43,43,43,25,5,0,0],"gold":646,"neow_bonus":"RANDOM_COMMON_RELIC","is_daily":false,"chose_seed":false,"campfire_upgraded":2,"win_rate":0.0,"timestamp":1611120074,"path_taken":["M","M","$","?","M","R","E","R","T","E","M","E"],"items_purchased_type":[],"build_version":"2020-12-22","purchased_purges":1,"victory":false,"max_hp_per_floor":[70,70,70,70,70,70,70,70,70,70,70,70,70],"relic_stats":{"counters":[7,44],"obtain_stats":[{"Replay:Bandana":0,"The Specimen":10,"Onion Ring":9,"Toy Ornithopter":7,"Ring of the Snake":0},{"Replay:Bandana":0,"The Specimen":5,"Onion Ring":4,"Toy Ornithopter":4,"Ring of the Snake":0},{"Replay:Bandana":0,"The Specimen":36,"Onion Ring":26,"Toy Ornithopter":26,"Ring of the Snake":0}],"Toy Ornithopter":10,"Ring of the Snake":[14]},"card_choices":[{"not_picked":["Cloak And Dagger","Deflect"],"picked":"Infinite Blades","floor":1},{"not_picked":["Dagger Throw","Quick Slash"],"picked":"Accuracy","floor":2},{"not_picked":["Prepared","Bane","ReplayTheSpireMod:The Works"],"picked":"SKIP","floor":5},{"not_picked":["TH:CopperCoins"],"picked":"TH:EnergyPotion","floor":7},{"not_picked":["Crippling Poison","Catalyst","Backflip"],"picked":"SKIP","floor":7},{"not_picked":["TH:ElvenBoots"],"picked":"TH:CopperCoins","floor":9},{"not_picked":["TH:EnergyPotion"],"picked":"TH:TreasureMap","floor":10},{"not_picked":["Dash","Flying Knee"],"picked":"conspire:PoisonWeapons","floor":10},{"not_picked":["Acrobatics","Footwork"],"picked":"infinitespire:Neurotoxin","floor":11}],"player_experience":394054,"relics_obtained":[{"floor":7,"key":"Toy Ornithopter"},{"floor":9,"key":"Onion Ring"},{"floor":10,"key":"The Specimen"}],"event_choices":[],"is_beta":false,"boss_relics":[],"items_purged_floors":[3],"is_endless":false,"potions_floor_spawned":[2,5,10],"killed_by":"3 Sentries","ascension_level":2}}