{"host":"18wi9kpcl4eah7pe","time":1611122029,"event":{"mods":["BaseMod","Colored Powertips","Downfall","Minty Spire (QoL Compilation)","StSLib"],"gold_per_floor":[99,99,99,129,129,129,129,141,153,187,200,211,11,11,27,125,125,125,138,138,238,238,254,330,330,330,330,230,256,256,256,269,367,367,367,417,467,485,500,500,527,542,567,567,582,582,594,627,644,644,644,644],"floor_reached":50,"language":"ENG","playtime":2363,"items_purged":[],"score":620,"play_id":"8a493ed7-f3c1-4100-981d-7075cde104bb","local_time":"20210119235349","is_ascension_mode":true,"campfire_choices":[{"floor":1,"key":"RECALL"},{"floor":13,"key":"REST"},{"data":"bronze:Repulsor","floor":18,"key":"SMITH"},{"floor":25,"key":"REST"},{"data":"bronze:Verify","floor":28,"key":"SMITH"},{"floor":30,"key":"REST"},{"data":"bronze:Mutator","floor":35,"key":"SMITH"},{"data":"1","floor":40,"key":"LIFT"}],"circlet_count":0,"master_deck":["bronze:Strike","bronze:Strike","bronze:Strike","bronze:Defend","bronze:Defend","bronze:Defend","bronze:Defend","bronze:Replicate","bronze:Goto","bronze:Fortify","bronze:Repulsor+1","bronze:Invalidate","bronze:Constructor","bronze:DelayedSlice","bronze:Constructor","bronze:Iterate","bronze:Branch","bronze:DelayedGuard","bronze:BuggyMess","bronze:Verify+1","bronze:Separator","bronze:DonuBeam","bronze:DecaBeam","bronze:Allocate","bronze:WhirlingStrike","bronze:Frontload+1","bronze:GetLatest","bronze:Mutator+1","bronze:BuggyMess","bronze:BugBarrage","bronze:WildBeam+1","bronze:Boost","bronze:BurnOut","bronze:CutThrough","expansioncontent:AwakenDeath","Parasite","bronze:Iterate+1","bronze:CutThrough","bronze:WildBeam","bronze:ShipIt"],"relics":["bronze:PlatinumCore","downfall:HeartsMalice","Mummified Hand","Bottled Tornado","Lantern","downfall:HeartBlessingRed","downfall:HeartBlessingGreen","expansioncontent:StudyCardRelic","MutagenicStrength","bronze:BottledCode","Shuriken","downfall:HeartBlessingBlue","Toy Ornithopter","Unceasing Top","Girya","Oddly Smooth Stone","Calipers","Akabeko"],"acts_visited":["Exordium","TheCity","TheBeyond"],"potions_floor_usage":[8,10,12,16,29,29,33,43,43,48,49],"damage_taken":[{"damage":0,"enemies":"Small Slimes","floor":2,"turns":1},{"damage":0,"enemies":"2 Louse","floor":3,"turns":1},{"damage":0,"enemies":"Cultist","floor":6,"turns":1},{"damage":16,"enemies":"2 Fungi Beasts","floor":8,"turns":4},{"damage":20,"enemies":"Blue Slaver","floor":9,"turns":4},{"damage":24,"enemies":"Gremlin Nob","floor":10,"turns":6},{"damage":7,"enemies":"Large Slime","floor":11,"turns":6},{"damage":6,"enemies":"2 Fungi Beasts","floor":12,"turns":2},{"damage":0,"enemies":"3 Louse","floor":15,"turns":3},{"damage":30,"enemies":"DF_ARCHETYPE_STREAMLINE","floor":16,"turns":12},{"damage":28,"enemies":"Chosen","floor":19,"turns":6},{"damage":14,"enemies":"Chosen","floor":21,"turns":5},{"damage":0,"enemies":"Spheric Guardian","floor":23,"turns":2},{"damage":23,"enemies":"Slavers","floor":29,"turns":4},{"damage":12,"enemies":"Shelled Parasite and Fungi","floor":32,"turns":4},{"damage":36,"enemies":"IC_MUSHROOM_ARCHETYPE","floor":33,"turns":7},{"damage":3,"enemies":"2 Orb Walkers","floor":36,"turns":4},{"damage":0,"enemies":"2 Orb Walkers","floor":37,"turns":3},{"damage":5,"enemies":"3 Shapes","floor":38,"turns":4},{"damage":0,"enemies":"Orb Walker","floor":39,"turns":2},{"damage":0,"enemies":"Sphere and 2 Shapes","floor":42,"turns":2},{"damage":41,"enemies":"Giant Head","floor":43,"turns":8},{"damage":0,"enemies":"Writhing Mass","floor":45,"turns":5},{"damage":0,"enemies":"Maw","floor":47,"turns":3},{"damage":42,"enemies":"Reptomancer","floor":48,"turns":8},{"damage":0,"enemies":"Jaw Worm Horde","floor":49,"turns":2},{"damage":28,"enemies":"WA_ARCHETYPE_DIVINITY","floor":50,"turns":4}],"seed_played":"-4446536855778283244","potions_obtained":[{"floor":8,"key":"Fruit Juice"},{"floor":9,"key":"SteroidPotion"},{"floor":11,"key":"PowerPotion"},{"floor":12,"key":"SkillPotion"},{"floor":16,"key":"SpeedPotion"},{"floor":23,"key":"LiquidBronze"},{"floor":32,"key":"Block Potion"},{"floor":38,"key":"hexamod:SoulburnPotion"},{"floor":42,"key":"Dexterity Potion"},{"floor":45,"key":"Explosive Potion"},{"floor":47,"key":"champ:CounterPotion"}],"is_trial":false,"path_per_floor":["R","M","M","?","?","M","T","M","M","E","M","M","R","?","M","B",null,"R","M","?","?","?","M","T","R","?","T","R","E","R","?","M","B",null,"R","?","?","M","M","R","T","M","E","?","M","?","M","E","M","B"],"character_chosen":"THE_AUTOMATON","items_purchased":[],"campfire_rested":3,"item_purchase_floors":[],"current_hp_per_floor":[70,70,70,70,70,70,70,59,39,15,8,2,24,49,49,19,75,75,47,47,33,33,33,33,52,52,52,62,39,61,61,49,18,75,75,72,72,67,67,67,67,67,36,36,36,36,36,20,25,0,0,0],"gold":644,"neow_bonus":"THREE_ENEMY_KILL","is_daily":false,"chose_seed":false,"campfire_upgraded":3,"win_rate":0.0,"timestamp":1611122029,"path_taken":["R","M","M","?","?","M","T","?","M","E","M","M","R","?","M","BOSS","R","M","?","?","?","M","T","R","?","?","R","E","R","?","M","BOSS","R","?","?","M","M","R","T","M","E","?","M","?","?","E","M","BOSS"],"items_purchased_type":[],"build_version":"2020-12-22","purchased_purges":0,"victory":false,"max_hp_per_floor":[70,70,70,70,70,70,70,75,75,75,75,75,75,75,75,75,75,75,75,75,75,65,65,65,65,65,65,75,75,75,75,75,75,75,75,75,75,75,75,75,75,75,75,75,75,75,75,75,75,75,75,75],"card_choices":[{"not_picked":["bronze:BronzeArmor","bronze:Shield"],"picked":"bronze:Fortify","floor":2},{"not_picked":["bronze:ChildClass","bronze:Iterate"],"picked":"bronze:Repulsor","floor":3},{"not_picked":["bronze:ChildClass","bronze:CutThrough"],"picked":"bronze:Constructor","floor":6},{"not_picked":["bronze:Allocate","bronze:BitShift"],"picked":"bronze:DelayedSlice","floor":8},{"not_picked":["bronze:Fortify","bronze:Shield"],"picked":"bronze:Constructor","floor":9},{"not_picked":["bronze:BronzeArmor","bronze:WildBeam"],"picked":"bronze:Iterate","floor":10},{"not_picked":["bronze:Fortify","bronze:BugBarrage"],"picked":"bronze:Branch","floor":11},{"not_picked":["bronze:CutThrough","bronze:ItsAFeature"],"picked":"bronze:DelayedGuard","floor":12},{"not_picked":["bronze:Repulsor","bronze:Flail"],"picked":"bronze:BuggyMess","floor":15},{"not_picked":["bronze:CleanCode","bronze:InfiniteLoop"],"picked":"bronze:Verify","floor":16},{"not_picked":["bronze:Shell","bronze:BitShift"],"picked":"bronze:Separator","floor":19},{"not_picked":[],"picked":"bronze:DonuBeam","floor":21},{"not_picked":[],"picked":"bronze:DecaBeam","floor":21},{"not_picked":["bronze:FollowUp","bronze:BugBarrage"],"picked":"bronze:Allocate","floor":21},{"not_picked":["bronze:Refactor","bronze:WildBeam+1"],"picked":"bronze:WhirlingStrike","floor":23},{"not_picked":["bronze:BitShift","bronze:Repulsor"],"picked":"bronze:Frontload+1","floor":29},{"not_picked":["bronze:Separator","bronze:Refactor"],"picked":"bronze:GetLatest","floor":32},{"not_picked":["bronze:FindAndReplace","bronze:Assembly"],"picked":"bronze:Mutator","floor":33},{"not_picked":["bronze:Overheat","bronze:FineTuning+1"],"picked":"bronze:BuggyMess","floor":36},{"not_picked":["bronze:Branch","bronze:Iterate+1"],"picked":"bronze:BugBarrage","floor":37},{"not_picked":["bronze:Overheat+1","bronze:FineTuning"],"picked":"bronze:WildBeam+1","floor":38},{"not_picked":["bronze:DelayedGuard+1","bronze:DigitalCarnage+1"],"picked":"bronze:Boost","floor":39},{"not_picked":["bronze:WhirlingStrike","bronze:BitShift"],"picked":"bronze:BurnOut","floor":42},{"not_picked":["bronze:FineTuning+1","bronze:BurnOut"],"picked":"bronze:CutThrough","floor":43},{"not_picked":["expansioncontent:Chronoboost","expansioncontent:PrepareCrush"],"picked":"expansioncontent:AwakenDeath","floor":44},{"not_picked":["bronze:CutThrough","bronze:BuggyMess"],"picked":"bronze:Iterate+1","floor":45},{"not_picked":["bronze:Overheat","bronze:BronzeArmor"],"picked":"bronze:CutThrough","floor":47},{"not_picked":["bronze:Deprecate","bronze:Overheat+1"],"picked":"bronze:WildBeam","floor":48},{"not_picked":["bronze:Invalidate+1","bronze:ClassDefault"],"picked":"bronze:ShipIt","floor":49}],"player_experience":926514,"relics_obtained":[{"floor":7,"key":"Bottled Tornado"},{"floor":10,"key":"Lantern"},{"floor":24,"key":"Shuriken"},{"floor":29,"key":"Toy Ornithopter"},{"floor":36,"key":"Unceasing Top"},{"floor":37,"key":"Girya"},{"floor":41,"key":"Oddly Smooth Stone"},{"floor":43,"key":"Calipers"},{"floor":48,"key":"Akabeko"}],"event_choices":[{"damage_healed":25,"gold_gain":0,"player_choice":"Banana","damage_taken":0,"max_hp_gain":0,"max_hp_loss":0,"event_name":"Big Fish","floor":14,"gold_loss":0},{"damage_healed":0,"gold_gain":0,"player_choice":"Inject Mutagens","damage_taken":0,"relics_obtained":["MutagenicStrength"],"max_hp_gain":0,"max_hp_loss":0,"event_name":"Drug Dealer","floor":20,"gold_loss":0},{"damage_healed":0,"gold_gain":0,"player_choice":"Fight","damage_taken":0,"max_hp_gain":0,"max_hp_loss":0,"event_name":"Mysterious Sphere","floor":36,"gold_loss":0}],"is_beta":false,"boss_relics":[{"not_picked":["Busted Crown","Coffee Dripper"],"picked":"expansioncontent:StudyCardRelic"},{"not_picked":["Runic Dome","Cursed Key"],"picked":"bronze:PlatinumCore"}],"items_purged_floors":[],"is_endless":false,"potions_floor_spawned":[8,9,11,12,16,23,32,38,42,45,47],"killed_by":"WA_ARCHETYPE_DIVINITY","ascension_level":2}}