{"host":"u1dfzl6o6mfmauc3","time":1611102814,"event":{"mods":["2.2 Compatiblity","AchievementEnabler","BaseMod","Block Reminder","Challenge The Spire","Dark Map","Hermit","Minty Spire (QoL Compilation)","Relic Stats","Robot Space Explorer","StSLib","The Disciple"],"gold_per_floor":[99,99,99,99,99,99,99,99,99,99,99,99,99,69,69,69,69,69,69,19,19,19,19,19,19],"floor_reached":24,"language":"ENG","playtime":875,"items_purged":[],"score":239,"play_id":"3c077024-a13d-42f8-a5ee-a9ffea278dce","local_time":"20210119193334","is_ascension_mode":true,"campfire_choices":[{"floor":12,"key":"REST"},{"floor":15,"key":"REST"},{"data":"hermit:Gestalt","floor":16,"key":"SMITH"}],"circlet_count":0,"master_deck":["hermit:Strike_Hermit","hermit:Strike_Hermit","hermit:Defend_Hermit","hermit:Defend_Hermit","hermit:Defend_Hermit","hermit:Defend_Hermit","hermit:Snapshot","hermit:Covet","hermit:Gestalt+1","hermit:Coalescence","hermit:Snipe","hermit:Headshot","hermit:LoneWolf","hermit:Deadeye","hermit:Purgatory","hermit:GoldenBullet","hermit:Deadeye+1"],"relics":["Ectoplasm","hermit:RyeStalk","Art of War","Matryoshka","Lantern","InkBottle","Empty Cage"],"acts_visited":["Exordium","TheCity"],"potions_floor_usage":[7,17,17,24],"damage_taken":[{"damage":0,"enemies":"Cultist","floor":1,"turns":3},{"damage":2,"enemies":"Jaw Worm","floor":4,"turns":4},{"damage":0,"enemies":"Small Slimes","floor":5,"turns":3},{"damage":40,"enemies":"Gremlin Nob","floor":7,"turns":6},{"damage":3,"enemies":"Blue Slaver","floor":8,"turns":2},{"damage":2,"enemies":"Lots of Slimes","floor":10,"turns":4},{"damage":14,"enemies":"Lagavulin","floor":11,"turns":6},{"damage":1,"enemies":"Looter","floor":14,"turns":3},{"damage":46,"enemies":"The Guardian","floor":17,"turns":12},{"damage":17,"enemies":"3 Byrds","floor":19,"turns":5},{"damage":18,"enemies":"Shell Parasite","floor":21,"turns":4},{"damage":21,"enemies":"3 Cultists","floor":23,"turns":4},{"damage":27,"enemies":"Book of Stabbing","floor":24,"turns":4}],"seed_played":"-3982701795558319536","potions_obtained":[{"floor":1,"key":"DistilledChaos"},{"floor":8,"key":"DuplicationPotion"},{"floor":10,"key":"PowerPotion"},{"floor":14,"key":"AttackPotion"},{"floor":19,"key":"hermit:BlackBile"},{"floor":23,"key":"Dexterity Potion"}],"is_trial":false,"path_per_floor":["M","$","?","M","M","?","E","M","T","M","E","R","T","M","R","R","B",null,"M","?","M","?","M","E"],"character_chosen":"HERMIT","items_purchased":[],"campfire_rested":2,"item_purchase_floors":[],"current_hp_per_floor":[75,75,75,73,73,78,38,35,35,33,19,43,43,42,66,66,20,80,63,63,45,45,24,0,0],"gold":19,"neow_bonus":"BOSS_RELIC","is_daily":false,"chose_seed":false,"campfire_upgraded":1,"win_rate":0.0,"timestamp":1611102814,"path_taken":["M","?","?","M","M","?","E","M","T","M","E","R","?","?","R","R","BOSS","M","?","?","?","M","E"],"items_purchased_type":[],"build_version":"2020-12-22","purchased_purges":0,"victory":false,"max_hp_per_floor":[75,75,75,75,75,80,80,80,80,80,80,80,80,80,80,80,80,80,80,80,80,80,80,80,80],"relic_stats":{"counters":[13,60],"Ectoplasm":332,"Art of War":[2],"obtain_stats":[{"hermit:RyeStalk":7,"Lantern":13,"Matryoshka":11,"Ectoplasm":0,"Art of War":9,"Empty Cage":18,"hermit:Momento":0,"InkBottle":13},{"hermit:RyeStalk":4,"Lantern":7,"Matryoshka":7,"Ectoplasm":0,"Art of War":5,"Empty Cage":9,"hermit:Momento":0,"InkBottle":7},{"hermit:RyeStalk":16,"Lantern":28,"Matryoshka":28,"Ectoplasm":0,"Art of War":18,"Empty Cage":43,"hermit:Momento":0,"InkBottle":28}],"InkBottle":[13]},"card_choices":[{"not_picked":["hermit:Ricochet","hermit:CalledShot"],"picked":"hermit:Gestalt","floor":1},{"not_picked":["hermit:CalledShot","hermit:ItchyTrigger"],"picked":"hermit:Coalescence","floor":4},{"not_picked":["hermit:SprayPray","hermit:Manifest"],"picked":"hermit:Snipe","floor":5},{"not_picked":["hermit:FromBeyond","hermit:HoleUp"],"picked":"hermit:Headshot","floor":7},{"not_picked":["hermit:Coalescence","hermit:Glare"],"picked":"hermit:LoneWolf","floor":8},{"not_picked":["hermit:Manifest","hermit:CalledShot","hermit:FullyLoaded"],"picked":"SKIP","floor":10},{"not_picked":["hermit:Snipe","hermit:CalledShot","hermit:Ricochet"],"picked":"SKIP","floor":11},{"not_picked":["hermit:Gestalt","hermit:Glare"],"picked":"hermit:Deadeye","floor":14},{"not_picked":["hermit:FinalCanter","hermit:Gambit"],"picked":"hermit:Purgatory","floor":17},{"not_picked":["hermit:Vantage","hermit:Misfire+1"],"picked":"hermit:GoldenBullet","floor":19},{"not_picked":["hermit:Headshot","hermit:TrackingShot","hermit:GoldenBullet+1"],"picked":"SKIP","floor":21},{"not_picked":["hermit:Snipe","hermit:Feint"],"picked":"hermit:Deadeye+1","floor":23}],"player_experience":120806,"relics_obtained":[{"floor":7,"key":"hermit:RyeStalk"},{"floor":9,"key":"Art of War"},{"floor":11,"key":"Matryoshka"},{"floor":13,"key":"Lantern"},{"floor":13,"key":"InkBottle"}],"event_choices":[{"damage_healed":0,"gold_gain":0,"player_choice":"Leave","damage_taken":0,"max_hp_gain":0,"max_hp_loss":0,"event_name":"The Cleric","floor":3,"gold_loss":0},{"damage_healed":0,"gold_gain":0,"player_choice":"Donut","damage_taken":0,"max_hp_gain":5,"max_hp_loss":0,"event_name":"Big Fish","floor":6,"gold_loss":0},{"damage_healed":0,"gold_gain":0,"player_choice":"Bet on Murderer","damage_taken":0,"max_hp_gain":0,"max_hp_loss":0,"event_name":"The Joust","floor":20,"gold_loss":50},{"damage_healed":0,"gold_gain":0,"player_choice":"Ignored","damage_taken":0,"max_hp_gain":0,"max_hp_loss":0,"event_name":"Vampires","floor":22,"gold_loss":0}],"is_beta":false,"boss_relics":[{"not_picked":["SacredBark","SlaversCollar"],"picked":"Empty Cage"}],"items_purged_floors":[],"is_endless":false,"potions_floor_spawned":[1,8,10,14,19,23],"killed_by":"Book of Stabbing","ascension_level":3}}