{"host":"2hea6pl5vmah38iy","time":1611139390,"event":{"mods":["AchievementEnabler","BaseMod","Colored Map","DeckTracker","Keyboard Shortcuts","Minty Spire (QoL Compilation)","Rare Cards Sparkle","StSLib","SuperFastMode","everything is the same but u backflip on backflip"],"gold_per_floor":[19,19,33,33,51,66,66,66,117,130,30,30,30,42,42,114,114,128,128,128,148,162,177,192,117,164,174,14,14,0,16,16,16,16],"floor_reached":33,"language":"KOR","playtime":1183,"items_purged":["Decay"],"score":446,"play_id":"2b58fa27-c663-4d37-9535-a2760c4ac953","local_time":"20210120194310","is_ascension_mode":true,"campfire_choices":[{"data":"Neutralize","floor":7.0,"key":"SMITH"},{"data":"Accuracy","floor":15.0,"key":"SMITH"},{"floor":32.0,"key":"REST"}],"circlet_count":0,"master_deck":["AscendersBane","Defend_G+1","Survivor","Neutralize+1","Backstab","All Out Attack","After Image","Blade Dance+1","Accuracy+1","Flying Knee","Backflip","Venomology+1","Poisoned Stab+1","Deadly Poison+1","Distraction+1","Blade Dance","Tactician","Prepared","Phantasmal Killer","PiercingWail","Concentrate"],"relics":["Ring of the Snake","War Paint","HornCleat","Astrolabe","Bag of Marbles"],"acts_visited":["Exordium","TheCity"],"potions_floor_usage":[33,33],"damage_taken":[{"damage":0.0,"enemies":"Cultist","floor":1.0,"turns":3.0},{"damage":0.0,"enemies":"Small Slimes","floor":3.0,"turns":3.0},{"damage":0.0,"enemies":"2 Louse","floor":5.0,"turns":2.0},{"damage":25.0,"enemies":"Exordium Thugs","floor":6.0,"turns":6.0},{"damage":5.0,"enemies":"Large Slime","floor":10.0,"turns":5.0},{"damage":1.0,"enemies":"Blue Slaver","floor":14.0,"turns":2.0},{"damage":13.0,"enemies":"The Guardian","floor":16.0,"turns":16.0},{"damage":14.0,"enemies":"Shell Parasite","floor":18.0,"turns":3.0},{"damage":0.0,"enemies":"Spheric Guardian","floor":21.0,"turns":4.0},{"damage":0.0,"enemies":"Snake Plant","floor":22.0,"turns":4.0},{"damage":3.0,"enemies":"Snecko","floor":23.0,"turns":5.0},{"damage":19.0,"enemies":"Chosen and Byrds","floor":24.0,"turns":4.0},{"damage":17.0,"enemies":"Shelled Parasite and Fungi","floor":27.0,"turns":4.0},{"damage":0.0,"enemies":"Snake Plant","floor":31.0,"turns":4.0},{"damage":26,"enemies":"Automaton","floor":33,"turns":6}],"seed_played":"-5716691373120903673","potions_obtained":[{"floor":3.0,"key":"Regen Potion"},{"floor":10.0,"key":"PowerPotion"},{"floor":18.0,"key":"GamblersBrew"},{"floor":27.0,"key":"PowerPotion"}],"is_trial":false,"path_per_floor":["M","?","M","?","M","M","R","$","T","M","$","T","$","M","R","B",null,"M","?","?","M","M","M","M","?","T","M","$","?","?","M","R","B"],"character_chosen":"THE_SILENT","items_purchased":["Flying Knee","Phantasmal Killer"],"campfire_rested":1,"item_purchase_floors":[11,28],"current_hp_per_floor":[59,59,59,59,59,34,34,34,34,29,29,29,29,28,28,15,53,48,48,48,48,48,45,26,26,26,9,9,9,9,9,28,2,2],"gold":16,"neow_bonus":"TRANSFORM_TWO_CARDS","is_daily":false,"chose_seed":false,"campfire_upgraded":2,"win_rate":0.0,"timestamp":1611139390,"path_taken":["M","?","M","?","M","M","R","$","T","?","?","?","$","M","R","BOSS","M","?","?","M","?","M","M","?","T","M","$","?","?","M","R","BOSS"],"items_purchased_type":["Card","Card"],"build_version":"2020-12-22","purchased_purges":1,"victory":false,"max_hp_per_floor":[66,66,66,66,66,66,66,66,66,66,66,66,66,66,66,66,66,66,66,66,66,66,66,66,66,66,66,66,66,66,66,66,66,66],"card_choices":[{"not_picked":["PiercingWail","Flying Knee","Outmaneuver"],"picked":"SKIP","floor":1.0},{"not_picked":["Underhanded Strike","Predator","Masterful Stab"],"picked":"SKIP","floor":3.0},{"not_picked":["Dagger Spray","Unload","PiercingWail"],"picked":"SKIP","floor":5.0},{"not_picked":["Infinite Blades","Flechettes"],"picked":"Blade Dance","floor":6.0},{"not_picked":["Tactician","Acrobatics"],"picked":"Accuracy","floor":10.0},{"not_picked":["Underhanded Strike","Quick Slash"],"picked":"Backflip","floor":14.0},{"not_picked":["Die Die Die","Bullet Time"],"picked":"Venomology","floor":16.0},{"not_picked":["Flying Knee","Outmaneuver","Deflect"],"picked":"SKIP","floor":18.0},{"not_picked":["Cloak And Dagger","Dagger Spray"],"picked":"Blade Dance","floor":21.0},{"not_picked":["Slice","Backflip"],"picked":"Tactician","floor":22.0},{"not_picked":["Slice","Outmaneuver","Dagger Spray+1"],"picked":"SKIP","floor":23.0},{"not_picked":["Outmaneuver","Catalyst+1","Bane"],"picked":"SKIP","floor":24.0},{"not_picked":["Poisoned Stab+1","Wraith Form v2"],"picked":"Prepared","floor":27.0},{"not_picked":["Outmaneuver","All Out Attack","Dagger Throw"],"picked":"SKIP","floor":31.0}],"player_experience":507115,"relics_obtained":[{"floor":9.0,"key":"War Paint"},{"floor":12.0,"key":"HornCleat"},{"floor":26.0,"key":"Bag of Marbles"}],"event_choices":[{"damage_healed":0.0,"max_hp_gain":0.0,"max_hp_loss":0.0,"gold_gain":0.0,"cards_transformed":["Strike_G"],"event_name":"Living Wall","player_choice":"Change","floor":2.0,"gold_loss":0.0,"damage_taken":0.0,"cards_obtained":["After Image"]},{"damage_healed":0.0,"max_hp_gain":0.0,"max_hp_loss":0.0,"gold_gain":0.0,"event_name":"Wheel of Change","player_choice":"Cursed","floor":4.0,"gold_loss":0.0,"damage_taken":0.0,"cards_obtained":["Decay"]},{"damage_healed":0.0,"max_hp_gain":0.0,"max_hp_loss":0.0,"gold_gain":0.0,"event_name":"Ghosts","player_choice":"Ignored","floor":19.0,"gold_loss":0.0,"damage_taken":0.0},{"damage_healed":0.0,"max_hp_gain":0.0,"max_hp_loss":0.0,"gold_gain":0.0,"event_name":"Upgrade Shrine","player_choice":"Upgraded","floor":20.0,"gold_loss":0.0,"damage_taken":0.0,"cards_upgraded":["Venomology"]},{"cards_removed":["Defend_G"],"damage_healed":0.0,"max_hp_gain":0.0,"max_hp_loss":0.0,"gold_gain":0.0,"event_name":"Beggar","player_choice":"Gave Gold","floor":25.0,"gold_loss":75.0,"damage_taken":0.0},{"damage_healed":0.0,"max_hp_gain":0.0,"max_hp_loss":0.0,"gold_gain":0.0,"cards_transformed":["Defend_G","Strike_G"],"event_name":"Drug Dealer","player_choice":"Became Test Subject","floor":29.0,"gold_loss":0.0,"damage_taken":0.0,"cards_obtained":["PiercingWail","Concentrate"]},{"damage_healed":0.0,"max_hp_gain":0.0,"max_hp_loss":0.0,"gold_gain":0.0,"event_name":"Masked Bandits","player_choice":"Paid Fearfully","floor":30.0,"gold_loss":14.0,"damage_taken":0.0}],"is_beta":false,"boss_relics":[{"not_picked":["Coffee Dripper","Philosopher\u0027s Stone"],"picked":"Astrolabe"}],"items_purged_floors":[11],"is_endless":false,"potions_floor_spawned":[3,10,14,18,27],"killed_by":"Automaton","ascension_level":17}}