{"host":"njb27ds59h4j3ikk","time":1611185875,"event":{"mods":["AchievementEnabler","BaseMod","Better Altar","Better Match","Better Note","Better Sensory Stone","Better Skull","Better Third Choice","BetterRewards","Downfall","Hermit","Hubris","Minty Spire (QoL Compilation)","Permanent Neow","Quarter Circle Forward PUNCH!","Quick Restart","Rare Cards Sparkle","Shop Mod","StSLib","Trackpad","Transform Curses"],"gold_per_floor":[99,110,560,735,735,752,820,840,869,887,887,901,801,835,850,850,850],"floor_reached":16,"language":"ENG","playtime":666,"items_purged":[],"score":137,"play_id":"405a9010-9eff-4c86-afa3-321903b9c55b","local_time":"20210120183755","is_ascension_mode":false,"campfire_choices":[{"floor":1.0,"key":"DIG"},{"floor":11.0,"key":"REST"},{"floor":13.0,"key":"REST"}],"circlet_count":0,"master_deck":["hermit:Strike_Hermit","hermit:Strike_Hermit","hermit:Strike_Hermit","hermit:Strike_Hermit","hermit:Defend_Hermit","hermit:Defend_Hermit","hermit:Defend_Hermit","hermit:Defend_Hermit","hermit:Snapshot","hermit:Covet","hermit:Feint","downfall:Icky","downfall:Icky","downfall:Icky","Doubt","hermit:Malice","hermit:Cheat","hermit:Grudge","hermit:Determination","hermit:GoldenBullet","hermit:SprayPray","hermit:HeroicBravado"],"relics":["hermit:Momento","Shovel","Blood Vial","hubris:Icosahedron","Bronze Scales","downfall:HeartBlessingBlue","Strawberry"],"acts_visited":["Exordium"],"potions_floor_usage":[14,16,16,16],"damage_taken":[{"damage":2.0,"enemies":"2 Louse","floor":2.0,"turns":3.0},{"damage":14.0,"enemies":"Jaw Worm","floor":6.0,"turns":5.0},{"damage":0.0,"enemies":"Cultist","floor":8.0,"turns":3.0},{"damage":35.0,"enemies":"Gremlin Nob","floor":9.0,"turns":5.0},{"damage":2.0,"enemies":"Blue Slaver","floor":10.0,"turns":3.0},{"damage":8.0,"enemies":"Lots of Slimes","floor":12.0,"turns":3.0},{"damage":45,"enemies":"Lagavulin","floor":14,"turns":9},{"damage":21,"enemies":"Large Slime","floor":15,"turns":6},{"damage":1,"enemies":"IC_STATUS_ARCHETYPE","floor":16,"turns":4}],"seed_played":"-3569943570852140182","potions_obtained":[{"floor":6.0,"key":"EntropicBrew"},{"floor":10.0,"key":"Guardian:BlockOnCardUsePotion"},{"floor":15,"key":"SkillPotion"}],"is_trial":false,"path_per_floor":["R","M","?","?","?","M","T","M","E","M","R","M","R","E","M","B"],"character_chosen":"HERMIT","items_purchased":[],"campfire_rested":2,"item_purchase_floors":[],"current_hp_per_floor":[54,54,54,54,54,42,42,44,11,11,33,27,62,26,7,8,8],"gold":850,"neow_bonus":"ONE_RARE_RELIC","is_daily":false,"chose_seed":false,"campfire_upgraded":0,"win_rate":0.0,"timestamp":1611185875,"path_taken":["R","M","?","?","?","M","T","M","E","M","R","?","R","E","M","BOSS"],"items_purchased_type":[],"build_version":"2020-12-22","purchased_purges":0,"victory":false,"max_hp_per_floor":[75,75,75,75,75,75,75,75,75,75,75,75,85,92,92,92,92],"card_choices":[{"not_picked":["hermit:Coalescence","hermit:Deadeye"],"picked":"hermit:Feint","floor":2.0},{"not_picked":["hermit:HighCaliber","hermit:BodyArmor"],"picked":"hermit:Malice","floor":6.0},{"not_picked":["hermit:Scavenge","hermit:Feint"],"picked":"hermit:Cheat","floor":8.0},{"not_picked":["hermit:TakeAim","hermit:Combo"],"picked":"hermit:Grudge","floor":9.0},{"not_picked":["hermit:TrackingShot","hermit:Maintenance"],"picked":"hermit:Determination","floor":10.0},{"not_picked":["hermit:LoneWolf","hermit:Headshot"],"picked":"hermit:GoldenBullet","floor":12.0},{"not_picked":["hermit:GoldenBullet","hermit:Combo"],"picked":"hermit:SprayPray","floor":14},{"not_picked":["hermit:Misfire","hermit:HighCaliber"],"picked":"hermit:HeroicBravado","floor":15}],"player_experience":1271210,"relics_obtained":[{"floor":1.0,"key":"Blood Vial"},{"floor":9.0,"key":"Bronze Scales"},{"floor":14,"key":"Strawberry"}],"event_choices":[],"is_beta":false,"boss_relics":[],"items_purged_floors":[],"is_endless":false,"potions_floor_spawned":[6,8,10,12,15],"killed_by":"IC_STATUS_ARCHETYPE","ascension_level":0}}