{"host":"j05tanvorlbs2t7f","time":1611168149,"event":{"mods":["2.2 Compatiblity","AchievementEnabler","BaseMod","BetterRewards","Card Forge","Colored Powertips","Conspire","Minty Spire (QoL Compilation)","Permanent Neow","Replay The Spire","Shade Mod","StSLib","The Bug Knight","The Construct","The Cursed","The Forsaken","The Hierophant","The Sage","TheHeartMod"],"gold_per_floor":[114,114,17,17,33,63,79,90,167,167,183,195,224,242,242,319,319,334,348,348,368,368,36,69,69,69,69,104,129,161,175,175,252,252,265,21,31,31,56,89,89,124,124,137,168,168,89,119,119,119,119,119,119,38,63,63,63],"floor_reached":56,"language":"POL","playtime":2671,"items_purged":[],"score":2966,"play_id":"0cf3fe40-4d61-4425-aa42-93542ed6ffa3","local_time":"20210120194229","is_ascension_mode":true,"campfire_choices":[{"floor":15.0,"key":"REST"},{"floor":27,"key":"REST"},{"floor":32,"key":"DIG"},{"floor":41,"key":"DIG"},{"floor":49,"key":"RECALL"},{"floor":53,"key":"DIG"}],"circlet_count":0,"master_deck":["AscendersBane","TheCursedMod:Strike_TheCursed","TheCursedMod:Strike_TheCursed","TheCursedMod:Strike_TheCursed","TheCursedMod:Strike_TheCursed","TheCursedMod:Defend_TheCursed","TheCursedMod:Defend_TheCursed","TheCursedMod:Defend_TheCursed","TheCursedMod:Defend_TheCursed","TheCursedMod:CursedWand","TheCursedMod:CleanUpWorkshop","TheCursedMod:Dregs","TheCursedMod:HellfireBreathing","TheCursedMod:Hemoplague","TheCursedMod:HellfireBreathing+1","TheCursedMod:CursedAmulet","TheCursedMod:SmokeScreen","TheCursedMod:Stigma","TheCursedMod:SpitefulPlan","ReplayUltimateDefense","Panache","TheCursedMod:Hemoplague","TheCursedMod:StingEye","TheCursedMod:Torture","TheCursedMod:VitalStrike+1","TheCursedMod:SurpriseAttack+1","TheCursedMod:WearCloak","TheCursedMod:SurpriseAttack","TheCursedMod:FleshFromBone","TheCursedMod:Obscuration","TheCursedMod:StingEye","TheCursedMod:CursedRelics","TheCursedMod:SurpriseAttack+1","TheCursedMod:DoubleShield","TheCursedMod:CursedAmulet","TheCursedMod:Mangle","TheCursedMod:SaltUponWound","TheCursedMod:LuckyCharm+1","TheCursedMod:HellsGateOpen+1","TheCursedMod:VoidForm","TheCursedMod:RapidMovement+1","TheCursedMod:Hemoplague","TheCursedMod:CursedShiv+1","Pot Of Greed","Pot Of Greed","Pot Of Greed","Pot Of Greed","TheCursedMod:CursedRelics","TheCursedMod:SurpriseAttack","TheCursedMod:HellfireBreathing","TheCursedMod:VoidForm+1","TheCursedMod:CollectTribute+1","Pot Of Greed"],"relics":["TheCursedMod:BlackMagicAdvanced","Hammer of Thor","Seething Fire","Anvil of the Gods","Onion Ring","TheCursedMod:Tack","sagemod:Blowpipe","Shovel","ReplayTheSpireMod:ShopPack","HollowMod:LifeEnderRelic","conspire:TopHat","Ice Cream","Vajra","Du-Vu Doll","Toy Ornithopter","Divine Protection","Tiny Chest","Black Star","Turnip","Replay:Accelerometer","StrikeDummy","Enchiridion","Iron Hammer","Mirror","Omamori","Bag of Preparation","Gremlin Food","Unceasing Top","HandDrill","Orichalcum","Replay:WaspNest","construct:FoamFinger","Strawberry","Grinning Jar","Pear","Gremlin Horn","Replay:Multitool","TheCursedMod:MagicCandle","theForsaken:PlagueMask","Golden Egg","HollowMod:PaleOreRelic","Blue Candle","Whetstone","Replay:Wax Seal"],"acts_visited":["Exordium","TheCity","TheBeyond","TheEnding"],"potions_floor_usage":[56],"damage_taken":[{"damage":0.0,"enemies":"Small Slimes","floor":1.0,"turns":3.0},{"damage":0.0,"enemies":"conspire:RoseBush","floor":5.0,"turns":4.0},{"damage":15.0,"enemies":"3 Sentries","floor":6.0,"turns":4.0},{"damage":0.0,"enemies":"Cultist","floor":7.0,"turns":2.0},{"damage":13.0,"enemies":"Exordium Wildlife","floor":8.0,"turns":4.0},{"damage":0.0,"enemies":"Blue Slaver","floor":11.0,"turns":1.0},{"damage":0.0,"enemies":"3 Louse","floor":12.0,"turns":1.0},{"damage":5.0,"enemies":"Replay:BlueRogue","floor":13.0,"turns":4.0},{"damage":0.0,"enemies":"Looter","floor":14.0,"turns":1.0},{"damage":18.0,"enemies":"The Guardian","floor":16.0,"turns":7.0},{"damage":0,"enemies":"Spheric Guardian","floor":18,"turns":1},{"damage":0,"enemies":"3 Byrds","floor":19,"turns":3},{"damage":12,"enemies":"Shelled Parasite and Fungi","floor":21,"turns":4},{"damage":1,"enemies":"HollowMod:Nosk","floor":24,"turns":7},{"damage":18,"enemies":"Slavers","floor":28,"turns":4},{"damage":0,"enemies":"HollowMod:Nosk","floor":30,"turns":6},{"damage":0,"enemies":"Snecko","floor":31,"turns":1},{"damage":3,"enemies":"conspire:MysteriousRune","floor":33,"turns":7},{"damage":0,"enemies":"3 Shapes","floor":35,"turns":3},{"damage":7,"enemies":"3 Darklings","floor":37,"turns":5},{"damage":25,"enemies":"R_Hoarder","floor":40,"turns":6},{"damage":0,"enemies":"Nemesis","floor":42,"turns":3},{"damage":0,"enemies":"4 Shapes","floor":44,"turns":1},{"damage":0,"enemies":"Reptomancer","floor":45,"turns":1},{"damage":0,"enemies":"R_Hoarder","floor":48,"turns":6},{"damage":45,"enemies":"Time Eater","floor":50,"turns":6},{"damage":98,"enemies":"conspire:OrnateMirror","floor":51,"turns":6},{"damage":50,"enemies":"Shield and Spear","floor":55,"turns":5},{"damage":28,"enemies":"The Heart","floor":56,"turns":2}],"seed_played":"5578867446146428317","potions_obtained":[{"floor":1.0,"key":"sagemod:Wine"},{"floor":4.0,"key":"Regen Potion"},{"floor":7.0,"key":"Weak Potion"},{"floor":12.0,"key":"Block Potion"},{"floor":13.0,"key":"FairyPotion"},{"floor":55,"key":"SkillPotion"}],"is_trial":false,"path_per_floor":["M","?","$","?","M","E","M","M","T","?","M","M","E","M","R","B",null,"M","M","?","M","?","$","E","?","T","R","E","T","E","M","R","B",null,"M","$","M","?","T","E","R","E","T","M","E","?","$","E","R","B","B",null,"R","$","E","B"],"character_chosen":"THE_CURSED","items_purchased":["Onion Ring","TheCursedMod:Tack","TheCursedMod:HellfireBreathing","ReplayTheSpireMod:ShopPack","TheCursedMod:Hemoplague","TheCursedMod:HellfireBreathing+1","HollowMod:LifeEnderRelic","conspire:TopHat","FairyPotion","Vajra","TheCursedMod:CursedAmulet","TheCursedMod:SmokeScreen","TheCursedMod:Stigma","TheCursedMod:SpitefulPlan","TheCursedMod:StingEye","TheCursedMod:Torture","Turnip","HandDrill","TheCursedMod:Hemoplague","TheCursedMod:HellfireBreathing","Energy Potion"],"campfire_rested":2,"item_purchase_floors":[0,0,0,0,0,0,0,0,0,0,0,0,0,0,3,3,23,36,36,47,54],"current_hp_per_floor":[22,22,22,22,36,21,21,13,13,13,13,13,8,8,29,11,56,56,56,52,40,40,40,39,18,18,39,21,21,21,21,21,18,58,58,58,51,65,65,40,47,57,57,57,57,57,57,57,57,12,13,69,69,69,19,0,0],"gold":63,"neow_bonus":"","is_daily":false,"chose_seed":false,"campfire_upgraded":0,"win_rate":0.0,"timestamp":1611168149,"path_taken":["M","?","$","?","?","E","M","M","T","?","M","M","E","M","R","BOSS","M","M","?","M","?","$","E","?","T","R","E","?","E","M","R","BOSS","M","?","?","?","?","E","R","E","T","M","E","?","$","E","R","BOSS","BOSS","R","$","E","BOSS"],"items_purchased_type":["Relic","Relic","Card","Relic","Card","Card","Relic","Relic","Potion","Relic","Card","Card","Card","Card","Card","Card","Relic","Relic","Card","Card","Potion"],"build_version":"2020-12-22","purchased_purges":0,"victory":false,"max_hp_per_floor":[71,71,71,71,71,71,71,71,71,71,71,71,71,71,71,71,71,71,71,71,71,71,71,71,71,71,71,71,71,71,71,71,71,71,71,71,71,71,71,71,78,88,88,88,88,88,88,88,88,88,88,88,88,88,88,88,88],"card_choices":[{"not_picked":["Panache","conspire:Banana"],"picked":"ReplayUltimateDefense","floor":0.0},{"not_picked":["Chrysalis","Sadistic Nature"],"picked":"Panache","floor":0.0},{"not_picked":["TheCursedMod:WearCloak","TheCursedMod:TacticalStrike"],"picked":"TheCursedMod:Hemoplague","floor":1.0},{"not_picked":["TheCursedMod:FleshFromBone","TheCursedMod:OutForBlood"],"picked":"TheCursedMod:VitalStrike","floor":5.0},{"not_picked":["TheCursedMod:FuryStrike","TheCursedMod:BlessingInDisguise"],"picked":"TheCursedMod:SurpriseAttack","floor":6.0},{"not_picked":["TheCursedMod:Torture","TheCursedMod:CursedShiv"],"picked":"TheCursedMod:WearCloak","floor":7.0},{"not_picked":["TheCursedMod:CursedArmor","TheCursedMod:Wield"],"picked":"TheCursedMod:SurpriseAttack","floor":8.0},{"not_picked":["TheCursedMod:AntiAging","TheCursedMod:ManaBullet"],"picked":"TheCursedMod:FleshFromBone","floor":11.0},{"not_picked":["TheCursedMod:SmokeScreen","TheCursedMod:Evocation"],"picked":"TheCursedMod:Obscuration","floor":12.0},{"not_picked":["TheCursedMod:Evocation","TheCursedMod:BlessingInDisguise","TheCursedMod:AshesToAshes"],"picked":"SKIP","floor":13.0},{"not_picked":["TheCursedMod:Torture","TheCursedMod:CursedBlade"],"picked":"TheCursedMod:StingEye","floor":14.0},{"not_picked":["TheCursedMod:VoidForm","TheCursedMod:OutForBlood"],"picked":"TheCursedMod:CursedRelics","floor":16.0},{"not_picked":["TheCursedMod:RapidMovement","TheCursedMod:Obscuration"],"picked":"TheCursedMod:SurpriseAttack+1","floor":18},{"not_picked":["TheCursedMod:CursedSpellbook","TheCursedMod:RavingStaff"],"picked":"TheCursedMod:DoubleShield","floor":19},{"not_picked":["TheCursedMod:SurpriseAttack","TheCursedMod:SmokeScreen"],"picked":"TheCursedMod:CursedAmulet","floor":21},{"not_picked":["TheCursedMod:Wield","TheCursedMod:Stigma"],"picked":"TheCursedMod:Mangle","floor":24},{"not_picked":["TheCursedMod:Torture","TheCursedMod:CursedArmor"],"picked":"TheCursedMod:SaltUponWound","floor":28},{"not_picked":["TheCursedMod:FuryStrike","TheCursedMod:TroublousMinions"],"picked":"TheCursedMod:LuckyCharm+1","floor":30},{"not_picked":["TheCursedMod:CircleOfFlame","TheCursedMod:BlessingInDisguise"],"picked":"TheCursedMod:HellsGateOpen+1","floor":31},{"not_picked":["TheCursedMod:DemonicPact","TheCursedMod:ForbiddenAlchemy"],"picked":"TheCursedMod:VoidForm","floor":33},{"not_picked":["TheCursedMod:Wield","TheCursedMod:CursedBoomerang"],"picked":"TheCursedMod:RapidMovement+1","floor":35},{"not_picked":["TheCursedMod:FleshFromBone+1","TheCursedMod:CircleOfFlame","TheCursedMod:ReleasedStrength+1"],"picked":"SKIP","floor":37},{"not_picked":["TheCursedMod:Stigma+1","TheCursedMod:CircleOfCorruption+1"],"picked":"TheCursedMod:CursedShiv+1","floor":40},{"not_picked":["TheCursedMod:Torture+1","TheCursedMod:DemonSword"],"picked":"TheCursedMod:CursedRelics","floor":42},{"not_picked":["TheCursedMod:Stigma","TheCursedMod:Obscuration"],"picked":"TheCursedMod:SurpriseAttack","floor":44},{"not_picked":["TheCursedMod:CursedSpellbook","TheCursedMod:ParallelWorld","TheCursedMod:SoulCrush"],"picked":"SKIP","floor":45},{"not_picked":["TheCursedMod:Stretching","TheCursedMod:ReleasedStrength"],"picked":"TheCursedMod:VoidForm","floor":48},{"not_picked":["TheCursedMod:CursedShiv","TheCursedMod:StingEye+1"],"picked":"TheCursedMod:CollectTribute","floor":55}],"player_experience":443225,"relics_obtained":[{"floor":6.0,"key":"Toy Ornithopter"},{"floor":9.0,"key":"Divine Protection"},{"floor":13.0,"key":"Tiny Chest"},{"floor":24,"key":"Replay:Accelerometer"},{"floor":24,"key":"StrikeDummy"},{"floor":25,"key":"Enchiridion"},{"floor":28,"key":"Iron Hammer"},{"floor":28,"key":"Mirror"},{"floor":29,"key":"Omamori"},{"floor":30,"key":"Bag of Preparation"},{"floor":30,"key":"Gremlin Food"},{"floor":32,"key":"Unceasing Top"},{"floor":39,"key":"Orichalcum"},{"floor":40,"key":"Replay:WaspNest"},{"floor":40,"key":"construct:FoamFinger"},{"floor":41,"key":"Strawberry"},{"floor":42,"key":"Grinning Jar"},{"floor":42,"key":"Pear"},{"floor":43,"key":"Gremlin Horn"},{"floor":45,"key":"Replay:Multitool"},{"floor":45,"key":"TheCursedMod:MagicCandle"},{"floor":48,"key":"Golden Egg"},{"floor":48,"key":"HollowMod:PaleOreRelic"},{"floor":53,"key":"Blue Candle"},{"floor":55,"key":"Whetstone"},{"floor":55,"key":"Replay:Wax Seal"}],"event_choices":[{"damage_healed":0.0,"max_hp_gain":0.0,"max_hp_loss":0.0,"gold_gain":0.0,"event_name":"conspire:LoneGhost","player_choice":"Disagree","floor":2.0,"gold_loss":0.0,"damage_taken":0.0},{"damage_healed":0.0,"max_hp_gain":0.0,"max_hp_loss":0.0,"gold_gain":0.0,"event_name":"Lab","player_choice":"Got Potions","floor":4.0,"gold_loss":0.0,"damage_taken":0.0},{"damage_healed":0.0,"max_hp_gain":0.0,"max_hp_loss":0.0,"gold_gain":0.0,"event_name":"Shining Light","player_choice":"Ignored","floor":10.0,"gold_loss":0.0,"damage_taken":0.0},{"damage_healed":0,"gold_gain":0,"player_choice":"Leave","damage_taken":0,"max_hp_gain":0,"max_hp_loss":0,"event_name":"conspire:Investor","floor":20,"gold_loss":0},{"damage_healed":0,"gold_gain":0,"player_choice":"Ignored","damage_taken":0,"max_hp_gain":0,"max_hp_loss":0,"event_name":"Ghosts","floor":22,"gold_loss":0},{"damage_healed":0,"gold_gain":0,"player_choice":"Obtained Book","damage_taken":21,"max_hp_gain":0,"max_hp_loss":0,"event_name":"Cursed Tome","floor":25,"gold_loss":0},{"damage_healed":14,"gold_gain":0,"player_choice":"Writhe","damage_taken":0,"max_hp_gain":0,"max_hp_loss":0,"event_name":"Winding Halls","floor":38,"gold_loss":0,"cards_obtained":["Writhe"]},{"damage_healed":0,"gold_gain":0,"player_choice":"Obtain Plague Curse","damage_taken":0,"max_hp_gain":0,"max_hp_loss":0,"event_name":"Plague Doctor","floor":46,"gold_loss":0,"cards_obtained":["theForsaken:PlagueCurse"]}],"is_beta":false,"boss_relics":[{"not_picked":["Ring of Chaos","ReplayTheSpireMod:DimensionalGlitch"],"picked":"Black Star"},{"not_picked":["Runic Pyramid","Replay:Drink Me"],"picked":"TheCursedMod:BlackMagicAdvanced"}],"items_purged_floors":[],"is_endless":false,"potions_floor_spawned":[1,7,12,13,21,28,33,40,45,55],"killed_by":"The Heart","ascension_level":20}}