{"host":"1wcl05nc8w84pbwq","time":1611146784,"event":{"mods":["AchievementEnabler","BaseMod","Minty Spire (QoL Compilation)","Rare Cards Sparkle","StSLib","Unceasing Turn Reminder","everything is the same but u backflip on backflip"],"gold_per_floor":[109,129,129,141,154,154,179,179,179,212,212,244,254,274,274,372,372,384,14,14,25,25,25,53,68,68,68,98,29,29,54,54,149,149,160,177,190,190,137,137,168,182,233,247,279,279,312,15,15,15],"floor_reached":51,"language":"ENG","playtime":3454,"items_purged":["Strike_G"],"score":1366,"play_id":"4992f48b-db30-49e3-aff7-2e059d013dc5","local_time":"20210120064624","is_ascension_mode":true,"campfire_choices":[{"data":"A Thousand Cuts","floor":6,"key":"SMITH"},{"floor":8,"key":"REST"},{"floor":11,"key":"REST"},{"data":"Prepared","floor":15,"key":"SMITH"},{"data":"Envenom","floor":23,"key":"SMITH"},{"data":"Blade Dance","floor":27,"key":"SMITH"},{"data":"Accuracy","floor":30,"key":"SMITH"},{"data":"Noxious Fumes","floor":32,"key":"SMITH"},{"floor":40,"key":"REST"},{"floor":46,"key":"REST"},{"floor":49,"key":"REST"}],"circlet_count":0,"master_deck":["AscendersBane","Strike_G","Strike_G","Strike_G","Defend_G","Defend_G","Defend_G","Defend_G","Defend_G","Survivor+1","Neutralize","A Thousand Cuts+1","Prepared+1","Blade Dance+1","Expertise","PiercingWail+1","Venomology+1","Crippling Poison+1","Deadly Poison+1","Cloak And Dagger+1","Envenom+1","CurseOfTheBell","Sucker Punch+1","Terror+1","Accuracy+1","Noxious Fumes+1","Glass Knife","Dagger Spray","Finisher","Madness+1","Madness+1","PiercingWail+1"],"relics":["Ring of the Snake","Toxic Egg 2","Mummified Hand","Meat on the Bone","Letter Opener","Calling Bell","Orichalcum","Eternal Feather","FossilizedHelix","Sling","Potion Belt","Akabeko","Snake Skull","War Paint","MealTicket","Fusion Hammer","StrikeDummy","Centennial Puzzle","Lantern","Pen Nib","InkBottle","Bag of Marbles","Bronze Scales"],"acts_visited":["Exordium","TheCity","TheBeyond"],"potions_floor_usage":[4,12,12,16,18,24,24,25,25,28,31,33,33,33,37,41,41,44,44,47,50,50,50,50],"damage_taken":[{"damage":7,"enemies":"Small Slimes","floor":1,"turns":6},{"damage":0,"enemies":"Cultist","floor":2,"turns":5},{"damage":0,"enemies":"Jaw Worm","floor":4,"turns":3},{"damage":9,"enemies":"3 Louse","floor":5,"turns":4},{"damage":34,"enemies":"Gremlin Nob","floor":7,"turns":5},{"damage":19,"enemies":"3 Sentries","floor":10,"turns":6},{"damage":22,"enemies":"Lagavulin","floor":12,"turns":6},{"damage":10,"enemies":"Blue Slaver","floor":13,"turns":4},{"damage":0,"enemies":"Lots of Slimes","floor":14,"turns":2},{"damage":13,"enemies":"Slime Boss","floor":16,"turns":7},{"damage":0,"enemies":"Spheric Guardian","floor":18,"turns":3},{"damage":0,"enemies":"Chosen","floor":21,"turns":4},{"damage":6,"enemies":"Slavers","floor":24,"turns":4},{"damage":13,"enemies":"Snecko","floor":25,"turns":5},{"damage":0,"enemies":"Book of Stabbing","floor":28,"turns":3},{"damage":0,"enemies":"Gremlin Leader","floor":31,"turns":4},{"damage":11,"enemies":"Collector","floor":33,"turns":6},{"damage":9,"enemies":"3 Darklings","floor":35,"turns":3},{"damage":0,"enemies":"Orb Walker","floor":36,"turns":2},{"damage":9,"enemies":"3 Darklings","floor":37,"turns":4},{"damage":9,"enemies":"Giant Head","floor":41,"turns":6},{"damage":9,"enemies":"Jaw Worm Horde","floor":42,"turns":3},{"damage":8,"enemies":"Writhing Mass","floor":44,"turns":4},{"damage":9,"enemies":"Reptomancer","floor":45,"turns":4},{"damage":0,"enemies":"Giant Head","floor":47,"turns":6},{"damage":44,"enemies":"Awakened One","floor":50,"turns":8}],"seed_played":"2960193258012716091","potions_obtained":[{"floor":1,"key":"Block Potion"},{"floor":12,"key":"BlessingOfTheForge"},{"floor":31,"key":"Dexterity Potion"},{"floor":36,"key":"CultistPotion"},{"floor":45,"key":"AttackPotion"},{"floor":47,"key":"PowerPotion"}],"is_trial":false,"path_per_floor":["M","M","?","M","M","R","E","R","T","E","R","E","M","M","R","B",null,"M","$","?","M","?","R","E","M","T","R","E","$","R","E","R","B",null,"M","M","M","?","?","R","E","M","T","M","E","R","E","$","R","B",null],"character_chosen":"THE_SILENT","items_purchased":["Sling","Potion Belt","Accuracy","Bag of Marbles","Bronze Scales"],"campfire_rested":5,"item_purchase_floors":[19,19,29,48,48],"current_hp_per_floor":[56,56,56,56,47,47,13,34,34,15,36,26,28,40,40,39,62,62,62,62,62,49,61,55,42,42,54,54,54,69,69,75,64,72,63,63,54,45,45,75,66,57,57,49,40,75,75,75,75,43],"gold":15,"neow_bonus":"ONE_RANDOM_RARE_CARD","is_daily":false,"chose_seed":false,"campfire_upgraded":6,"win_rate":0.0,"timestamp":1611146784,"path_taken":["M","M","?","M","M","R","E","R","T","E","R","E","M","?","R","BOSS","M","$","?","M","?","R","E","M","T","R","E","$","R","E","R","BOSS","M","M","M","?","?","R","E","M","T","?","E","R","E","$","R","BOSS"],"items_purchased_type":["Relic","Relic","Card","Relic","Relic"],"build_version":"2020-12-22","purchased_purges":1,"victory":true,"max_hp_per_floor":[70,70,70,70,70,70,70,70,70,70,70,70,70,70,70,70,70,70,70,70,70,75,75,75,75,75,75,75,75,75,75,75,75,75,75,75,75,75,75,75,75,75,75,75,75,75,75,75,75,75],"card_choices":[{"not_picked":["Riddle With Holes","Underhanded Strike"],"picked":"Prepared","floor":1},{"not_picked":["Outmaneuver","Choke"],"picked":"Blade Dance","floor":2},{"not_picked":["Blade Dance","Expertise"],"picked":"PiercingWail","floor":4},{"not_picked":["Blade Dance","Dodge and Roll","Tactician"],"picked":"SKIP","floor":5},{"not_picked":["Dodge and Roll+1","Choke"],"picked":"Venomology+1","floor":7},{"not_picked":["Night Terror+1","Flying Knee"],"picked":"Crippling Poison+1","floor":10},{"not_picked":["Endless Agony","Outmaneuver+1"],"picked":"Deadly Poison+1","floor":12},{"not_picked":["Dagger Spray","Wraith Form v2"],"picked":"Cloak And Dagger+1","floor":13},{"not_picked":["Cloak And Dagger+1","Underhanded Strike","Reflex+1"],"picked":"SKIP","floor":14},{"not_picked":["Storm of Steel+1","Malaise+1"],"picked":"Envenom","floor":16},{"not_picked":["PiercingWail+1","Poisoned Stab","Skewer"],"picked":"SKIP","floor":18},{"not_picked":["Caltrops","Quick Slash","Calculated Gamble+1"],"picked":"SKIP","floor":21},{"not_picked":["Dagger Throw","Calculated Gamble+1","Masterful Stab"],"picked":"SKIP","floor":24},{"not_picked":["Reflex+1","Eviscerate"],"picked":"Sucker Punch+1","floor":25},{"not_picked":["Well Laid Plans","Acrobatics+1"],"picked":"Terror+1","floor":28},{"not_picked":["Catalyst+1","Poisoned Stab"],"picked":"Noxious Fumes","floor":31},{"not_picked":["Night Terror+1","Doppelganger+1"],"picked":"Glass Knife","floor":33},{"not_picked":["Cloak And Dagger+1","Dash+1","Calculated Gamble+1"],"picked":"SKIP","floor":35},{"not_picked":["Acrobatics+1","Cloak And Dagger+1"],"picked":"Dagger Spray","floor":36},{"not_picked":["Dagger Throw+1","Blade Dance+1"],"picked":"Finisher","floor":37},{"not_picked":["Deflect+1","Setup+1","Prepared+1"],"picked":"SKIP","floor":41},{"not_picked":["Storm of Steel+1","Deadly Poison+1","Dagger Spray"],"picked":"SKIP","floor":42},{"not_picked":["Acrobatics+1","Backflip+1","PiercingWail+1"],"picked":"SKIP","floor":44},{"not_picked":["Predator","Underhanded Strike+1"],"picked":"PiercingWail+1","floor":45},{"not_picked":["Skewer","Masterful Stab+1","Predator"],"picked":"SKIP","floor":47}],"player_experience":388849,"relics_obtained":[{"floor":7,"key":"Toxic Egg 2"},{"floor":9,"key":"Mummified Hand"},{"floor":10,"key":"Meat on the Bone"},{"floor":12,"key":"Letter Opener"},{"floor":17,"key":"Orichalcum"},{"floor":17,"key":"Eternal Feather"},{"floor":17,"key":"FossilizedHelix"},{"floor":24,"key":"Akabeko"},{"floor":26,"key":"Snake Skull"},{"floor":28,"key":"War Paint"},{"floor":31,"key":"MealTicket"},{"floor":41,"key":"Centennial Puzzle"},{"floor":43,"key":"Lantern"},{"floor":45,"key":"Pen Nib"},{"floor":47,"key":"InkBottle"}],"event_choices":[{"damage_healed":0,"gold_gain":0,"cards_transformed":["Strike_G"],"player_choice":"Transformed","damage_taken":0,"max_hp_gain":0,"max_hp_loss":0,"event_name":"Transmorgrifier","floor":3,"gold_loss":0,"cards_obtained":["Expertise"]},{"damage_healed":0,"gold_gain":0,"player_choice":"Shed Blood","damage_taken":18,"max_hp_gain":5,"max_hp_loss":0,"event_name":"Forgotten Altar","floor":22,"gold_loss":0},{"damage_healed":0,"gold_gain":0,"player_choice":"Embrace Madness","damage_taken":9,"max_hp_gain":0,"max_hp_loss":0,"event_name":"Winding Halls","floor":38,"gold_loss":0,"cards_obtained":["Madness","Madness"]},{"damage_healed":0,"gold_gain":0,"player_choice":"Paid Gold","damage_taken":0,"relics_obtained":["StrikeDummy"],"max_hp_gain":0,"max_hp_loss":0,"event_name":"WeMeetAgain","floor":39,"gold_loss":53}],"is_beta":false,"boss_relics":[{"not_picked":["SlaversCollar","Snecko Eye"],"picked":"Calling Bell"},{"not_picked":["Astrolabe","Sozu"],"picked":"Fusion Hammer"}],"items_purged_floors":[19],"is_endless":false,"potions_floor_spawned":[1,12,14,16,18,31,36,45,47],"ascension_level":12}}