{"host":"f6f8cjhjgha9mpdq","time":1611148474,"event":{"mods":["BaseMod","Minty Spire (QoL Compilation)","Permanent Neow","StSLib","SuperFastMode"],"gold_per_floor":[119,119,131,141,153,153,178,178,178,188,188,203,220,231,231,310,310,329,177,177,187,197,197,232,232,282,297,314,340,390,370,370,370,370],"floor_reached":33,"language":"KOR","playtime":1387,"items_purged":["Strike_B"],"score":548,"play_id":"c59e376f-3b0c-4efc-8a95-a0a7d0807121","local_time":"20210120221434","is_ascension_mode":true,"campfire_choices":[{"data":"Dualcast","floor":6.0,"key":"SMITH"},{"data":"Double Energy","floor":15.0,"key":"SMITH"},{"data":"Coolheaded","floor":23.0,"key":"SMITH"},{"data":"Capacitor","floor":25.0,"key":"SMITH"},{"floor":32.0,"key":"REST"}],"circlet_count":0,"master_deck":["AscendersBane","Defend_B","Defend_B","Defend_B","Defend_B","Zap+1","Dualcast+1","Coolheaded+1","Ball Lightning","Melter","Double Energy+1","BootSequence","Capacitor+1","Machine Learning","Conserve Battery","Compile Driver","Meteor Strike","Leap"],"relics":["Cracked Core","Bag of Preparation","Pear","Letter Opener","Nuclear Battery","Bag of Marbles","PreservedInsect","Red Mask"],"acts_visited":["Exordium","TheCity"],"potions_floor_usage":[33],"damage_taken":[{"damage":7.0,"enemies":"Small Slimes","floor":1.0,"turns":3.0},{"damage":0.0,"enemies":"Cultist","floor":3.0,"turns":3.0},{"damage":4.0,"enemies":"2 Louse","floor":4.0,"turns":2.0},{"damage":0.0,"enemies":"Large Slime","floor":5.0,"turns":4.0},{"damage":0.0,"enemies":"Gremlin Nob","floor":7.0,"turns":2.0},{"damage":8.0,"enemies":"Exordium Thugs","floor":10.0,"turns":3.0},{"damage":0.0,"enemies":"2 Fungi Beasts","floor":12.0,"turns":2.0},{"damage":9.0,"enemies":"Large Slime","floor":13.0,"turns":4.0},{"damage":4.0,"enemies":"Red Slaver","floor":14.0,"turns":3.0},{"damage":19.0,"enemies":"Slime Boss","floor":16.0,"turns":7.0},{"damage":25.0,"enemies":"Chosen","floor":18.0,"turns":5.0},{"damage":0.0,"enemies":"Spheric Guardian","floor":21.0,"turns":2.0},{"damage":3.0,"enemies":"3 Cultists","floor":22.0,"turns":5.0},{"damage":8.0,"enemies":"Book of Stabbing","floor":24.0,"turns":6.0},{"damage":24.0,"enemies":"Shelled Parasite and Fungi","floor":27.0,"turns":4.0},{"damage":0.0,"enemies":"Snecko","floor":28.0,"turns":5.0},{"damage":2.0,"enemies":"Masked Bandits","floor":29.0,"turns":3.0},{"damage":35,"enemies":"Champ","floor":33,"turns":5}],"seed_played":"-4722511789455426979","potions_obtained":[{"floor":4.0,"key":"GamblersBrew"},{"floor":5.0,"key":"FocusPotion"},{"floor":13.0,"key":"SteroidPotion"},{"floor":14.0,"key":"Swift Potion"},{"floor":21.0,"key":"Energy Potion"},{"floor":27.0,"key":"LiquidBronze"},{"floor":31.0,"key":"FocusPotion"}],"is_trial":false,"path_per_floor":["M","?","M","M","M","R","E","?","T","M","?","M","M","M","R","B",null,"M","$","?","M","M","R","E","R","T","M","M","?","?","?","R","B"],"character_chosen":"DEFECT","items_purchased":["Capacitor"],"campfire_rested":1,"item_purchase_floors":[19],"current_hp_per_floor":[57,57,57,53,53,53,63,68,68,60,60,60,51,47,47,28,72,47,47,47,47,44,44,36,36,36,12,12,10,10,10,35,0,0],"gold":370,"neow_bonus":"UPGRADE_CARD","is_daily":false,"chose_seed":false,"campfire_upgraded":4,"win_rate":0.0,"timestamp":1611148474,"path_taken":["M","?","M","M","?","R","E","?","T","M","?","M","M","?","R","BOSS","M","$","?","M","M","R","E","R","T","M","M","?","?","?","R","BOSS"],"items_purchased_type":["Card"],"build_version":"2020-12-22","purchased_purges":1,"victory":false,"max_hp_per_floor":[71,71,71,71,71,71,81,86,86,86,86,86,86,86,86,86,86,86,86,86,86,86,86,86,86,86,86,86,86,86,86,86,86,86],"card_choices":[{"not_picked":["Steam","Turbo"],"picked":"Conserve Battery","floor":1.0},{"not_picked":["Streamline","Hologram"],"picked":"Coolheaded","floor":3.0},{"not_picked":["Capacitor","Redo"],"picked":"Ball Lightning","floor":4.0},{"not_picked":["Go for the Eyes","Consume","Ball Lightning"],"picked":"SKIP","floor":5.0},{"not_picked":["Redo","Gash","Rainbow"],"picked":"SKIP","floor":7.0},{"not_picked":["Sweeping Beam","Barrage","Reprogram"],"picked":"SKIP","floor":10.0},{"not_picked":["Redo","Darkness"],"picked":"Double Energy","floor":12.0},{"not_picked":["Auto Shields","Cold Snap","Streamline"],"picked":"SKIP","floor":13.0},{"not_picked":["Aggregate","Hologram"],"picked":"BootSequence","floor":14.0},{"not_picked":["Gash+1","Rebound","Cold Snap"],"picked":"SKIP","floor":18.0},{"not_picked":["Darkness+1","Hello World","Turbo"],"picked":"SKIP","floor":21.0},{"not_picked":["Compile Driver","Conserve Battery","Loop"],"picked":"SKIP","floor":22.0},{"not_picked":["Conserve Battery","Loop"],"picked":"Compile Driver","floor":22.0},{"not_picked":["Doom and Gloom","Rebound","Gash+1"],"picked":"SKIP","floor":24.0},{"not_picked":["Rebound","Gash","Redo"],"picked":"SKIP","floor":27.0},{"not_picked":["Streamline","Turbo"],"picked":"Meteor Strike","floor":28.0},{"not_picked":["Ball Lightning","Gash"],"picked":"Leap","floor":29.0}],"player_experience":581372,"relics_obtained":[{"floor":7.0,"key":"Pear"},{"floor":9.0,"key":"Letter Opener"},{"floor":24.0,"key":"Bag of Marbles"},{"floor":26.0,"key":"PreservedInsect"},{"floor":29.0,"key":"Red Mask"}],"event_choices":[{"cards_removed":["Conserve Battery"],"damage_healed":0.0,"max_hp_gain":0.0,"max_hp_loss":0.0,"gold_gain":0.0,"event_name":"WeMeetAgain","player_choice":"Gave Card","floor":2.0,"gold_loss":0.0,"damage_taken":0.0,"relics_obtained":["Bag of Preparation"]},{"damage_healed":0.0,"max_hp_gain":5.0,"max_hp_loss":0.0,"gold_gain":0.0,"event_name":"Big Fish","player_choice":"Donut","floor":8.0,"gold_loss":0.0,"damage_taken":0.0},{"damage_healed":0.0,"max_hp_gain":0.0,"max_hp_loss":0.0,"gold_gain":0.0,"cards_transformed":["Strike_B"],"event_name":"Transmorgrifier","player_choice":"Transformed","floor":11.0,"gold_loss":0.0,"damage_taken":0.0,"cards_obtained":["Melter"]},{"damage_healed":0.0,"max_hp_gain":0.0,"max_hp_loss":0.0,"gold_gain":0.0,"cards_transformed":["Strike_B","Strike_B"],"event_name":"Drug Dealer","player_choice":"Became Test Subject","floor":20.0,"gold_loss":0.0,"damage_taken":0.0,"cards_obtained":["Machine Learning","Conserve Battery"]},{"damage_healed":0.0,"max_hp_gain":0.0,"max_hp_loss":0.0,"gold_gain":0.0,"event_name":"Masked Bandits","player_choice":"Fought Bandits","floor":29.0,"gold_loss":0.0,"damage_taken":0.0},{"damage_healed":0.0,"max_hp_gain":0.0,"max_hp_loss":0.0,"gold_gain":50.0,"event_name":"Nest","player_choice":"Stole From Cult","floor":30.0,"gold_loss":0.0,"damage_taken":0.0},{"damage_healed":0.0,"max_hp_gain":0.0,"max_hp_loss":0.0,"gold_gain":0.0,"event_name":"The Woman in Blue","player_choice":"Bought 1 Potion","floor":31.0,"gold_loss":0.0,"damage_taken":0.0}],"is_beta":false,"boss_relics":[{"not_picked":["Ectoplasm","Calling Bell"],"picked":"Nuclear Battery"}],"items_purged_floors":[19],"is_endless":false,"potions_floor_spawned":[4,5,13,14,21,27],"killed_by":"Champ","ascension_level":17}}