{"host":"684z1xpuwaoqmmh1","time":1611142894,"event":{"mods":["BaseMod","Downfall","Hermit","Jorbs\u0027s Wanderer Trilogy","Marisa????????","Minty Spire (QoL Compilation)","Robot Space Explorer","Shade Mod","StSLib","The Bug Knight","The Cursed","The Dragon Tamer","The Hayseed","The Hierophant","The Marked","The Mystic","The Runesmith","The Senshi"],"gold_per_floor":[99,118,129,144,54,73,97,122,122,81,81,113,132,148,159,159,159,159],"floor_reached":16,"language":"ENG","playtime":1358,"items_purged":["bronze:Defend"],"score":139,"play_id":"24021e95-fe30-49f8-8085-ba526768f734","local_time":"20210120134134","is_ascension_mode":false,"campfire_choices":[{"floor":1.0,"key":"RECALL"},{"data":"bronze:Fortify","floor":11,"key":"SMITH"}],"circlet_count":0,"master_deck":["bronze:Strike","bronze:Strike","bronze:Strike","bronze:Strike","bronze:Defend","bronze:Defend","bronze:Defend","bronze:Replicate","bronze:Goto","bronze:Boost","bronze:ClassDefault","bronze:MaxOutput","bronze:Deprecate","bronze:Verify","bronze:Fortify+1","bronze:WhirlingStrike","bronze:Format","bronze:ChildClass","bronze:Repulsor"],"relics":["bronze:BronzeCore","Blood Vial","Regal Pillow","FaceOfCleric","Strawberry"],"acts_visited":["Exordium"],"potions_floor_usage":[8],"damage_taken":[{"damage":0.0,"enemies":"Cultist","floor":2.0,"turns":3.0},{"damage":1.0,"enemies":"Jaw Worm","floor":3.0,"turns":5.0},{"damage":0.0,"enemies":"2 Louse","floor":4.0,"turns":3.0},{"damage":0,"enemies":"downfall:FleeingMerchant","floor":5,"turns":4},{"damage":8,"enemies":"Exordium Thugs","floor":6,"turns":5},{"damage":27,"enemies":"3 Sentries","floor":8,"turns":12},{"damage":0,"enemies":"downfall:FleeingMerchant","floor":10,"turns":4},{"damage":23,"enemies":"HollowMod:MossKnight","floor":12,"turns":7},{"damage":13,"enemies":"Lots of Slimes","floor":13,"turns":5},{"damage":0,"enemies":"2 Fungi Beasts","floor":14,"turns":3},{"damage":2,"enemies":"Large Slime","floor":15,"turns":6},{"damage":35,"enemies":"DF_ARCHETYPE_STREAMLINE","floor":16,"turns":4}],"seed_played":"-5214992331497893724","potions_obtained":[{"floor":3.0,"key":"sneckomod:MuddlingPotion"},{"floor":4.0,"key":"BlessingOfTheForge"},{"floor":8,"key":"Fire Potion"}],"is_trial":false,"path_per_floor":["R","M","M","M","$","M","T","E","?","$","R","E","M","M","M","B"],"character_chosen":"THE_AUTOMATON","items_purchased":["bronze:WhirlingStrike"],"campfire_rested":0,"item_purchase_floors":[10],"current_hp_per_floor":[77,77,76,76,76,68,68,43,43,46,46,33,23,26,27,0,0,0],"gold":159,"neow_bonus":"TEN_PERCENT_HP_BONUS","is_daily":false,"chose_seed":false,"campfire_upgraded":1,"win_rate":0.0,"timestamp":1611142894,"path_taken":["R","M","M","M","$","M","T","E","?","$","R","E","?","M","M","BOSS"],"items_purchased_type":["Card"],"build_version":"2020-12-22","purchased_purges":1,"victory":false,"max_hp_per_floor":[77,77,77,77,77,77,77,77,77,78,78,86,87,88,89,89,89,89],"card_choices":[{"not_picked":["bronze:DelayedGuard","bronze:MaxOutput"],"picked":"bronze:Boost","floor":2.0},{"not_picked":["bronze:NullPointer","bronze:DelayedGuard"],"picked":"bronze:ClassDefault","floor":3.0},{"not_picked":["bronze:Overheat","bronze:BuggyMess"],"picked":"bronze:MaxOutput","floor":4.0},{"not_picked":["bronze:FollowUp","bronze:BitShift"],"picked":"bronze:Deprecate","floor":5},{"not_picked":["bronze:Deprecate","bronze:FollowUp","bronze:Boost"],"picked":"SKIP","floor":6},{"not_picked":["bronze:FineTuning","bronze:Iterate"],"picked":"bronze:Verify","floor":8},{"not_picked":["bronze:DelayedSlice","bronze:DarkDash"],"picked":"bronze:Fortify","floor":10},{"not_picked":["bronze:DarkDash","bronze:Shield","bronze:WhirlingStrike"],"picked":"SKIP","floor":12},{"not_picked":["bronze:FollowUp","bronze:CutThrough"],"picked":"bronze:Format","floor":13},{"not_picked":["bronze:Iterate","bronze:Shield"],"picked":"bronze:ChildClass","floor":14},{"not_picked":["bronze:Philosophize","bronze:WhirlingStrike"],"picked":"bronze:Repulsor","floor":15}],"player_experience":2874974,"relics_obtained":[{"floor":7,"key":"Blood Vial"},{"floor":8,"key":"Regal Pillow"},{"floor":12,"key":"Strawberry"}],"event_choices":[{"damage_healed":0,"gold_gain":0,"player_choice":"Trade","damage_taken":0,"relics_obtained":["FaceOfCleric"],"max_hp_gain":0,"max_hp_loss":0,"event_name":"FaceTrader","floor":9,"gold_loss":0}],"is_beta":false,"boss_relics":[],"items_purged_floors":[5],"is_endless":false,"potions_floor_spawned":[3,4,8],"killed_by":"DF_ARCHETYPE_STREAMLINE","ascension_level":0}}