{"host":"3ui03y3mxa3ndqsx","time":1611147350,"event":{"mods":["Act Like it!","BaseMod","Downfall","Minty Spire (QoL Compilation)","Quick Restart","StSLib","¡¾ÒÅÎï¿¨ÅÆ¡¿REMEMod"],"gold_per_floor":[111,111,129,54,54,86,86,86,113,113,125,140,158,171,171,171,171],"floor_reached":16,"language":"ZHS","playtime":556,"items_purged":["Defend_G"],"score":128,"play_id":"9dd7ace6-c990-4b38-b412-a92d107817ed","local_time":"20210120205550","is_ascension_mode":true,"campfire_choices":[{"data":"Blade Dance","floor":8,"key":"SMITH"},{"floor":10,"key":"REST"},{"floor":15,"key":"REST"}],"circlet_count":0,"master_deck":["Strike_G","Strike_G","Strike_G","Strike_G","Defend_G","Defend_G","Defend_G","Defend_G","Survivor","Neutralize","champ:HeavySlash+1","Blade Dance+1","Blade Dance","Slice"],"relics":["Ring of the Snake","REME_ComplimentaryCards","Ancient Tea Set"],"acts_visited":["Exordium"],"potions_floor_usage":[6,14],"damage_taken":[{"damage":2.0,"enemies":"2 Louse","floor":1.0,"turns":3.0},{"damage":1.0,"enemies":"Jaw Worm","floor":3.0,"turns":3.0},{"damage":50,"enemies":"Lagavulin","floor":6,"turns":7},{"damage":0,"enemies":"Cultist","floor":11,"turns":2},{"damage":2,"enemies":"Exordium Thugs","floor":12,"turns":4},{"damage":3,"enemies":"Looter","floor":13,"turns":2},{"damage":4,"enemies":"2 Fungi Beasts","floor":14,"turns":2},{"damage":72,"enemies":"Hexaghost","floor":16,"turns":9}],"seed_played":"151577257487089094","potions_obtained":[{"floor":1.0,"key":"Regen Potion"},{"floor":11,"key":"AttackPotion"}],"is_trial":false,"path_per_floor":["M","?","M","$","?","E","$","R","T","R","M","M","M","M","R","B"],"character_chosen":"THE_SILENT","items_purchased":[],"campfire_rested":2,"item_purchase_floors":[],"current_hp_per_floor":[75,68,67,67,67,31,31,31,31,54,54,52,49,45,68,0,0],"gold":171,"neow_bonus":"TEN_PERCENT_HP_BONUS","is_daily":false,"chose_seed":false,"campfire_upgraded":1,"win_rate":0.0,"timestamp":1611147350,"path_taken":["M","?","M","$","?","E","$","R","T","R","M","M","M","?","R","BOSS"],"items_purchased_type":[],"build_version":"2020-12-22","purchased_purges":1,"victory":false,"max_hp_per_floor":[77,77,77,77,77,77,77,77,77,77,77,77,77,77,77,77,77],"card_choices":[{"not_picked":["PiercingWail","Deflect"],"picked":"Blade Dance","floor":1.0},{"not_picked":["Dagger Spray","Sucker Punch","Outmaneuver"],"picked":"SKIP","floor":3.0},{"not_picked":["Heel Hook","Finisher","Bane"],"picked":"SKIP","floor":6},{"not_picked":["Dagger Spray","Acrobatics","Riddle With Holes"],"picked":"SKIP","floor":11},{"not_picked":["Blur","Bane","Flying Knee"],"picked":"SKIP","floor":12},{"not_picked":["Wraith Form v2","Masterful Stab"],"picked":"Blade Dance","floor":13},{"not_picked":["Dodge and Roll","Calculated Gamble"],"picked":"Slice","floor":14}],"player_experience":214663,"relics_obtained":[{"floor":6,"key":"Ancient Tea Set"}],"event_choices":[{"cards_removed":["Strike_G"],"damage_healed":0.0,"max_hp_gain":0.0,"max_hp_loss":0.0,"gold_gain":0.0,"event_name":"Golden Wing","player_choice":"Card Removal","floor":2.0,"gold_loss":0.0,"damage_taken":7.0},{"damage_healed":0,"gold_gain":0,"player_choice":"Forge","damage_taken":0,"max_hp_gain":0,"max_hp_loss":0,"event_name":"Accursed Blacksmith","floor":5,"gold_loss":0,"cards_upgraded":["champ:HeavySlash"]}],"is_beta":false,"boss_relics":[],"items_purged_floors":[4],"is_endless":false,"potions_floor_spawned":[1,11],"killed_by":"Hexaghost","ascension_level":5}}